2259 3116
433 143 467 170 10
819 134 975 160 HUDOLFI
995 133 1101 160 REGIS
1121 131 1443 158 CONSTITUTIONES.
1482 131 1555 156 1273.
1591 130 1637 156 Nr.
1651 129 1675 155 4.

428 228 484 256 aut
508 224 570 255 alia
593 233 793 264 quacumque
819 232 859 253 ex
883 231 981 252 causa
1004 231 1063 251 nos
1087 230 1198 250 omncs
1223 230 1279 250 seu
1303 218 1442 260 aliquem
1467 229 1508 249 ex
1533 217 1625 248 nobis
1650 217 1828 258 inpugnare
1852 217 1907 246 aut
1922 214 2064 246 indebite

428 286 606 317 aggravare
641 273 918 316 attemptaverint,
952 272 1157 314 prestacione
1193 270 1297 302 fidelis
1332 270 1456 301 consilii
1491 273 1524 301 et
1558 269 1670 300 auxilii
1699 268 1889 298 alterutrum
1913 267 2063 298 assistere

428 331 585 370 perpetuo
610 330 785 358 teneamur.
825 325 861 355 In
879 335 1012 366 quorum
1037 323 1176 354 omnium
1194 322 1410 354 testimonium
1436 324 1468 353 ct
1484 321 1626 353 debitam
1651 320 1834 351 firmitatem
1859 318 2063 360 presentibus

429 380 544 411 litteris
569 378 675 419 sigilla
698 380 808 408 nostra
831 376 962 417 dignum
987 375 1136 406 duximus
1160 374 1381 416 appendenda.

534 439 652 471 Actum
677 438 853 480 Moguntic,
877 448 960 469 anno
984 436 1115 467 Domini
1138 434 1382 473 MOCLXXIII,
1406 434 1458 466 die
1483 433 1611 475 Agathe
1637 432 1780 474 virginis.

532 593 563 625 4.
593 593 702 626 UNIO
725 590 1093 626 ARGHIEPJSGOPJ
1118 588 1423 623 GOLONIENSIS
1443 588 1508 619 ET
1530 588 1719 620 COMITIS
1740 586 1969 619 PALATINI

843 644 910 676 DE
931 643 1133 676 AUXILIO
1156 642 1247 673 PRA
1256 640 1474 673 ESTANDO.
1520 640 1583 671 Iul.
1604 642 1652 671 10.

533 716 629 748 Dedit
653 715 829 747 lVittmanu
852 713 1070 745 ‘Illonumenta
1088 710 1364 743 Wittelsbaccnsia'
1385 710 1404 741 l
1424 710 1486 740 265
1506 720 1554 741 nr.
1570 709 1631 739 110
1654 721 1691 740 ea:
1706 708 1899 748 autom-apho
1916 708 2067 740 tabularii

425 770 533 802 secreti
563 767 750 807 reipublicae
786 766 987 802 Balearicae,
1022 764 1114 795 cuius
1146 762 1284 803 siyillum
1318 763 1382 794 iam
1410 762 1518 802 pariit.
1573 761 1711 794 Contulit
1735 761 1760 793 b.
1785 772 1825 793 m.
1848 760 2002 794 Weilaml.
2027 780 2064 784 -—

428 823 577 863 Rcycsten
600 820 654 851 der
677 818 885 860 Ptine-gyratam
901 818 927 855 I,
941 818 1014 847 693.
1775 813 1827 854 (P,
1852 813 1960 854 deest.)

532 915 598 947 Nos
622 914 838 956 Engelbcrtus
863 913 925 944 Dei
949 911 1060 953 gracia
1083 914 1191 942 sancte
1217 910 1422 941 Coloniensis
1448 909 1589 942 ecclesie
1614 909 1874 951 archiepiscopus
1902 909 1984 940 sacri
2007 908 2066 940 im-

426 968 505 1011 perii
530 978 588 1010 per
612 966 751 997 Ytaliam
775 963 1079 996 archicancellarius
1104 966 1215 994 tenore
1240 962 1443 1004 presencium
1476 960 1684 1004 protestando
1713 961 1842 1003 publice
1870 961 2067 1003 profitemur,

427 1021 645 1052 universorum
670 1017 874 1059 presencium
902 1019 935 1047 et
958 1016 1141 1046 futurorum
1169 1014 1288 1045 noticie
1312 1013 1532 1051 declarantes,
1564 1013 1648 1054 quod
1677 1023 1748 1043 cum
1777 1012 1894 1044 illustri
1924 1012 2066 1054 principe

426 1072 554 1103 domino
587 1069 760 1101 Ludewico
799 1068 914 1099 comite
950 1067 1092 1109 palatino
1130 1066 1215 1097 Reni
1256 1065 1337 1097 duce
1368 1065 1515 1096 Bawarie
1552 1065 1792 1106 consanguineo
1821 1067 1931 1096 nostro
1971 1075 2068 1106 super

429 1123 574 1155 omnibus
605 1121 709 1153 causis
742 1124 775 1152 ct
804 1119 1042 1161 questionibus,
1072 1129 1133 1160 que
1166 1118 1251 1149 inter
1280 1128 1337 1148 nos
1368 1121 1401 1149 et
1424 1117 1598 1149 ecclesiam
1622 1120 1760 1148 nostram
1785 1127 1823 1148 ac
1847 1120 2067 1148 antecessores

427 1178 553 1207 nostros
584 1185 626 1205 cx
655 1184 718 1204 una
741 1175 830 1214 parte
857 1174 889 1202 et
912 1171 1016 1213 ipsum
1041 1170 1155 1202 ducem
1179 1181 1216 1201 ac
1240 1169 1465 1212 progenitores
1488 1180 1563 1200 suos
1588 1180 1629 1200 ex
1653 1169 1755 1201 altera
1778 1169 1934 1200 hactenus
1958 1179 2067 1200 move·

426 1228 558 1264 bantur,
588 1225 662 1257 dato
687 1224 869 1257 alternatim
894 1223 984 1265 pacis
1009 1222 1118 1254 osculo
1143 1222 1175 1253 in
1200 1222 1287 1264 pleni
1311 1222 1428 1253 favoris
1453 1224 1484 1253 et
1507 1221 1651 1253 amicicie
1675 1221 1882 1253 convenimus
1907 1221 2068 1260 unionem,

428 1280 471 1311 ita
500 1278 649 1309 videlicet
682 1276 766 1318 quod
790 1287 848 1318 pro
878 1278 969 1317 parte
994 1278 1104 1305 nostra
1134 1273 1328 1305 venerabilis
1352 1277 1444 1316 pater
1474 1273 1620 1304 dominus
1645 1273 1766 1316 Symon
1789 1273 2068 1305 Paderburnensis

428 1331 609 1373 episcopus,
634 1328 800 1361 Gerardus
825 1327 864 1359 de
882 1326 1096 1368 WVldcnberg,
1121 1337 1162 1358 ex
1179 1329 1269 1368 parte
1294 1336 1369 1357 vero
1387 1325 1479 1357 ducis
1497 1326 1573 1357 Otto
1591 1325 1774 1368 prepositus
1792 1325 1903 1357 Sancti
1919 1324 2068 1356 VVidonis

428 1382 589 1424 Spirensis
627 1384 658 1412 ct
689 1380 871 1412 Fridcricus
906 1379 1099 1420 burgravius
1137 1377 1175 1409 dc
1211 1377 1405 1419 Nurenberg
1439 1377 1552 1409 arbitri
1588 1381 1663 1408 sunt
1695 1377 1804 1417 electi,
1839 1377 1954 1419 quibus
1991 1388 2067 1408 con-
2096 1390 2107 1409 2

428 1434 622 1475 sanguineus
647 1436 679 1464 et
702 1432 805 1464 fidelis
838 1434 946 1462 noster
970 1430 1113 1461 Emecho
1143 1441 1252 1461 comcs
1278 1430 1436 1461 Silvester
1464 1440 1521 1471 pro
1547 1429 1727 1461 mediatore
1756 1432 1806 1461 est
1829 1429 1999 1461 adiunctus
2029 1431 2068 1461 de

429 1490 537 1517 nostro
562 1488 593 1516 et
616 1484 693 1516 dicti
710 1484 830 1515 domini
855 1509 861 1515 .
881 1507 888 1514 .
914 1482 1003 1514 ducis
1021 1482 1253 1523 consanguinei
1278 1482 1376 1513 nostri
1393 1492 1551 1513 consensu
1574 1493 1611 1513 ac
1636 1481 1736 1513 eciam
1754 1482 1928 1521 voluntate,
1952 1481 2069 1523 quibus

428 1539 554 1580 plenam
580 1537 726 1568 dedimus
749 1538 953 1578 potestatem,
977 1534 1138 1576 predictas
1156 1534 1342 1576 questIOncs
1367 1537 1400 1565 et
1423 1544 1537 1565 causas
1556 1533 1769 1575 conplanandi
1792 1544 1851 1575 per
1866 1533 2069 1565 amicabilem

428 1589 698 1630 composicionem
729 1588 779 1619 vel
810 1587 938 1618 iusticia
970 1586 1143 1618 mediante.
1245 1586 1293 1627 (2)
1330 1586 1363 1617 Si
1399 1597 1475 1617 vero
1510 1585 1645 1627 predicti
1682 1589 1819 1627 quatuor
1852 1586 1962 1617 arbitri
1998 1596 2068 1617 cum

427 1641 602 1672 mediatore
626 1639 769 1682 predicto
795 1650 852 1670 nos
877 1650 935 1681 per
959 1649 1099 1670 amorem
1123 1649 1185 1669 non
1211 1641 1365 1680 poterunt
1389 1637 1598 1677 concordare,
1624 1641 1742 1669 extunc
1766 1649 1850 1679 pars,
1875 1637 1925 1669 cui
1942 1637 2067 1669 Wilde-

427 1693 554 1733 gravius
584 1691 766 1723 antedictus
801 1691 831 1722 in
860 1690 994 1722 dicendo
1027 1693 1059 1721 et
1082 1690 1322 1732 pronunciando
1347 1691 1416 1721 iure
1441 1689 1617 1729 adheserit,
1651 1690 1830 1731 prcvalebit
1862 1693 1894 1721 et
1923 1692 1987 1721 tam
2012 1700 2069 1721 nos

427 1755 521 1786 quam
545 1744 708 1786 predictus
732 1743 799 1774 dux
824 1743 1084 1784 consanguineus
1102 1746 1213 1773 noster
1238 1742 1542 1784 pronunciacionem
1561 1741 1704 1773 eiusdem
1728 1742 1828 1784 partis
1846 1742 2070 1773 inviolabiliter

428 1796 610 1827 tenebimur
645 1795 827 1827 observare.
885 1795 1080 1826 Oaucionem
1116 1795 1234 1831 eciam,
1272 1795 1298 1825 si
1334 1805 1429 1836 quam
1464 1793 1601 1835 predicti
1639 1794 1779 1835 quinque
1814 1794 1865 1825 vel
1900 1794 1961 1825 duo
1998 1804 2069 1824 cum

427 1848 603 1879 mediatore
627 1847 788 1878 antedicto
812 1846 995 1878 faciendam
1021 1846 1193 1878 statuerint
1217 1857 1314 1888 super
1338 1845 1549 1877 observandis
1574 1846 1739 1885 omnibus,
1773 1856 1834 1887 que
1859 1845 2069 1888 pronunciata

428 1900 494 1930 sive
527 1898 614 1929 dicta
643 1899 775 1937 suerint,
812 1898 1027 1940 prestabimus
1062 1904 1094 1929 et
1131 1898 1234 1929 eciam
1269 1898 1437 1930 faciemus.
1491 1898 1524 1928 Si
1553 1901 1661 1929 autem
1686 1898 1725 1929 de
1750 1897 1903 1939 predictis
1935 1900 2070 1939 quatuor

428 1950 556 1982 arbitris
581 1961 662 1981 unus
686 1950 804 1981 absens
828 1950 925 1981 fuerit
949 1950 999 1981 vel
1024 1949 1107 1991 quod
1132 1949 1215 1980 absit
1239 1949 1434 1988 decesserit,
1465 1953 1638 1991 antequam
1663 1949 1780 1980 dictum
1805 1949 1971 1980 arbitrium
1995 1960 2068 1991 pro-

429 2003 602 2043 mulgetur,
635 2002 779 2032 dominus
809 2002 951 2033 absentis
981 2002 1079 2032 alium
1108 2002 1176 2032 sine
1208 2002 1362 2043 capcione
1387 2002 1532 2043 qualibet
1555 2001 1752 2043 subrogabit.
1841 2001 1889 2042 (3)
1913 2001 2012 2032 Porro
2036 2004 2070 2032 ut

429 2055 513 2084 inter
549 2064 606 2084 nos
640 2053 791 2094 deinceps
828 2054 951 2084 sincere
981 2053 1167 2084 dileccionis
1201 2053 1388 2084 constancia
1418 2056 1622 2095 perseveret,
1655 2054 1861 2094 promisimus
1893 2053 2070 2095 predictum

429 2108 570 2136 nostrum
600 2105 875 2146 consanguineum
908 2108 1018 2135 contra
1046 2105 1208 2146 quoslibet
1238 2105 1404 2136 invasores
1434 2106 1550 2136 iurium
1579 2109 1612 2137 et
1636 2105 1766 2137 honoris
1791 2105 1839 2136 sui
1868 2105 1900 2136 in
1925 2105 2069 2137 terminis

429 2158 596 2188 comitatus
614 2157 733 2187 l'alacii
750 2157 797 2188 sui
815 2156 987 2188 defendere
1014 2160 1045 2187 ct
1064 2157 1174 2188 fovere
1192 2157 1338 2197 consilio,
1363 2158 1483 2188 auxilio
1509 2160 1540 2188 ct
1557 2158 1678 2196 favore,
1704 2161 1736 2189 et
1754 2157 1785 2188 id
1802 2157 1907 2199 ipsum
1924 2157 2069 2199 prefatus

429 2209 685 2250 consanguineus
714 2211 820 2239 noster
848 2208 940 2239 nobis
970 2208 1066 2240 faciet
1098 2209 1166 2240 vicc
1199 2219 1306 2248 versa,
1338 2209 1399 2239 hiis
1424 2209 1593 2240 dumtaxat
1617 2209 1779 2251 exceptis,
1804 2209 1859 2250 qui
1882 2212 1956 2241 ante
1983 2220 2069 2240 com-

430 2260 625 2301 posicionem
655 2263 837 2301 presentem
868 2260 1033 2291 nobiscum
1065 2259 1340 2292 confederacionis
1374 2261 1502 2292 vinculo
1539 2261 1666 2292 fuerant
1701 2261 1852 2302 colligati.
1952 2260 2000 2301 (4)
2037 2259 2070 2291 Si

430 2314 536 2342 autem
567 2312 706 2353 aliquem
737 2312 1049 2352 consanguineorum
1073 2312 1125 2343 vel
1154 2311 1296 2343 fidelium
1320 2315 1501 2343 nostrorum
1531 2323 1601 2344 cum
1626 2312 1769 2354 predicto
1794 2312 1875 2344 duce
1899 2312 2071 2354 contigerit

430 2362 629 2401 discordare,
655 2363 792 2394 cundem
817 2364 923 2404 g1¹ac1e
948 2374 1005 2394 sue
1030 2363 1274 2394 reformabimus
1302 2374 1359 2405 per
1383 2364 1539 2395 iusticiam
1564 2365 1615 2395 vel
1639 2375 1790 2396 amorem.
1837 2364 1879 2395 Et
1902 2364 1928 2395 si
1952 2364 2068 2405 aliquis

431 2415 461 2445 in
493 2415 550 2445 hoc
580 2415 695 2445 nostris
724 2415 896 2445 contrairet
925 2415 1062 2446 consiliis
1094 2418 1126 2446 et
1156 2415 1329 2455 mandatis,
1363 2419 1482 2447 extunc
1507 2415 1629 2447 dictum
1653 2416 1766 2447 ducem
1796 2419 1906 2447 contra
1930 2416 2068 2447 eundem

430 2466 610 2497 tenebimur
634 2466 795 2505 adiuvare,
819 2466 858 2496 ad
883 2466 1145 2497 observacionem
1170 2467 1310 2497 omnium
1335 2467 1551 2509 predictorum
1576 2478 1634 2499 nos
1652 2468 1830 2506 obligantes
1855 2467 1916 2498 fido
1934 2468 2070 2509 prestita

432 2518 598 2559 corporali.
643 2517 693 2548 Ad
723 2518 816 2548 huius
847 2518 953 2559 itaque
978 2519 1024 2549 rei
1050 2518 1236 2549 memoriam
1268 2522 1299 2549 ct
1324 2519 1539 2560 predictorum
1563 2520 1704 2550 omnium
1730 2519 1910 2550 firmitatem
1934 2529 2069 2560 presens

432 2570 583 2610 scriptum
609 2569 692 2599 dicto
717 2569 846 2600 domino
871 2569 942 2600 duci
966 2570 1072 2609 sigillo
1098 2573 1206 2600 nostro
1232 2570 1378 2601 dedimus
1403 2571 1643 2602 communitum.

541 2629 653 2660 Actum
678 2633 710 2660 et
733 2629 840 2660 datum
865 2629 948 2672 apud
976 2630 1095 2664 Rense,
1120 2640 1202 2661 {tuno
1228 2630 1357 2660 Domini
1383 2630 1566 2661 MCCLXX
1591 2631 1699 2668 tercio,
1723 2630 1814 2662 XIII.
1833 2630 1906 2662 Kal.
1932 2630 2016 2672 Aug.

2096 828 2119 846 10

2097 1130 2120 1148 15

2096 1648 2119 1667 25

2096 1909 2121 1927 30

2097 2167 2120 2186 35

2096 2431 2120 2449 <iu
