2259 3116
330 479 373 498 lsn.
391 482 409 498 ιὶ.

432 131 493 160 436

434 215 574 246 vendere
607 214 691 255 quod
726 214 868 245 bannum
901 217 1049 252 vocatur,
1085 215 1231 256 exceptis

435 267 603 297 duodecim
621 266 735 296 modiis
760 265 799 296 ad
817 276 997 297 mensuram
1015 266 1230 301 Bisuntinam,

434 318 517 359 quod
554 318 651 349 debet
677 328 748 349 esse
773 318 940 354 mundum,
971 328 1083 349 sanum
1109 322 1141 349 ct
1164 319 1228 349 tale

435 369 519 410 quod
544 380 628 401 anno
651 370 704 400 illo
729 370 876 401 creverit.
914 369 956 401 Et
972 370 1118 401 vendicio
1143 370 1228 401 illius

435 421 552 452 bannik
576 421 760 464 incipienda
788 425 837 452 est
861 422 892 452 in
917 422 1001 453 festo
1019 423 1228 464 apparitionis

437 473 567 504 Domini
593 484 651 504 nee
676 473 774 504 debet
797 473 892 504 vendi
917 474 1021 504 viliori
1044 475 1153 515 precio
1179 474 1228 505 vel

437 526 568 563 maiori,
604 535 698 567 quam
723 525 904 556 vendantur
932 526 1007 556 vina.
1040 526 1125 556 illius
1156 526 1228 556 anni

439 577 634 608 vindemiata
674 588 777 619 usque
818 577 856 608 ad
896 577 980 608 diem
1019 574 1229 620 apparitionis

434 629 588 671 predicte.

505 692 551 721 14.
583 690 666 720 Item
697 690 781 731 quod
806 689 970 732 predictus
1001 690 1150 732 princeps
1190 690 1229 720 ob

438 742 668 772 necessitatem
708 742 808 783 ipsius
845 742 895 772 vel
931 742 1054 783 imperii
1090 741 1228 772 Romani

436 804 494 824 seu
525 793 565 823 ob
596 803 833 835 quamcumque
872 794 966 824 aliam
1001 804 1131 824 causam
1167 804 1230 824 non

435 848 545 887 potest
569 845 678 876 facere
703 846 764 887 ipsi
788 846 1008 884 universitati,
1032 845 1155 876 civibus
1180 846 1230 876 vel

434 897 656 928 habitantibus
685 898 714 928 in
740 897 853 928 eadem
872 898 1069 939 capeionem,
1094 897 1229 938 requisi-

436 950 576 988 cionem,
601 950 804 980 exactionem
827 950 1045 991 pecuniariam
1065 949 1104 979 ob
1120 959 1230 990 quam-

440 1013 575 1043 cumque
605 1012 752 1039 causam,
783 1005 922 1032 castrum
953 1012 1010 1032 seu
1039 1001 1231 1032 fortalicium

438 1053 568 1095 aliquod
586 1053 668 1084 infra
685 1054 848 1084 civitatem
865 1053 1043 1095 predictam
1069 1064 1126 1084 seu
1150 1053 1233 1084 infra.

437 1109 540 1136 metas
557 1104 732 1136 banleliek*
747 1105 888 1136 civitatis
903 1105 1060 1147 predicte,
1077 1105 1139 1135 nisi
1152 1115 1231 1136 una-

438 1158 569 1188 nimiter
589 1157 730 1188 volente1
747 1158 958 1187 universitate
976 1157 1130 1199 predicta.
1164 1158 1232 1188 Nec

440 1209 537 1240 debet
563 1219 621 1239 nec
646 1212 753 1251 potest
777 1209 939 1250 predictas
964 1210 1136 1247 civitatem,
1160 1210 1231 1241 uni—

441 1262 647 1300 versitatem,
672 1261 758 1291 cives
782 1260 943 1302 predictos
967 1272 1024 1292 seu
1048 1261 1233 1293 habitantes

440 1314 470 1344 in
496 1324 531 1344 ea
558 1313 714 1347 vendere,
744 1312 877 1352 donare,
909 1313 1063 1354 quittare,
1089 1314 1232 1355 obligare

440 1366 491 1396 vel
525 1365 627 1395 eciam
661 1365 802 1396 alienare
834 1366 864 1395 in
897 1375 1098 1407 quacumque
1127 1376 1233 1402 manu,

442 1418 500 1448 nisi
530 1417 570 1447 ad
594 1417 757 1458 proprium
783 1416 957 1447 dominium
990 1418 1073 1448 sacri
1097 1417 1233 1448 Romani

439 1469 584 1510 imperii,
620 1469 671 1499 cui
706 1469 776 1510 ipsa
809 1469 935 1506 civitas,
974 1469 1166 1500 universitas
1203 1473 1234 1500 et

440 1521 624 1551 habitantes
650 1520 679 1551 in
705 1531 744 1551 ea
766 1520 853 1551 nullo
872 1520 977 1551 medio
996 1524 1069 1552 sunt
1086 1521 1233 1553 subiecti.

510 1635 556 1664 15.
574 1633 656 1663 Item
675 1633 701 1663 si
719 1643 776 1663 nos
794 1633 899 1663 dictus
917 1634 1065 1675 princeps
1081 1634 1130 1664 vel
1150 1635 1233 1665 alius

441 1684 481 1715 de
506 1684 766 1715 antecessoribus
783 1685 901 1715 nostris
926 1685 1045 1726 aliquid
1063 1686 1233 1717 fecerimus

441 1736 518 1766 velm
548 1736 803 1766 ordinaverimus
836 1739 946 1767 contra
983 1737 1147 1768 civitatem
1183 1739 1234 1769 vel

446 1788 688 1818 universitatem
714 1788 876 1829 predictas
907 1799 966 1819 nec
996 1790 1098 1819 ceiam
1124 1793 1235 1821 contra

444 1840 532 1870 cives
558 1839 732 1881 predictos,
756 1850 814 1870 nos
838 1844 992 1881 tanquam
1016 1841 1180 1881 legitimus
1205 1845 1237 1872 et.

443 1891 603 1930 generalis
628 1891 869 1922 administrator
891 1892 1045 1922 bonorum
1076 1897 1106 1923 et
1130 1903 1237 1924 rerum

444 1944 545 1973 tocius
576 1943 713 1973 Romani
748 1944 872 1985 imperii
909 1955 948 1974 ex
980 1948 1068 1975 certa
1098 1946 1236 1976 sciencia

444 1995 537 2033 iusta,
564 1995 709 2035 legitima
735 1998 766 2026 ct
782 1996 916 2026 honesta
934 2006 1031 2027 causa
1048 2006 1236 2028 revocamus

444 2050 476 2077 ct
501 2048 692 2077 nunciamus
719 2047 842 2077 irritum
866 2047 897 2077 in
922 2047 982 2078 hoc
1008 2049 1149 2090 presenti
1172 2050 1235 2090 pri-

443 2098 572 2139 vilegio,
600 2099 630 2128 in
656 2103 809 2139 quantum
827 2110 999 2140 possumus
1024 2103 1055 2130 et
1072 2100 1236 2132 debemus

446 2150 486 2180 Et
518 2150 666 2180 volumus
704 2151 834 2191 insuper
864 2154 895 2181 et
926 2151 1130 2182 concedimus
1165 2163 1237 2194 pre-

444 2201 539 2231 dictis
566 2201 781 2237 universitati,
806 2203 928 2233 civibus
954 2207 985 2233 et
1007 2203 1237 2242 habitantibus,

446 2252 531 2293 quod
556 2263 670 2283 omnes
696 2253 864 2284 libertates
891 2256 1037 2295 superius
1056 2257 1236 2287 nominatas

446 2308 477 2334 et
517 2305 652 2346 scriptas
693 2316 819 2335 exnunc
860 2306 998 2336 habeant
1044 2312 1075 2338 et
1114 2307 1237 2338 eisdem

447 2356 549 2386 libere
575 2360 607 2387 et
630 2356 752 2397 absque
778 2358 964 2398 cuiusquam
983 2359 1236 2390 contradictione

445 2411 585 2438 utantur.
632 2407 671 2437 Et
707 2409 731 2438 si
766 2408 895 2439 easdem
936 2410 1102 2441 libertates
1135 2421 1237 2452 usquc

447 2471 531 2490 nunc
568 2460 698 2490 minime
733 2460 929 2499 habuerunt,
969 2466 1060 2503 prout
1092 2464 1238 2504 superius

446 2515 519 2542 sunt
544 2512 665 2546 divise,
695 2524 752 2542 nos
786 2523 843 2553 pro
873 2513 964 2543 nobis
990 2518 1021 2544 ct
1046 2515 1237 2545 suecessori-

445 2565 504 2594 bus
530 2565 648 2595 nostris
676 2564 799 2595 eisdem
826 2564 1028 2595 universitati
1061 2570 1091 2596 ct
1116 2567 1240 2598 civibus

546 2676 610 2702 450.
631 2676 655 2707 ¹³)
675 2686 750 2709 suptv·
770 2678 820 2701 vini
842 2678 920 2701 dalem
936 2678 965 2702 ,1.
1049 2677 1087 2709 k¹)
1107 2680 1140 2703 siv
1157 2680 1185 2703 Λ.

547 2753 610 2779 451.
632 2758 647 2780 1)
666 2755 776 2786 srqnltm·
797 2756 933 2787 prodictam
953 2757 1119 2780 vaur-ellatam
1143 2756 1172 2780 l:.

770 126 927 153 RUDoLFI
949 126 1053 153 REGIS
1073 125 1395 154 CONSTITUTIONES.

1434 127 1508 154 1290.
1545 127 1591 154 Nr.
1605 128 1664 154 450.
1679 128 1737 154 451.

1285 215 1426 245 vendere
1462 214 1546 256 quod
1581 214 1722 246 bannum
1754 218 1897 253 vocatur,
1929 217 2074 258 exeeptis

1285 266 1455 297 duodecim
1473 266 1585 297 modiis
1603 266 1642 297 ad
1660 277 1842 298 mensuram
1859 268 2074 307 Bisuntinam,

1284 318 1368 358 quod
1393 317 1492 349 debet
1515 328 1588 349 csse
1615 318 1782 357 mundum,
1811 330 1926 351 sanum
1955 324 1988 351 et
2010 322 2074 352 tale

1284 369 1369 411 quod
1394 379 1478 400 anno
1503 369 1556 400 illo
1575 370 1723 401 creverit.
1758 370 1800 402 Et
1817 371 1965 403 vendicio
1989 373 2073 403 illius

1284 421 1381 452 banni
1407 421 1589 462 incipienda
1619 425 1669 453 est
1696 423 1727 453 in
1756 422 1840 454 festo
1864 423 2074 465 apparitionis

1283 473 1413 503 Domini
1439 483 1498 503 nec
1523 473 1622 504 debet
1646 474 1739 505 vendi
1765 475 1867 506 viliori
1892 476 2000 516 precio
2024 475 2075 506 vel

1283 525 1413 561 maiori,
1445 535 1540 566 quam
1572 525 1753 557 vendantur
1780 526 1855 557 vina
1887 526 1972 558 illius
2001 527 2076 558 anni

1284 576 1479 607 vindemiata
1524 587 1624 618 usque
1670 577 1711 608 ad
1751 578 1833 609 diem
1868 579 2075 620 apparitionis

1282 628 1437 670 predicte.

1353 691 1399 721 14.
1429 689 1512 719 Item
1547 689 1631 731 quod
1660 689 1826 731 predictus
1856 691 2005 733 princeps
2035 691 2074 722 ob

1285 741 1535 772 neccessitatem
1570 741 1671 782 ipsius
1703 742 1754 772 vel
1784 742 1909 784 imperii
1939 741 2076 774 Romani

1285 803 1343 823 seu
1379 792 1419 822 ob
1455 803 1693 834 quamcumque
1724 793 1819 824 aliam
1853 804 1983 825 causam
2014 804 2075 825 non

1285 848 1392 886 potest
1415 845 1522 875 facere
1546 845 1607 886 ipsi
1631 845 1848 885 universitati,
1879 846 2002 877 civibus
2026 846 2075 877 vel

1286 896 1506 928 habitantibus
1532 897 1563 927 in
1588 896 1700 928 eadem
1726 898 1919 939 captionem,
1944 897 2076 939 requisi—

1286 949 1404 979 tionem
1445 949 1496 979 vel
1536 949 1741 980 exactionem
1779 950 2000 991 pecuniariam
2037 949 2076 980 ob

1287 1011 1522 1042 quamcumque
1546 1012 1687 1039 causam,
1711 1005 1851 1032 castrum
1877 1013 1933 1033 seu
1957 1002 2077 1033 fortali-

1287 1054 1371 1084 cium
1393 1053 1520 1094 aliquod
1539 1054 1621 1084 infra
1638 1053 1800 1084 civitatem
1819 1053 1996 1095 predictam
2021 1065 2078 1085 seu

1288 1106 1370 1136 infra
1393 1109 1497 1136 metas
1519 1105 1657 1147 banleye
1681 1106 1818 1136 civitatis
1840 1105 1993 1147 predicte,
2018 1107 2077 1137 nisi

1287 1158 1483 1188 unanimiter
1515 1157 1644 1188 volente
1680 1157 1889 1189 universitate
1924 1158 2077 1199 predicta.

1288 1209 1356 1240 Nec
1381 1209 1479 1241 debet
1503 1220 1563 1240 nec
1586 1213 1693 1251 potest
1716 1209 1879 1251 predictas
1905 1210 2075 1251 civitatem,

1286 1262 1546 1299 universitatem,
1584 1262 1670 1292 cives
1701 1261 1861 1303 predictos
1896 1272 1953 1292 seu
1983 1261 2074 1293 habi-

1288 1317 1394 1344 tantes
1413 1313 1444 1344 in
1463 1324 1502 1344 ea
1519 1313 1670 1352 vendere,
1694 1313 1825 1353 donare,
1849 1314 1997 1355 quittare,
2020 1313 2076 1344 ob-

1287 1365 1388 1406 ligare
1417 1365 1469 1396 vel
1505 1365 1601 1396 etiam
1636 1365 1780 1396 alienare
1816 1366 1847 1396 in
1878 1375 2075 1407 quacumque

1287 1428 1399 1456 manu,
1436 1417 1498 1448 nisi
1534 1417 1574 1448 ad
1599 1417 1763 1459 proprium
1793 1417 1967 1448 dominium
1996 1419 2076 1449 sacri

1287 1468 1425 1500 Romani
1449 1469 1587 1510 imperii,
1613 1469 1663 1500 cui
1686 1470 1758 1511 ipsa
1774 1469 1898 1509 civitas⁷
1921 1470 2075 1501 universi-

1288 1524 1337 1551 tas
1361 1524 1394 1552 et
1417 1520 1604 1552 habitantes
1636 1521 1667 1552 in
1698 1532 1737 1553 ea
1763 1521 1852 1553 nullo
1876 1521 1982 1553 medio
2006 1526 2078 1553 sunt

1289 1572 1437 1604 subiecti.

1359 1635 1403 1664 15.
1421 1632 1503 1664 Item
1522 1633 1548 1664 si
1565 1644 1623 1664 nos
1641 1633 1746 1664 dictus
1764 1634 1913 1676 princeps
1930 1634 1981 1666 vel
1997 1634 2077 1665 alius

1289 1684 1328 1715 de
1364 1685 1627 1716 antecessoribus
1662 1686 1781 1716 nostris
1818 1686 1937 1727 aliquid
1965 1686 2077 1717 feceri-

1289 1746 1359 1767 mus
1390 1736 1441 1767 vel
1472 1737 1727 1768 ordinaverimus
1758 1741 1869 1768 contra
1903 1737 2076 1769 civitatemi

1290 1789 1341 1819 vel
1355 1789 1599 1819 universitatem
1613 1788 1774 1830 predictas
1788 1800 1846 1821 nec
1860 1790 1956 1821 etiam
1969 1792 2077 1821 contra

1291 1840 1377 1871 cives
1401 1839 1578 1881 predictos,
1604 1851 1662 1871 nos
1685 1843 1838 1882 tanquam
1862 1841 2023 1882 legitimus
2047 1845 2078 1872 ct

1291 1892 1456 1931 generalis
1480 1892 1895 1924 administratorbonorum
1920 1897 1951 1924 et
1974 1903 2076 1924 rerum

1291 1945 1394 1975 tocius
1426 1943 1564 1975 Romani
1596 1944 1721 1986 imperii
1755 1955 1795 1975 ex
1826 1949 1912 1976 certa
1946 1945 2076 1976 scientia

1291 1997 1386 2034 iusta,
1404 1996 1550 2037 legitima
1574 1999 1606 2026 et
1627 1996 1763 2027 honesta
1780 2007 1877 2028 causa
1893 2006 2076 2028 revocamus

1292 2052 1324 2079 et
1348 2048 1538 2078 nunciamus
1563 2047 1686 2078 irritum
1711 2048 1743 2078 in
1767 2048 1827 2079 hoc
1852 2049 1992 2090 presenti
2015 2048 2076 2089 pri-

1294 2100 1424 2140 vilegio,
1448 2100 1479 2130 in
1497 2103 1651 2140 quantum
1672 2110 1843 2141 possumus
1868 2102 1900 2130 et
1916 2099 2076 2131 debemus.

1293 2150 1334 2182 Et
1362 2151 1508 2182 volumus
1545 2151 1676 2192 insuper
1704 2156 1736 2182 et
1766 2151 1971 2183 concedimus
2006 2161 2075 2193 pre-

1292 2204 1384 2234 dictis
1409 2203 1622 2241 universitati,
1648 2203 1770 2234 civibus
1796 2207 1828 2234 et
1851 2203 2076 2240 habitantibus,

1293 2255 1377 2297 quod
1401 2266 1511 2286 omnes
1534 2255 1702 2286 libertates
1727 2255 1874 2296 superius
1902 2255 2074 2286 nominatas

1293 2311 1325 2338 et
1360 2307 1495 2348 scriptas
1538 2317 1665 2337 exnunc
1706 2307 1847 2338 habeant
1887 2310 1918 2338 et
1958 2306 2074 2338 eisdem

1292 2359 1392 2389 libere
1418 2362 1450 2389 et
1473 2358 1596 2400 absque
1621 2359 1808 2400 cuiusquam
1830 2358 2074 2390 contradictione

1293 2414 1432 2441 utantur.
1489 2410 1527 2441 Et
1557 2411 1582 2441 si
1612 2410 1743 2441 easdem
1776 2411 1943 2443 libertates
1977 2419 2073 2450 usque

1293 2474 1375 2493 nunc
1401 2463 1531 2493 minime
1557 2461 1793 2504 illabuelruntl‘,
1817 2466 1909 2504 prout
1932 2462 2073 2504 superius

1293 2519 1365 2545 sunt
1390 2514 1507 2553 divise,
1539 2525 1596 2545 nos
1626 2526 1682 2557 pro
1711 2515 1802 2546 nobis
1832 2519 1865 2546 et
1888 2511 2072 2545 successori·
2115 2530 2119 2539 ‚

1293 2567 1352 2597 bus
1377 2567 1493 2597 nostris
1518 2566 1637 2598 eisdem
1670 2567 1871 2599 universitati
1903 2569 1934 2598 et
1957 2563 2073 2596 civibus

1268 2678 1284 2711 ¹)
1304 2680 1406 2704 civitate
1427 2680 1536 2712 predicta
1556 2680 1662 2704 deletum
1684 2681 1794 2710 sequitui·
1814 2680 1845 2704 A.
1916 2678 1945 2709 ¹¹¹)
1965 2677 2028 2702 deest
2041 2674 2071 2699 A.

1261 2756 1285 2782 k.
1306 2758 1376 2781 uncis
1396 2758 1494 2781 inrlnsn
1514 2762 1672 2782 evanuerunt
1695 2758 1722 2782 Ιῖ.

2104 702 2126 721 10

2104 962 2126 980 15

2103 1223 2125 1242 20

2103 1481 2125 1500 25

2102 1745 2125 1763 8ss

2100 2266 2123 2284 40
