2259 3164
456 187 611 213 RUDOLFI
632 187 735 214 REGIS
755 188 1074 215 C(›Ns'l‘1'l'U'1'loNle.¹:‚
1116 191 1185 215 1:³90.
1223 191 1481 219 N1-.44›1.-14:›.44‹;.
1716 197 1775 226 427

151 286 348 324 competere,
375 282 430 313 sed
454 283 555 313 eciam
580 283 646 313 suis
670 284 939 324 progenitoribus,
964 284 1089 318 abavis,
1115 285 1243 323 attavis,
1268 288 1394 327 proavis
1418 290 1449 318 et
1473 287 1540 318 avis
1565 288 1631 319 iure
1657 289 1776 330 plenis-

151 335 229 366 simo
252 334 486 375 competebant.
526 334 680 365 Volentes
715 335 824 376 itaque
859 336 934 366 dicti
965 337 1051 377 regis
1082 339 1114 366 et
1150 336 1302 367 heredum
1338 349 1465 369 suorum
1500 339 1675 380 dispendiis
1705 352 1776 382 pre-

151 396 280 423 cavere,
306 386 353 416 ius
377 389 409 416 et
434 386 572 416 officium
597 387 804 427 pincernatus
830 387 860 417 in
885 388 1019 429 imperio
1044 388 1103 418 sibi
1129 392 1160 418 et
1184 388 1355 419 heredibus
1381 391 1446 420 eius
1472 394 1503 421 et
1527 402 1588 421 non
1613 391 1665 421 alii
1690 402 1775 422 com-

150 441 260 480 petere
284 441 316 468 et
338 437 370 467 in
395 438 552 468 electione
577 439 661 478 regis
686 438 905 469 Romanorum
930 439 1027 469 futuri
1052 439 1253 480 imperatoris
1277 440 1396 471 habere
1422 442 1470 471 ius
1496 445 1526 472 ct
1544 452 1664 477 vocem,
1690 444 1776 474 clare

112 503 122 520 r,
151 489 417 530 1·ecognoscimuS‚
442 489 657 530 approbamus
683 492 715 520 ct
738 490 941 530 presencium
959 490 1142 520 testimonio
1161 490 1357 531 profitemur.
1396 492 1429 522 Si
1455 492 1529 532 quid
1554 496 1659 523 autem
1685 493 1775 524 dimi-

102 759 124 778 10

103 1103 125 1120 15

101 1385 125 1404 ⁸20

103 1898 126 1915 ³0

103 2245 126 2263 ³5

105 2536 129 2554 ⁴0

105 2801 128 2821 ⁴5

150 540 293 571 nucionis
319 539 368 570 vel
393 539 573 581 calumpnie
599 540 682 581 quod
707 551 770 570 non
794 540 955 571 credimus
980 541 1064 571 circa
1088 541 1233 581 predicta
1257 542 1420 577 cavillose,
1446 544 1607 575 maliciose
1625 546 1675 575 vol
1700 545 1775 575 sub-

150 592 222 623 dole
239 594 349 632 posset
366 592 494 632 opponi,
520 591 706 633 supplemus
732 591 771 622 de
789 591 988 632 plenitudine
1006 593 1092 632 regie
1110 593 1290 633 potcstatis.
1333 593 1365 623 ln
1385 595 1473 625 cuius
1499 595 1542 625 rei
1561 597 1776 626 testimonium

151 653 282 685 presens
308 642 460 684 scriptum
485 643 663 674 maiestatis
687 646 796 674 nostre
820 644 924 684 sigillo
948 643 1083 674 fecimus
1109 645 1307 676 communiri.

255 693 374 725 Datum
399 693 558 733 Erfordie,
582 694 639 725 VI.
662 694 798 726 Kalend.
823 694 987 731 Octobris,
1018 695 1195 726 indiccione
1220 695 1280 734 ΙΙΙ,
1305 706 1388 726 anno
1413 696 1541 727 Domini
1565 697 1653 728 MCC
1677 709 1772 730 nona-

150 747 280 788 gesimo,
306 746 396 786 regni
421 756 496 777 vero
520 747 619 777 nostri
645 757 727 777 anno
752 747 887 787 septimo
912 746 1048 777 decimo.

200 873 275 906 445.
299 874 565 907 SENTENTIA
592 873 773 906 CONTRA
797 873 1165 906 ALIENATIONEM
1184 874 1419 907 BONORUM
1436 876 1729 910 FEUDALIUM

898 926 960 957 Oet.
978 928 1029 958 21.

254 986 495 1026 Autoqraplzon,
528 987 610 1026 qnod
639 989 820 1017 asservatur
847 986 1068 1026 Dasseldorpii
1099 988 1132 1018 'iaz
1157 987 1312 1018 {abidahe
1335 989 1433 1027 mm),
1457 989 1556 1020 cimmo
1580 990 1777 1022 comaclium,

150 1039 305 1078 Scriptum
328 1042 371 1069 est
395 1039 429 1069 ‘in
458 1038 645 1069 «macellaria
671 1039 760 1076 reglis.
806 1039 957 1077 Sfjse'llmn,
981 1040 1064 1078 quod
1086 1039 1157 1070 olim
1176 1040 1329 1078 pendam
1353 1039 1415 1070 loro
1439 1041 1683 1079 mmmm-(mmm‚
1719 1043 1779 1072 inm

151 1092 238 1122 deest.
264 1109 301 1113 -
326 1090 470 1127 Biilmzcty
496 1090 569 1129 Ray.
589 1091 658 1129 imp.
680 1090 841 1123 J'Issz’w.
1510 1092 1562 1130 (P.
1587 1095 1674 1131 4502)

254 1167 320 1198 Nos
344 1167 503 1198 Rudolfus
521 1167 581 1198 Dei
605 1167 714 1208 gracia
737 1167 956 1197 Romanorum
980 1178 1037 1198 rex
1062 1178 1190 1209 semper
1214 1170 1370 1208 augustus
1395 1167 1433 1198 ad
1452 1169 1672 1199 universorum
1698 1170 1778 1200 noti-

152 1220 230 1250 ciam
253 1222 363 1250 tenore
387 1219 590 1261 presencium
615 1219 763 1249 volumus
788 1219 976 1260 pervenire,
1001 1219 1084 1260 quod
1108 1219 1198 1250 nobis
1224 1219 1410 1250 sedentibus
1435 1230 1491 1260 pro
1521 1220 1672 1251 tribunali
1696 1221 1779 1262 apud

151 1270 329 1301 Erfordiam
348 1271 526 1313 comparuit
551 1271 582 1301 in
607 1271 723 1301 iudicio
741 1281 847 1301 eoram
872 1271 965 1301 nobis
990 1271 1152 1302 sufficiens
1170 1275 1360 1313 procurator
1378 1272 1570 1302 venerabilis
1596 1297 1602 1303 .
1621 1297 1627 1303 .
1652 1272 1779 1303 abbatis

151 1322 384 1359 Werdinensis,
409 1323 562 1365 principis
586 1323 685 1353 nostri
708 1323 826 1359 dilecti,
853 1323 906 1364 qui
931 1323 1031 1364 ipsius
1056 1323 1181 1354 abbatis
1207 1324 1334 1354 nomine
1359 1323 1574 1365 proponebat,
1599 1334 1637 1354 an
1663 1324 1778 1365 aliquis

152 1374 287 1405 vasallus
304 1375 354 1405 vel
371 1375 452 1406 alter
469 1375 672 1416 quicumque,
698 1375 749 1416 qui
773 1374 858 1405 bona
882 1378 971 1405 tenet
994 1385 1012 1405 a
1037 1375 1174 1411 domino,
1200 1385 1402 1416 quocumque
1428 1375 1553 1405 nomine
1579 1379 1779 1413 censeantur,

152 1427 250 1467 possit
273 1427 413 1457 alienare
438 1427 486 1456 vel
512 1426 692 1457 distrahere
718 1426 772 1456 illa
790 1426 883 1463 bona,
908 1426 1035 1457 domino
1062 1438 1158 1468 super
1182 1426 1242 1456 hoc
1269 1427 1451 1457 nullatenus
1469 1427 1636 1467 requisito.
1675 1427 1717 1457 Et
1741 1427 1779 1458 de

150 1480 327 1508 nostrorum
352 1488 517 1518 procerum
543 1478 676 1508 consilio
701 1478 943 1508 sentencialiter
966 1478 1073 1509 extitit
1101 1478 1292 1516 diffinitum,
1323 1478 1406 1519 quod
1438 1489 1542 1519 neque
1567 1478 1704 1508 vasallus
1730 1479 1779 1509 vel

150 1528 230 1559 alter
253 1529 366 1569 aliquis
390 1529 492 1559 fidelis
517 1532 625 1570 preter
649 1530 822 1560 scienciam
847 1529 965 1560 domini
990 1530 1059 1570 ipsa
1084 1530 1176 1567 bona,
1201 1541 1262 1571 que
1287 1534 1375 1560 tenet
1399 1541 1417 1560 a
1434 1529 1572 1567 domino,
1598 1540 1660 1559 non
1679 1531 1779 1570 possit

151 1580 292 1610 alienare
316 1580 366 1611 vel
399 1580 577 1611 distrahere
608 1581 839 1622 quoquomodo.
886 1580 927 1611 Et
952 1581 977 1611 si
1005 1582 1196 1612 contrarium
1227 1582 1355 1619 fecerit,
1386 1582 1457 1623 ipsa
1486 1582 1570 1612 bona
1599 1581 1638 1611 ad
1667 1592 1779 1612 manus

117 1646 125 1657 π
152 1631 267 1662 domini
282 1631 494 1662 devolvuntur
512 1636 544 1663 et
561 1632 600 1663 de
617 1632 694 1673 ipsis
709 1632 856 1663 dominus
874 1633 991 1674 poterit
1008 1632 1156 1663 ordinare
1174 1644 1230 1674 pro
1248 1643 1304 1663 sue
1321 1633 1411 1663 libito
1428 1633 1610 1663 voluntatis.
1676 1632 1780 1663 Huius

152 1684 195 1714 rei
219 1686 317 1714 testes
343 1687 430 1714 sunt:
455 1684 586 1714 illustris
605 1685 758 1714 Albertus
783 1684 847 1714 dux
866 1684 1006 1714 saxonie
1027 1685 1175 1725 princeps
1201 1689 1232 1715 et
1250 1685 1333 1714 filius
1357 1688 1468 1715 noster
1484 1684 1630 1721 dilectus,
1655 1684 1779 1714 nobiles

152 1735 208 1765 viri
238 1734 423 1765 Fridericus
458 1734 649 1779 burgravius
688 1735 727 1766 dc
764 1735 972 1776 Nfioenberg,
1008 1736 1214 1766 Eberhardus
1244 1746 1349 1767 eomes
1378 1736 1417 1766 de
1452 1735 1780 1775 Catzenellenbogen,

152 1786 338 1817 Ludewicus
356 1797 463 1818 comes
481 1787 519 1818 de
538 1776 689 1828 Otingen,
708 1787 863 1817 Ger-lacus
881 1787 920 1818 de
938 1787 1105 1818 Bruberch
1126 1792 1157 1818 et
1176 1786 1341 1818 C<³1n·adus
1359 1787 1398 1818 de
1417 1787 1620 1828 NVinsperch,
1638 1788 1779 1817 strennui

152 1838 209 1867 viri
233 1863 238 1869 .
258 1862 264 1868 .
289 1837 328 1868 de
358 1838 580 1879 Bappenheim
610 1839 827 1869 marschnleus
861 1839 946 1869 curie
978 1843 1086 1870 nostre
1117 1843 1148 1869 ct
1172 1863 1202 1869 ..
1228 1840 1380 1879 magister
1410 1839 1494 1869 curie
1524 1842 1631 1869 nostre
1663 1842 1695 1869 et
1726 1839 1779 1869 alii

152 1899 243 1930 quam
267 1890 374 1930 plures
403 1889 565 1930 fidedigni.
611 1889 647 1920 In
680 1890 767 1920 cuius
798 1890 842 1920 roi
875 1890 1095 1920 testimonium
1125 1901 1258 1931 presens
1288 1890 1441 1931 scriptum
1467 1890 1644 1921 maiestatis
1670 1894 1779 1920 nostre

151 1940 252 1981 sigillo
275 1940 406 1971 fecimus
431 1942 628 1974 communiri.

253 1992 372 2023 Datum
396 1992 559 2032 Erfordie,
583 1993 658 2025 XII.
678 1992 815 2024 Kalend.
840 1992 1047 2032 Novembris,
1076 1994 1247 2024 indictione
1273 1996 1401 2035 quarta,
1431 2004 1514 2025 anno
1538 1994 1665 2025 Domini
1691 1992 1778 2023 MCC

151 2043 364 2084 nonagesimo,
388 2044 479 2084 regni
504 2054 578 2074 vero
602 2045 702 2075 nostri
727 2055 809 2075 anno
835 2044 960 2074 decimo
986 2047 1107 2076 octavo.

311 2171 387 2203 446.
410 2172 690 2203 MANDATNM
710 2172 777 2203 DE
798 2172 997 2204 JNRIRUS
1018 2172 1435 2204 MoNASTERsoR[ml.
1486 2174 1549 2204 Oct.
1567 2174 1617 2203 ,'.)]‚

256 2232 480 2271 Ατιίοῃνιψῖιοη
509 2233 645 2263 eizcsdem
675 2232 828 2263 tabularii
861 2233 960 2263 «Immo
989 2233 1217 2271 descripsimus.
1268 2232 1425 2271 Scriptum,
1455 2236 1498 2263 rs!
1537 2234 1569 2263 iit
1592 2232 1777 2263 mansellaria

151 2282 238 2321 reyiS.
283 2283 425 2322 Siyillum
448 2285 512 2315 iam
535 2285 630 2321 deest,
662 2284 725 2315 loro
757 2284 987 2315 membrammo
1016 2285 1129 2316 relicto.
1176 2285 1215 2315 Iu
1243 2295 1327 2315 verso
1350 2284 1461 2323 Ieyitur
1484 2296 1580 2315 numm
1603 2295 1682 2315 sare.
1700 2284 1778 2314 XV.-

153 2343 214 2363 non
238 2335 441 2375 registratum
466 2336 497 2366 in
521 2336 609 2366 libris
635 2336 761 2366 nostris.
787 2354 825 2358 —-
850 2335 995 2368 Bsilamer,
1020 2336 1092 2375 Regs.
1113 2337 1182 2375 imp.
1205 2336 1360 2369 VLJRSO.
1487 2337 1539 2375 (P.
1565 2337 1672 2371 deest.)

257 2420 413 2451 Rudolfus
448 2420 508 2451 Dei
542 2422 650 2462 gracia
684 2421 903 2452 Romanorum
940 2433 996 2453 rex
1032 2433 1159 2463 semper
1193 2425 1347 2461 augustus
1382 2423 1539 2452 universis
1570 2421 1776 2463 principibus,

153 2470 331 2509 comitibus,
354 2472 524 2509 nobilibus,
551 2472 734 2511 baronibus,
761 2472 1023 2504 ministerialibus
1048 2484 1168 2504 necnon
1194 2474 1311 2504 ceteris
1329 2473 1455 2514 imperii
1472 2473 1620 2504 fidelibus
1637 2474 1777 2513 graciam

155 2531 243 2552 suam
267 2526 298 2552 et
321 2533 412 2553 omne
436 2523 566 2554 bonum.

257 2572 458 2605 Venerabilis
483 2599 489 2605 .
511 2599 517 2605 .
542 2576 642 2606 abbas
665 2575 890 2606 Werdinensis
920 2576 1067 2617 prinecps
1094 2574 1249 2617 [noster]n
1283 2576 1419 2606 dilectus
1454 2578 1563 2606 nostre
1596 2575 1776 2605 celsitudini

153 2624 289 2663 graviter
311 2629 360 2655 est
384 2630 588 2666 conquestus,
615 2628 698 2668 quod
719 2627 865 2657 nonnulli
890 2627 967 2657 iuris
993 2627 1127 2665 inimici,
1152 2628 1203 2668 qui
1232 2627 1419 2657 advocacias
1443 2631 1473 2656 ct
1497 2628 1559 2657 alia
1584 2627 1674 2658 bona.
1699 2637 1776 2666 quas

153 2684 251 2714 queve
275 2686 293 2706 a
317 2676 400 2707 dicto
425 2677 542 2708 abbate
567 2682 678 2708 tenere
696 2678 823 2713 debentq
849 2679 1016 2719 negligunt
1033 2682 1139 2708 tamen
1165 2682 1196 2708 ct
1213 2682 1442 2719 contempnunt
1459 2678 1560 2708 dictas
1584 2678 1772 2707 advocacias

155 2729 186 2756 et
207 2725 290 2757 bona.
318 2728 382 2758 suis
413 2729 539 2759 statutis
569 2729 767 2771 temporibus
792 2732 961 2770 tamquam
992 2729 1102 2760 fideles
1129 2730 1287 2771 recipere.
1318 2733 1409 2771 prout
1439 2740 1506 2759 mos
1538 2733 1594 2759 cst.
1642 2729 1720 2758 Itcm
1746 2728 1775 2757 in

253 2794 316 2822 446.
336 2796 359 2828 ει)
378 2798 444 2822 deest
462 2808 497 2823 or.

1524 2846 1572 2872 54²*
