2259 3164
93 765 116 785 10

93 1024 115 1043 1⁵

95 1281 119 1300 20

97 1541 120 1562 25

97 1802 120 1822 ³0

97 2061 121 2081 35

98 2318 122 2338 40

99 2588 123 2607 45

514 198 669 226 RUDOLFI
689 198 791 225 REGIS
811 197 1128 226 CONSTITU'l'lONES.
1166 201 1236 227 1275.
1274 202 1318 228 Nr.
1334 203 1388 228 1⁴22.
1702 205 1757 234 117

249 290 275 320 3.
299 287 381 319 Item
413 286 580 318 habebunt
613 289 807 327 potestatem
836 286 957 317 iudices
991 287 1150 318 iudicandi
1181 288 1219 318 de
1250 288 1393 329 dampnis
1425 289 1520 319 illatis
1549 290 1758 327 monasteriis,

143 341 264 379 viduis,
287 339 454 381 orphanis,
478 338 687 380 hospitalibus
712 341 743 368 et
767 338 837 368 aliis
863 339 1007 379 personis
1031 339 1280 377 miserabilibus,
1317 341 1367 381 qui
1395 340 1477 371 dicte
1502 341 1638 381 gwerre¹
1663 341 1758 382 parti-

144 394 229 435 cipes
251 402 313 422 non
329 391 488 421 fueruntu.
527 390 597 420 Hoc
615 389 757 420 adhibito
777 389 1004 429 moderamine,
1029 390 1111 431 quod
1130 391 1310 432 supradicte
1328 402 1461 432 persone
1486 402 1519 422 se
1543 402 1603 422 non
1628 391 1759 422 reddant

143 444 289 476 difficiles
323 443 389 474 sive
417 452 550 483 graves,
580 441 606 471 si
634 440 757 471 lesores
785 440 943 471 voluerint
966 447 1175 482 componerev
1200 452 1269 472 cum
1295 444 1438 481 offensis,
1467 447 1497 473 ct
1526 443 1621 473 talem
1646 454 1759 483 conpo-

145 497 293 528 sicionem
318 493 441 524 iudices
465 503 529 524 non
552 492 727 533 inpediant,
752 492 876 522 immoW
900 496 1117 534 promoveant,
1141 497 1290 534 quantum
1315 499 1449 535 possunt
1472 495 1554 525 bona
1577 494 1637 524 fide
1650 495 1670 525 ¹.

249 549 277 577 4.
302 545 385 576 Item
410 545 600 586 quicumque
630 543 669 574 ad
700 543 837 574 iudicem
861 544 977 574 fueritX
1001 544 1212 579 evocandusy,
1238 556 1343 575 coram
1374 556 1434 586 quo
1459 556 1553 576 causa
1576 546 1669 576 fuerit
1693 546 1760 585 agi-

143 598 249 638 tanda,
274 597 424 628 citabitur
446 596 562 626 litteris
586 595 718 634 iudicis,
742 605 798 636 pro
824 595 937 636 quibus
961 595 1047 625 IIIIZ
1070 595 1219 627 denarios
1245 597 1367 627 notario
1391 600 1512 627 tantum
1537 596 1632 627 dabit.
1670 596 1712 626 Et
1735 597 1760 626 si

146 651 259 683 citatus
282 649 449 690 negaverit
471 658 504 678 se
530 648 672 685 citatum,
697 647 756 677 hoc
781 647 979 677 iuramento⁵
1004 646 1194 685 declarabit,
1219 649 1358 689 alioquin
1382 649 1551 679 habebitur
1574 658 1630 689 pro
1655 648 1761 678 citato.

249 703 277 731 5.
302 700 385 731 Item
415 698 564 741 quicquid
588 699 793 730 terminatum
825 702 875 730 est
899 709 1004 730 coram
1035 699 1137 730 iudice
1163 700 1376 741 competentib
1408 700 1484 730 iuris
1514 699 1623 729 ordine
1653 698 1761 729 obser-

143 756 226 794 vato,
249 753 309 784 hoc
324 751 458 783 habebit
475 753 630 792 perpetuo
649 750 838 782 firmitatem.
879 750 1036 792 Quicquid
1060 761 1133 782 vero
1157 762 1213 793 per
1236 752 1309 791 vim,
1333 755 1450 782 metum
1475 755 1506 782 et
1528 751 1604 792 perb
1630 751 1761 791 impres-

143 806 263 837 sionem
294 804 379 845 regis
403 802 555 833 Boemiec
579 803 629 834 vel
654 803 789 833 aliorum
812 803 965 833 maiorum
992 806 1075 833 terre
1098 803 1169 834 veld
1192 803 1373 844 gerencium
1395 803 1495 833 vicem
1518 802 1621 843 regis⁰
1644 802 1762 831 factum

142 855 266 896 fuerits,
295 856 380 886 vires
410 854 593 885 nullatenus
624 854 794 895 optinebit,
825 857 873 886 set
903 854 943 885 ad
967 857 1083 885 statum
1107 854 1247 885 debitum
1272 854 1440 885 reducetur
1464 852 1635 885 secundum
1660 853 1707 883 ius
1732 855 1763 883 et

143 911 226 939 terre
250 906 515 938 consuetudinem
540 906 760 948 approbatam.

249 961 277 991 6.
301 958 384 990 Item
408 958 433 989 si
457 961 602 999 tempore
626 958 697 996 illo,
729 968 789 999 quo
813 968 875 988 non
905 958 963 988 fuit
992 957 1141 988 iudicium
1167 959 1197 988 in
1221 961 1322 996 terra,
1353 958 1466 998 aliquis
1496 955 1688 998 pretermisit
1716 955 1763 985 ius

144 1016 255 1044 suum8
280 1005 442 1053 prosequi,
466 1010 539 1040 huic
563 1019 674 1040 cursus
698 1010 850 1051 temporis
876 1012 907 1041 et
929 1010 1171 1051 prescripcionis
1193 1010 1353 1051 excepcio,
1378 1010 1402 1039 si
1426 1008 1576 1049 deinceps
1601 1007 1649 1038 ius
1673 1017 1763 1037 suum

142 1063 292 1106 prosequi
316 1062 463 1102 voluerit,
487 1072 550 1092 non
573 1061 711 1092 nocebit.

252 1116 279 1146 7.
303 1113 386 1145 Item
411 1113 437 1144 si
461 1114 640 1144 convictum
665 1113 810 1154 legitime
835 1123 940 1143 coram
965 1112 1081 1143 iudicio
1112 1112 1151 1144 de
1182 1113 1286 1154 aliquo
1317 1112 1446 1143 crimine
1474 1111 1587 1152 aliquis
1615 1111 1645 1140 in
1674 1120 1763 1140 suum

144 1166 336 1198 domicilium
362 1166 504 1196 scienter
527 1165 696 1206 receperit,
722 1164 784 1195 nisi
807 1164 985 1195 iuramento
1011 1164 1151 1205 potuerit
1175 1163 1414 1195 innoeenciamh
1432 1163 1605 1201 declarare,
1629 1162 1696 1192 vice
1720 1161 1765 1191 rei

148 1218 326 1250 satisfaciet
351 1217 560 1258 conquerenti
586 1220 617 1247 et
641 1216 866 1247 nichilominus
890 1216 1070 1247 convictum
1096 1216 1234 1247 dimittat
1258 1216 1327 1247 sine
1358 1226 1446 1246 mora
1473 1218 1504 1246 et
1532 1213 1627 1244 iudici
1650 1223 1764 1254 penam

148 1271 250 1302 solvet
272 1270 364 1300 iuxta
387 1272 472 1300 terre
497 1267 759 1299 consuetudinem
783 1267 1002 1309 approbatam.

253 1323 282 1354 8.
306 1321 388 1352 Item
412 1320 517 1352 nullus
542 1320 683 1362 inpediet
706 1320 884 1362 principes,
913 1320 1186 1361 archiepiscopos,
1210 1320 1389 1360 episcopos,
1412 1318 1562 1355 abbates,
1586 1315 1765 1357 prepositos

144 1374 195 1406 vel
220 1373 300 1404 alios
324 1373 472 1415 prelatOS‚
498 1372 645 1410 comites,
670 1372 824 1410 barones,
849 1371 1073 1402 ministeriales
1098 1376 1129 1402 et
1153 1381 1369 1412 quoscumque
1390 1370 1483 1409 alios,
1508 1369 1583 1410 quin
1607 1377 1676 1398 cum
1701 1366 1766 1397 suis

146 1424 316 1463 vassallisi,
346 1424 480 1466 propriis
504 1423 684 1454 hominibus
709 1427 740 1454 et
769 1423 838 1454 aliis
863 1424 928 1454 suis
958 1422 1093 1454 subditis
1123 1423 1256 1461 faciant,
1285 1421 1368 1463 quod
1392 1420 1528 1451 viderint
1558 1418 1710 1461 expedire
1736 1420 1767 1448 et

145 1477 228 1520 quod
252 1477 350 1508 fuerit
372 1486 547 1507 consonum
570 1475 699 1506 racioni.

255 1531 283 1560 9.
307 1527 389 1559 Item
417 1527 522 1558 nullus
554 1527 688 1568 recipiat
721 1530 752 1557 et
780 1529 888 1557 teneat
909 1526 1051 1556 homines
1074 1525 1217 1566 proprios
1241 1523 1396 1555 alicuiusk
1419 1523 1470 1553 vel
1493 1522 1553 1553 alio
1571 1522 1652 1552 iusto
1679 1521 1767 1552 titulo

147 1581 240 1613 alteri
269 1580 444 1612 attinentes
475 1582 587 1610 contra
616 1579 734 1609 domini
767 1579 978 1616 voluntatem,
1010 1578 1106 1608 salvis
1133 1577 1273 1613 iuribus,
1307 1574 1506 1606 libertatibus
1536 1576 1567 1604 et
1594 1572 1767 1614 privilegiis

145 1633 328 1672 civitatum,
351 1631 598 1673 municipiorum
638 1641 693 1661 seu
725 1630 859 1661 aliarum
888 1630 1167 1668 communitatum,
1199 1629 1243 1659 eis
1274 1626 1525 1668 competentibus
1549 1636 1589 1656 ex
1612 1623 1768 1664 imperiali

145 1684 360 1716 munificentia
390 1687 421 1714 et
454 1686 608 1714 terrarum
638 1681 832 1723 principibus
870 1684 901 1711 et
931 1680 1110 1722 approbata
1138 1678 1367 1710 consuetudine
1396 1676 1450 1708 ex¹
1474 1676 1614 1717 antiquo.
1659 1675 1700 1705 Et
1723 1674 1767 1704 sib

146 1740 298 1778 receptus
323 1746 386 1766 non
412 1734 569 1765 inficiatur
593 1744 627 1764 se
652 1733 778 1764 domino
797 1732 943 1770 attinere,
967 1735 1114 1773 receptor
1129 1730 1267 1761 dimittat
1291 1733 1322 1760 et
1339 1729 1487 1760 restituat
1511 1728 1578 1758 sine
1602 1737 1689 1757 mora
1712 1736 1768 1767 per

147 1788 285 1820 iudicem
309 1787 349 1818 ad
371 1786 560 1817 instanciam
577 1785 695 1815 domini
719 1784 899 1825 requisitus.
936 1783 1086 1824 Alioquin
1104 1785 1248 1823 receptor
1272 1791 1353 1823 pene
1371 1780 1497 1810 nomine
1514 1779 1632 1809 solvetb
1658 1777 1768 1808 decem

147 1840 243 1871 libras
269 1843 300 1870 et
322 1838 417 1870 iudici
441 1837 661 1868 nichilominus
679 1837 818 1877 quinque
844 1835 942 1866 libras
967 1838 999 1865 et
1022 1833 1119 1864 iudex
1138 1833 1299 1875 conpellet
1325 1832 1363 1863 ad
1381 1832 1573 1863 solucionem
1589 1827 1768 1859 huiusmodi

148 1894 356 1933 receptorem.
404 1889 437 1920 Si
462 1899 535 1919 vero
560 1889 727 1929 negaverit
750 1886 962 1928 conquerenti
986 1886 1112 1916 domino
1138 1885 1289 1922 attinere,
1322 1887 1469 1925 receptor
1495 1892 1550 1923 pro
1574 1881 1640 1922 ipso
1663 1889 1767 1910 coram

148 1943 342 1985 competenti
367 1941 471 1972 iudice
490 1939 697 1981 respondebit
720 1939 823 1970 iux-ism
848 1938 957 1968 ordine
982 1948 1037 1978 pro
1062 1940 1199 1978 recepto.
1244 1936 1286 1966 Et
1310 1936 1334 1965 si
1359 1935 1390 1965 in
1414 1937 1548 1974 utroque
1573 1942 1648 1962 casu
1673 1940 1768 1962 causa

148 1994 310 2036 pendente
335 1993 460 2024 domino
486 1992 669 2030 occurrerit,
694 1990 821 2022 tenendi
846 2000 916 2020 eum
940 1989 988 2019 vel
1013 1987 1194 2030 captivandi
1217 1987 1349 2018 habebit
1373 1985 1505 2016 liberam
1529 1982 1713 2014 facultatem
1737 1984 1768 2012 et

147 2049 278 2088 propter
300 2046 360 2076 hoc
384 2055 500 2086 penam
524 2044 662 2084 aliquam
687 2053 748 2073 non
773 2040 943 2072 incurret2.

256 2099 302 2129 10.
328 2097 411 2128 Item
435 2095 690 2127 districtissimess
716 2094 912 2131 inhibemus,
946 2102 984 2122 ne
1013 2092 1178 2133 quisquam
1211 2093 1320 2121 teneat
1348 2088 1489 2119 homines
1517 2085 1648 2117 alterius
1678 2083 1768 2114 titulo

147 2149 199 2189 qui
223 2148 336 2179 dicitur
358 2151 523 2178 muntman
534 2152 556 2176 ⁰.
596 2146 637 2177 Et
661 2146 685 2176 si
702 2148 852 2186 receptor
874 2154 931 2186 per
948 2143 1107 2174 dominum
1126 2142 1294 2183 requisitus
1319 2151 1381 2171 non
1405 2138 1578 2170 absolverit
1602 2136 1651 2167 vel
1675 2135 1765 2165 dimi-

149 2201 226 2231 serit
257 2200 302 2231 sic
336 2202 515 2240 receptum,
552 2198 655 2229 solvet
683 2197 808 2228 domino
842 2196 1000 2237 quinquep
1029 2194 1127 2225 libras
1159 2197 1211 2225 et⁴¹
1240 2192 1279 2223 ad
1309 2191 1502 2222 solucionem
1531 2189 1602 2219 talis
1632 2198 1711 2228 pene
1736 2190 1767 2217 ct

146 2251 376 2283 liberacionem
400 2251 500 2292 ipsius
525 2250 644 2291 recepti
669 2252 813 2290 receptor
836 2258 893 2288 per
916 2246 1051 2277 iudicem
1076 2244 1313 2287 compellatur-².

259 2305 306 2335 11.
330 2303 413 2334 Item
437 2305 548 2333 contra
565 2300 739 2332 homicidas
757 2299 879 2331 iudices
904 2309 965 2329 non
984 2297 1158 2340 procedant
1174 2307 1275 2338 usque
1299 2295 1338 2326 ad
1363 2294 1434 2325 anni
1452 2292 1592 2334 spacium
1617 2302 1635 2321 a
1652 2290 1764 2320 nativi-

147 2358 214 2386 tate
237 2354 365 2386 Domini
394 2354 540 2396 proxime
571 2363 654 2384 nunc
684 2356 819 2383 ventura
848 2354 879 2381 et
907 2351 1030 2381 interim
1061 2348 1217 2380 homicide
1249 2348 1439 2388 componant
1462 2343 1671 2375 amicabilitm·
1695 2343 1867 2385 ‘'umnlc

149 2407 289 2438 offensis.
335 2406 487 2447 Alioquin
513 2406 567 2436 fiet
590 2404 716 2435 iusticia
740 2402 956 2444 conquerenti.

252 2491 315 2518 122.
335 2493 359 2523 u)
379 2501 429 2516 nou
449 2494 511 2516 fuer.
532 2495 594 2524 part.
614 2490 636 2515 3.
743 2490 765 2517 V)
785 2498 856 2521 conp.
876 2488 970 2512 voluer.
990 2486 1012 2511 ἱ).
1117 2486 1145 2512 W}
1166 2487 1232 2510 inuio
1254 2485 1280 2512 l:
1310 2485 1351 2508 scd
1374 2482 1397 2507 2.
1500 2485 1523 2502 x,
1545 2482 1606 2504 fuer.
1626 2479 1656 2502 :ul
1677 2478 1725 2502 iud.
1745 2477 1766 2501 L‘.

148 2536 172 2566 Υ)
191 2536 348 2561 revocandus
372 2535 395 2560 3.
482 2536 504 2565 z)
524 2538 643 2566 quattuor
661 2533 685 2557 2.
774 2533 796 2562 ³¹)
819 2532 952 2563 proprio
976 2530 1035 2553 add.
1055 2530 1077 2553 2).
1183 2529 1205 2557 b)
1231 2528 1296 2551 ders!
1322 2527 1344 2550 12.
1449 2524 1470 2551 ε1
1497 2525 1573 2547 ὕοι-ῆι
1597 2523 1619 2548 1;
1650 2522 1725 2544 l'mhm
1746 2520 1768 2542 2'».

150 2578 174 2612 d)
194 2580 260 2604 deest
278 2578 301 2604 3.
389 2578 411 2609 e)
433 2579 499 2602 vices
518 2586 589 2608 reges
602 2576 626 2601 2.
708 2574 726 2607 s)
740 2575 814 2599 rerba
834 2575 858 2598 [η
877 2573 906 2603 3;
926 2574 1014 2597 desunt
1035 2572 1056 2596 1.
1075 2572 1097 2596 2.
1179 2575 1201 2600 Β)
1221 2579 1293 2594 suum
1315 2570 1351 2593 ius
1370 2568 1392 2591 3.
1468 2566 1491 2598 l¹)
1512 2565 1727 2595 ignor-:nnciam
1747 2562 1769 2584 Ji.

149 2621 167 2654 i)
187 2623 294 2647 sassi-'illis
307 2621 330 2647 2.
437 2620 461 2653 k)
481 2621 588 2645 alieuius
609 2619 719 2652 proprios
738 2618 762 2642 2.
861 2616 878 2647 l)
897 2617 927 2640 ab
947 2616 968 2639 3.
1069 2614 1098 2644 ¹¹¹)
1118 2624 1196 2645 supra
1216 2614 1305 2637 lincam
1327 2612 1386 2635 add.
1406 2610 1428 2634 3.
1529 2613 1549 2638 ¹¹„
1575 2606 1727 2630 sti-iminium·
1748 2605 1769 2627 2-

149 2666 173 2697 ⁰)
191 2661 325 2689 mfintman
344 2663 367 2689 2.
454 2664 478 2695 1))
500 2664 519 2687 V
538 2663 560 2687 3.
649 2668 671 2691 'ly
691 2662 769 2685 eciam
789 2660 812 2685 “2-

253 2724 278 2755 1)
301 2722 484 2755 Consercmlac
503 2725 565 2747 sunt
583 2729 640 2747 cum
658 2730 677 2746 c.
693 2724 755 2745 1——3
767 2718 964 2745 constitutiones
986 2717 1073 2742 euriae
1092 2714 1313 2747 Norinultrifflvisis
1333 2722 1355 2737 tl.
1371 2716 1437 2737 2¹:74.
1452 2710 1519 2735 Nor.
1535 2714 1571 2733 11),
1590 2715 1670 2738 seqrm
1692 2714 1729 2730 m·⁴
1741 2709 1767 2729 ,ζ’

150 2775 171 2793 c.
186 2771 213 2797 5,
239 2769 269 2792 ut
288 2766 388 2792 monuit
408 2766 519 2791 Zcumer
539 2765 553 2789 I.
573 2772 654 2796 supra
670 2771 697 2795 J».
718 2767 749 2787 :320
771 2763 786 2787 l.
806 2766 836 2787 215
854 2761 931 2786 citato
948 2769 975 2792 p.
993 2764 1031 2784 111
1052 2768 1076 2784 η.
1091 2764 1109 2784 J.
1198 2760 1223 2789 2)
1245 2757 1336 2788 Capisa
1358 2764 1369 2772 «ι
1395 2758 1415 2779 ι’(
1439 2759 1467 2779 1¹1
1490 2752 1593 2776 munim»
1612 2749 1766 2773 ‹¹11›11.·‹1r‹lvm!

149 2818 206 2835 cum
225 2809 335 2835 Statutis
354 2811 436 2834 terrac
451 2808 607 2833 Auso-iacun
625 2815 643 2831 c.
661 2810 693 2831 :251
713 2808 734 2830 el
754 2809 789 2829 415*
808 2802 1070 2842 (vestm-reich[sulm
1086 2800 1264 2826 Lamlcsrecm·
1283 2800 1319 2825 cd.
1337 2796 1481 2824 Hanania-l
1504 2798 1572 2820 1³⁶7.
1591 2802 1615 2824 [ν.
1631 2798 1659 2817 115
1677 2796 1697 2814 v'
1718 2796 1756 2816 ’ἢν
