2259 3116
459 122 517 151 174
803 117 960 144 RUDOLFI
979 117 1085 143 REGIS
1105 116 1427 143 CONSTITUTIONES.
1466 116 1540 142 1278.
1576 115 1694 141 N1·.186.
1710 115 1768 141 187.

457 207 565 237 biliter
590 205 732 237 inclinati
757 205 971 246 permittimus
997 208 1028 235 et
1051 205 1180 246 plenam
1205 214 1241 234 ac
1266 203 1394 245 planam
1420 202 1542 233 eisdem
1567 201 1771 232 concedimus
1790 201 1985 241 facultatem,
2010 202 2092 243 quod

462 259 552 289 iuxta
576 257 746 300 peticionis
771 267 828 288 sue
853 260 996 288 tenorem
1015 260 1152 297 quatuor
1168 256 1323 286 officiatos
1341 265 1512 296 expressos
1530 254 1686 295 superius,
1712 254 1764 294 qui
1787 253 1886 294 ipsius
1909 255 2093 286 monasterii

457 309 688 341 ministeriales
706 309 779 347 sint,
804 309 999 340 constituant
1024 312 1056 339 et
1073 308 1204 339 eosdem
1228 307 1267 338 de
1286 306 1470 337 monasterii
1488 306 1580 337 bonis
1599 304 1772 345 infeodent,
1797 306 1864 337 sine
1882 305 1970 346 gravi
1988 308 2094 337 tamen

460 362 649 393 monasterii
674 361 843 403 dispendio
869 364 901 392 et
925 361 1058 391 iactura.
1104 360 1175 390 Hoc
1200 359 1324 390 adiecto
1350 358 1588 396 nichilominus,
1614 357 1695 398 quod
1720 357 1817 388 iidem
1843 357 1973 388 officiati
1997 357 2094 388 nichil

460 415 490 444 in
516 414 593 456 ipsis
611 413 722 444 officiis
745 416 834 443 motu
851 413 979 454 proprio
1002 412 1149 442 ordinare
1173 411 1302 441 valeant
1325 421 1381 441 seu
1401 410 1583 451 disponere,
1608 409 1689 439 nisia
1714 408 1798 450 quod
1822 408 1861 439 de
1885 408 2020 447 abbatis,
2044 409 2096 450 qui

460 469 535 497 tunc
560 476 617 508 pro
641 468 787 507 tempore
810 465 916 503 fuerit7
942 468 974 495 et
998 467 1173 495 conventus
1190 462 1387 504 processerit
1403 463 1579 492 voluntate.
1618 460 1664 501 (3)
1690 460 1723 491 Si
1748 471 1840 502 quem
1859 461 1960 491 eciam
1977 460 2095 492 officia-

459 521 564 548 torum
589 517 728 558 migrare
754 517 924 557 eontigerit
948 516 988 547 ab
1012 515 1071 545 hae
1097 515 1182 553 luce‚
1208 514 1395 545 decedentis
1418 513 1652 555 primogenitus
1677 516 1802 543 tantum
1826 512 1923 543 debet
1946 512 1978 542 in
2002 512 2097 543 officii

458 572 489 600 et
518 569 684 600 feodorum
721 568 761 599 ad
796 568 879 599 idem
913 567 1134 609 spectancium
1166 566 1366 608 possessione
1399 565 1508 606 quieta
1540 568 1572 595 et
1602 564 1738 606 pacifica
1761 574 1968 605 permanere,
2002 573 2042 594 ne
2066 564 2097 594 in

457 621 568 662 plures
600 620 738 651 heredes
770 620 875 661 ipsum
909 619 1048 650 officium
1085 618 1254 649 dividatur.
1307 617 1339 647 Si
1369 628 1444 648 vero
1474 616 1590 657 aliquis
1627 626 1669 646 ex
1700 615 1882 646 huiusmodi
1906 615 2093 646 officialibus

458 676 551 703 extra
581 675 775 714 potestatem
805 672 943 703 ecclesie
975 671 1211 701 matrimonium
1246 669 1458 707 contraxerit,
1495 667 1632 699 heredes
1668 667 1811 698 eiusdem
1840 667 1925 698 idem
1955 667 2093 698 officium

459 724 645 755 nullatenus
663 723 863 755 heredabunt
888 726 919 753 et
943 723 974 752 in
998 722 1058 752 hoc
1077 732 1152 752 casu
1177 721 1285 751 abbati
1311 723 1343 750 et
1360 720 1530 750 conventui
1554 718 1724 749 antedictis
1748 722 1814 749 tam
1839 719 1978 750 officium
2002 730 2096 761 quam

459 775 587 806 feodum
611 775 671 817 ipsi
696 775 801 805 officio
826 775 968 805 attinens
995 774 1025 804 in
1051 774 1147 804 alium
1173 772 1348 803 transferre
1373 772 1491 803 licebit.
1536 771 1574 801 In
1607 771 1697 802 cuius
1722 771 1942 802 testimonium
1967 781 2096 812 presens

457 828 609 869 seriptum
635 827 814 857 maiestatis
844 830 952 857 nostre
977 825 1081 866 sigillo
1106 824 1257 855 iussimus
1283 823 1481 854 communiri.

566 887 641 918 Dat.
670 887 820 925 XVienne,
845 886 917 918 XV.
936 886 1008 917 Kal.
1028 885 1162 926 Aprilis,
1181 884 1354 915 indictione
1373 884 1431 918 VI,
1457 894 1539 914 anno
1557 883 1687 914 Domini
1706 882 1985 923 MCCLXXVIIL
2008 884 2097 925 regni

459 950 534 971 vero
559 939 658 970 nostri
683 949 768 970 anno
794 939 916 980 quinto.

624 1263 718 1313 187.
752 1260 1219 1314 MANDATUM
1256 1259 1361 1312 DE
1402 1259 1935 1313 IMMUNITATE

866 1338 1180 1391 CIVITAT
1196 1337 1312 1390 ΠΜ
1349 1338 1443 1390 [M
1451 1337 1494 1389 P
1502 1337 1641 1390 ERI
1653 1338 1690 1391 Ι.

1133 1448 1239 1483 1278.
1282 1448 1363 1484 Mai.
1385 1447 1444 1483 22.

572 1558 730 1588 Ineditum
753 1558 911 1597 lem-usque
935 1569 972 1588 (¹:1-
995 1557 1188 1597 antoqraplm
1206 1557 1359 1588 tabularii
1383 1558 1520 1588 vinitatis
1544 1558 1743 1598 I'illingsmsis
1765 1559 1848 1590 dedit
1871 1559 1919 1590 vir
1941 1559 1969 1590 (l.
1989 1559 2099 1589 Roder.

464 1610 582 1641 Pendet
611 1609 745 1649 siyillum
778 1611 842 1647 [ιν-ι»
867 1609 1004 1640 illamam
1036 1609 1099 1639 loro
1129 1609 1390 1640 mmdwanaeeo¹.
1444 1610 1492 1650 (γ’.
1524 1611 1586 1641 iam
1614 1622 1712 1650 supra
1742 1622 1789 1641 nr.
1814 1613 1860 1642 (ι’-ί).
1891 1630 1927 1633 —
1957 1610 2100 1648 Biihmer,

463 1662 536 1701 Rey.
554 1662 626 1700 imp.
648 1661 700 1697 VI,
717 1662 787 1693 9:33.
1812 1663 1864 1703 (P,
1889 1664 1996 1703 deest)

574 1757 732 1787 Rudolfus
757 1756 818 1787 Dei
844 1756 952 1797 gracia
977 1755 1199 1787 Romanorumv
1219 1768 1275 1787 rex
1301 1768 1429 1798 semper
1450 1761 1606 1798 augustus
1631 1759 1789 1789 universis
1814 1759 1938 1801 imperii
1964 1757 2100 1788 Romani

464 1809 618 1839 fidelibus
641 1813 807 1850 presentes
832 1808 955 1839 litteras
980 1809 1171 1849 inspecturis
1196 1810 1338 1849 graciam
1362 1820 1450 1840 suain
1477 1814 1508 1840 et
1533 1820 1627 1840 omne
1652 1810 1780 1841 bonum,

575 1869 624 1900 Ad
649 1869 867 1900 univcrsitatis
892 1872 997 1899 vestre
1022 1869 1175 1899 noticiam
1200 1873 1309 1900 tenore
1334 1871 1535 1911 presencium
1561 1871 1708 1912 cupimus
1733 1871 1912 1912 pervenire,
1938 1870 2020 1912 quod
2044 1881 2100 1901 nos

469 1922 625 1951 universis
650 1922 767 1951 nostris
793 1924 823 1951 ct
847 1921 971 1962 imperii
996 1921 1180 1952 civitatibus
1208 1922 1289 1952 hanc
1315 1923 1377 1953 iam
1402 1922 1520 1953 dudum
1539 1923 1679 1963 graciam
1698 1923 1899 1953 meminimus
1916 1912 2098 1960 indulsisse,

467 1973 550 2014 quod
579 1973 665 2003 cives
690 1973 845 2003 dictarum
870 1973 1032 2003 civitatum
1058 1983 1153 2014 super
1178 1974 1266 2004 nulla
1290 1974 1457 2015 questione
1482 1985 1538 2004 seu
1564 1985 1661 2005 causa
1685 1975 1806 2016 possint
1833 1978 1925 2006 extra.
1942 1975 2102 2005 civitatem

471 2024 511 2055 ad
535 2025 729 2066 provinciale
755 2024 905 2054 iudicium
931 2025 1067 2059 evocari,
1094 2025 1167 2065 quin
1193 2025 1303 2066 pocius
1328 2036 1435 2056 coram
1461 2026 1599 2056 civitatis
1631 2026 1734 2057 iudice
1759 2026 1932 2057 conveniri.
1978 2026 2004 2057 E
2029 2036 2101 2056 con-

467 2087 557 2107 verso
583 2087 709 2117 quoque
735 2076 885 2106 statuisse
905 2076 1083 2110 recolimus,
1109 2081 1142 2106 ut
1167 2077 1192 2106 si
1217 2077 1294 2107 civis
1321 2078 1415 2107 alicui
1440 2078 1571 2108 foranoo
1596 2089 1725 2109 movere
1750 2078 1868 2109 habeat
1892 2078 2102 2119 questionem,

467 2129 554 2158 illurn
581 2139 642 2158 non
669 2128 698 2157 in
724 2128 871 2165 civitate,
908 2127 963 2157 sed
998 2129 1200 2159 extrinsecus
1231 2139 1335 2159 corani
1366 2139 1422 2159 suo
1453 2129 1558 2160 iudice
1589 2129 1706 2160 debeat
1731 2131 1910 2161 convenire.
1950 2129 2101 2160 Volentcs

467 2180 573 2220 itaque
599 2179 681 2209 lianc
700 2179 858 2209 libertatis
882 2179 1022 2219 graciam
1049 2180 1079 2210 in
1104 2190 1160 2210 suo
1185 2180 1298 2210 robore
1316 2191 1514 2221 permanere,
1541 2181 1631 2212 vobis
1656 2181 1814 2212 universis
1838 2185 1869 2212 et
1887 2181 2019 2222 singulis
2043 2180 2100 2211 sub

467 2231 599 2260 obtentu
624 2231 732 2271 gracie
758 2236 866 2261 nostre
893 2231 1037 2261 districte
1063 2231 1272 2272 precipiendo
1298 2232 1501 2267 mandamus,
1534 2236 1693 2274 quatenus
1719 2237 1827 2264 contra
1853 2236 1971 2264 statuta
1994 2232 2102 2263 huius-

468 2282 552 2312 modi
580 2282 763 2312 nullatcnus
790 2282 936 2315 veniatis,
963 2283 988 2312 si
1015 2282 1272 2322 indignacionem
1299 2284 1419 2323 regiani
1447 2285 1612 2314 volueritis
1637 2285 1772 2317 evitare.

579 2341 694 2372 Datum
721 2341 873 2375 NVienne,
898 2342 955 2372 xl.
976 2342 1141 2372 Kalendas
1166 2343 1258 2374 lunii.
1285 2343 1456 2374 indictione
1483 2344 1539 2378 YL
1564 2355 1647 2375 anno
1673 2345 1801 2376 Domini
1827 2343 2102 2382 MCCLXXVIH,

469 2394 557 2433 regni
585 2404 658 2423 vero
685 2394 781 2423 nostri
807 2404 889 2423 anno
914 2394 1034 2434 quinto,

548 2466 562 2478 ἱ

574 2651 634 2676 186.
654 2656 676 2674 ³¹1
697 2661 763 2676 vostr.
785 2660 814 2674 m-
833 2652 875 2686 niq
897 2661 933 2676 or.

574 2730 596 2757 l>
616 2728 655 2760 (l'l'.
675 2729 749 2753 ε’ὶίαηι
774 2727 835 2759 [ι’«ῃ.
851 2737 907 2760 ¹¹1111·
929 2728 1029 2759 l'l,v1¹.·.’
1047 2731 1067 2753 s!
1089 2733 1155 2754 17³7.

2123 681 2145 699 10

2125 947 2146 965 15

2126 1625 2150 1643 2⁰

2127 1932 2150 1952 2³

2127 2190 2150 2208 30

2125 2657 2147 2677 ³⁵
