2259 3116
430 137 490 165 410
768 133 923 159 eunome
945 133 1048 160 nnsis
1068 133 1386 160 CONSTLTUTIONES.
1426 134 1496 160 1289.
1535 133 1650 159 N1-.417.
1666 133 1723 160 418.

430 223 628 263 pertractans
661 220 797 251 sollicite
829 220 941 251 audias
974 223 1006 252 et
1035 221 1198 262 intelligas
1230 220 1415 262 diligenter,
1446 231 1507 262 que
1542 230 1638 262 super
1668 220 1726 251 hoe
1757 231 1798 252 ex
1832 223 1922 262 parte
1951 224 2060 253 nostra

430 273 667 314 magnificentie
692 273 779 313 regie
804 273 930 304 duxerit
954 272 1154 314 explicanda.

536 332 609 363 Dat.
633 332 735 364 Rome
759 333 844 374 apud
870 333 1020 364 Sanctam
1044 333 1179 364 Mariam
1203 333 1368 372 Maiorem,
1392 333 1468 364 Idus
1492 332 1623 375 Aprilis,
1649 343 1731 364 anno
1756 333 1908 366 secundo.

867 477 943 510 417.
970 478 1115 510 ALIAE
1136 478 1375 510 LITTERAE
1395 478 1618 511 EIUSDEM.

535 540 679 571 Eundem
702 539 889 571 contulimus
911 542 980 570 tom.
1000 541 1040 569 44
1060 539 1116 580 fol.
1133 542 1206 570 307⁷
1230 540 1275 580 (a.
1292 541 1334 571 II
1353 551 1397 579 cp.
1422 551 1488 572 cur.
1507 542 1571 580 11),
1595 540 1649 571 ubi
1673 540 1832 580 inscriptio
1849 540 1971 572 Eidem.
2013 541 2061 579 Cf.
2101 556 2111 574 5

429 593 521 623 ctiam
538 602 573 623 ea
589 602 668 631 quac
684 592 803 622 notavit
819 591 1076 622 Kaltenbrmmcr
1092 592 1314 623 ‘Actenstz'iclce'
1331 603 1367 632 2».
1384 594 1455 623 356.
1480 610 1520 614 —
1543 592 1686 630 Bolzmer,
1712 592 1785 632 Regi.
1802 593 1874 632 imp.
1900 592 1954 629 VI,
1967 593 2061 625 2225.

1779 644 1832 684 (P.
1850 645 1956 683 deest.)

537 714 585 754 (Ι)
609 713 754 744 Dilectos
778 713 860 744 filios
884 713 1015 745 fratrem
1039 713 1260 744 Bruchardum
1284 714 1472 755 magistrum
1496 713 1677 756 Hospitalis
1702 716 1811 745 sancte
1836 714 1937 746 Marie
1954 714 2061 746 Theo-

430 765 608 796 tonicorum
631 765 880 795 Ierosolimitani
906 768 937 795 et
961 766 1150 806 magistrum
1174 765 1351 796 Henricum
1377 765 1654 807 prothonotarium
1684 768 1788 805 tuum,
1819 766 1907 807 regie
1932 766 2061 797 celsitu-

431 817 513 847 dinis
537 817 681 856 nuntios,
706 816 824 847 latores
848 817 1058 858 presentium,
1083 816 1123 847 ad
1147 820 1289 848 nostram
1314 818 1510 859 presentiam
1535 817 1726 848 accedentes
1751 818 1948 859 benignitate
1971 828 2060 849 rece·
2091 830 2113 848 ιο

430 868 534 910 pimus
551 871 706 899 consueta
724 871 755 899 et
773 878 833 909 que
851 878 958 899 coram
976 868 1070 899 nobis
1088 879 1128 899 ex
1144 872 1234 909 parte
1260 872 1314 899 tua
1335 879 1515 910 proponere
1538 873 1740 908 curaverunt,
1765 869 1859 911 pleno
1877 870 2063 910 collegimus

430 920 606 951 intellectu.
653 919 794 954 Quorum
823 921 906 950 inter
933 924 1040 951 cetera
1068 920 1242 962 propositio
1271 920 1401 959 habuit,
1434 920 1518 962 quod
1547 920 1675 952 favente
1700 921 1770 959 illo,
1798 931 1816 951 a
1841 931 1902 962 quo
1933 931 2062 962 gressus

433 972 596 1003 hominum
620 971 816 1013 diriguntur,
842 971 999 1011 intendis,
1028 975 1133 1003 estate
1157 972 1301 1014 proxime
1325 976 1461 1003 ventura
1485 973 1551 1003 sive
1577 973 1662 1003 circa
1685 973 1787 1014 yemis
1812 973 1954 1004 secuturi
1977 973 2061 1015 prin-

432 1024 549 1065 cipium
574 1023 614 1054 ad
638 1027 745 1065 partes
769 1023 863 1055 Italie
888 1027 919 1055 te
944 1024 1089 1055 conferre
1115 1023 1274 1064 dyadema
1302 1025 1427 1066 imperii
1457 1023 1497 1055 de
1525 1025 1642 1055 nostris
1671 1025 1820 1056 manibus
1845 1028 2062 1067 suscepturus.

432 1075 479 1116 (2)
502 1075 569 1106 Nos
594 1078 701 1106 autern
725 1086 821 1117 super
845 1075 906 1106 hiis
932 1086 1002 1106 cum
1026 1075 1176 1106 fratribus
1201 1076 1319 1107 nostris
1344 1075 1576 1107 deliberatione
1602 1076 1771 1118 prehabita
1795 1076 1949 1118 diligenti,
1975 1087 2060 1108 sere·
2089 1088 2111 1107 ιε»

432 1128 523 1158 nitati
536 1128 623 1169 regie
641 1138 737 1169 super
750 1128 812 1158 illis
827 1138 884 1169 per
897 1128 1112 1158 venerabilem
1129 1127 1289 1169 f(ratrem)
1308 1127 1481 1169 n(ost1·um)
1495 1127 1739 1159 Benevenutum
1753 1127 1959 1169 Eugubinum
1977 1128 2061 1170 epis-

434 1190 548 1221 copum
574 1182 606 1210 et
628 1179 724 1210 etiam
748 1190 806 1221 per
828 1180 950 1210 litteras
975 1182 1112 1218 nostras⁷
1137 1190 1216 1220 quas
1240 1190 1298 1221 per
1322 1190 1394 1210 eum
1419 1179 1475 1210 tibi
1500 1179 1674 1221 dirigimus,
1699 1180 1931 1222 respondemus
1955 1185 2062 1213 nostre

433 1232 464 1262 in
489 1231 547 1262 hac
571 1234 663 1273 parte
687 1232 871 1262 intentionis
896 1232 1095 1273 propositum
1126 1231 1275 1262 sensibus
1305 1232 1400 1273 regiis
1431 1232 1641 1274 explicantes.
1686 1232 1861 1264 Hortamur
1887 1233 1984 1274 igitur
2006 1243 2062 1264 ex-

434 1283 617 1314 cellentiam
642 1284 780 1324 regiam,
813 1283 872 1314 tibi
901 1287 1063 1324 tamquam
1092 1283 1155 1313 filio
1180 1283 1412 1314 benedictionis
1445 1287 1477 1315 et
1500 1285 1602 1325 gratie
1628 1284 1820 1324 suadentes,
1852 1285 2000 1326 quatinus
2024 1285 2062 1316 ad

434 1335 561 1366 laudem
586 1335 646 1366 Dei
671 1336 780 1377 tuique
805 1335 940 1366 nominis
965 1336 1198 1366 incrementum
1224 1335 1308 1366 circa
1332 1346 1369 1366 ea
1393 1338 1424 1367 te
1448 1336 1638 1375 sollicitum,
1670 1339 1852 1378 promptum
1880 1339 1912 1367 et
1934 1336 2060 1368 facilem
2089 1352 2112 1370 20

433 1387 581 1428 prebeas,
607 1397 666 1428 que
682 1398 881 1429 prosperum,
907 1388 1074 1429 pacificum
1099 1390 1129 1418 et
1150 1387 1356 1428 tranquillum
1382 1391 1500 1418 statum
1519 1388 1655 1419 ecclesie
1673 1399 1709 1419 ac
1726 1389 1835 1430 populi
1853 1388 1910 1420 tibi
1929 1388 2063 1421 subiecti

434 1439 593 1481 respicere
628 1438 849 1471 dinoscuntur:
887 1440 931 1470 sic
960 1443 991 1470 te
1020 1440 1051 1470 in
1081 1439 1140 1470 hiis
1171 1439 1346 1470 efficaciter
1376 1439 1557 1478 habiturus,
1588 1443 1622 1470 ut
1656 1439 1759 1471 landis
1791 1440 1848 1471 tibi
1879 1441 2061 1482 preconium

433 1494 588 1532 augeatur
621 1491 652 1521 in
680 1491 829 1531 gentibus
865 1502 987 1533 nosque
1022 1491 1226 1522 devotionem
1258 1491 1380 1532 regiam
1411 1490 1515 1532 dignis
1550 1491 1668 1523 exinde
1692 1492 1724 1522 in
1748 1491 1888 1522 Domino
1914 1492 2061 1524 laudibus

434 1542 701 1574 commendemus.

540 1594 614 1626 Dat.
638 1598 672 1625 ut
696 1605 791 1637 supra
802 1595 820 1625 1.
2087 1610 2110 1630 :¹5

612 1850 863 1902 lisa-420.
901 1848 1349 1903 TRAOTATUS
1384 1849 1556 1903 CUM
1594 1849 1891 1904 GOMITE

762 1926 1159 1980 PALATINO
1198 1926 1742 1980 BURGUNDIAE.

1048 2029 1154 2065 1289.
1196 2030 1294 2074 Sept.
1320 2029 1465 2065 1.—020.

460 2127 535 2158 418.
562 2128 780 2159 J‘lelllssl
787 2132 811 2160 O
838 2129 1025 2160 COMITffl
1048 2130 1106 2160 ΡΑ
1112 2130 1170 2160 LA
1177 2129 1272 2160 TJNJ
1297 2128 1364 2159 DJ«)
1384 2128 1517 2160 HOMA
1524 2129 1602 2161 (1¹10
1626 2130 1657 2160 F
1658 2130 1687 2161 A
1693 2129 1871 2161 GIENDO.
1917 2130 1997 2168 Sept.
2014 2131 2041 2159 1.

549 2188 783 2228 Autem-‹⁶217mn,
801 2189 882 2227 quod
897 2191 996 2219 existat
1015 2190 1046 2219 in
1063 2189 1219 2219 tabulario
1236 2188 1408 2219 Bisuntino
1426 2189 1585 2219 'Archives
1601 2189 1873 2228 ‹le'lm-tenmnmles
1888 2189 1931 2220 du
1946 2188 2060 2220 Doubs.
2087 2204 2109 2222 ³0

439 2239 523 2270 Serio
545 2239 585 2269 15.
608 2240 670 2277 Μ’,
702 2240 801 2271 (lenm)
824 2241 1044 2279 descripsimus
1067 2251 1096 2272 α.
1120 2240 1233 2272 19012.
1277 2239 1417 2270 Pendeat
1443 2240 1620 2280 fmgymcnta
1648 2241 1744 2281 siglilli
1773 2241 1892 2272 comitis
1916 2239 2060 2279 palatini,

438 2290 571 2329 Ιε’ῖῃιἸΙιιηι
598 2291 751 2322 Iohannis
771 2303 886 2330 parum
910 2292 1025 2322 {arsum
1050 2292 1124 2322 loris
1147 2292 1394 2322 memmasce-eis
1420 2310 1459 2313 —
1483 2292 1626 2330 Rolnam,
1653 2293 1723 2332 Rey.
1744 2293 1813 2332 imp.
1834 2292 1887 2332 VI,
1899 2293 1991 2324 2238.

1778 2344 1831 2384 (P.
1855 2344 1959 2381 deest.)

548 2411 594 2451 (1)
619 2412 686 2442 Nos
712 2412 809 2443 ottho
835 2423 940 2443 comes
958 2413 1165 2453 l3u1·gun‹lie⁴·
1189 2413 1346 2454 palatinus
1372 2417 1403 2444 et
1428 2413 1574 2444 (lominus
1599 2413 1777 2445 Salinensis
1801 2416 1909 2444 notum
1933 2413 2062 2444 facimus

440 2463 597 2494 universis
622 2467 789 2504 presentes
815 2464 937 2494 litteras
962 2464 1164 2505 inspecturis,
1190 2464 1269 2505 quod
1295 2475 1352 2495 nos
1378 2465 1593 2505 promittimus
1618 2466 1724 2496 facere
1750 2465 1931 2506 homagium
1954 2463 2059 2505 ligium
2084 2478 2106 2497 3⁵

441 2518 515 2545 antc
539 2525 648 2546 omnes
666 2515 871 2546 serenissimo
896 2517 1028 2558 principi
1046 2516 1217 2558 Rodulpho
1242 2515 1303 2548 Dei
1327 2517 1432 2558 gratia
1447 2517 1665 2549 Romanorum
1689 2519 1756 2559 regi
1780 2528 1906 2559 semper
1927 2518 2058 2558 augusto

542 2617 606 2644 413.
627 2620 648 2649 ³)
671 2621 737 2649 llurg
756 2629 852 2651 sctnstm·
870 2630 906 2644 ω’.

548 2705 568 2728 l)
590 2713 603 2728 ι.
618 2711 636 2729 e.
658 2712 697 2729 nr.
712 2708 766 2729 -1102
854 2707 879 2733 2¹)
902 2706 941 2736 (γ’.
960 2705 1056 2730 ‘Neues
1076 2705 1179 2731 :lrcltir'
1202 2705 1351 2737 XXVIII,
1373 2710 1434 2738 4⁸8,
1459 2706 1503 2731 vibi
1522 2715 1608 2732 errore
1627 2707 1784 2741 iypoffluphi
1802 2706 1892 2733 datum
1910 2705 1975 2732 male
1993 2702 2059 2731 indi-

441 2749 524 2772 catur.
564 2747 637 2779 (picae
656 2750 727 2772 nula(
749 2748 854 2773 Itedlicle
874 2748 991 2780 ‘liudolf
1007 2757 1054 2773 ron
1076 2749 1225 2782 ΙΙιώμἸιιινμ1
1241 2758 1268 2782 p.
1285 2754 1335 2775 ‹5:55›
1356 2758 1380 2774 ιι.
1399 2755 1415 2780 1,
1435 2758 1543 2775 erronea
1560 2752 1630 2777 sunt..
