2259 3116
413 88 474 117 472
803 82 935 108 ADOLFI
956 81 1059 107 REGIS
1080 81 1403 107 CONSTITUTIONES.
1443 81 1515 107 1292.
1553 80 1600 107 Nr.
1615 81 1673 107 485.

714 194 791 226 485.
827 193 1159 226 PRII'ILEGIUM
1177 193 1320 225 REGIS
1343 193 1583 226 ALTERUM.
1631 193 1693 225 Iul.
1710 194 1761 224 28.

515 257 749 295 Βςεννίῃείηιιιε
777 254 995 294 (ιιιΐοῃναῃῖιοη
1026 255 1059 284 in
1081 254 1182 284 eodem
1215 253 1371 285 tabulario
1403 254 1627 285 ‘Kaisersclelct
1650 254 1822 293 Nachtray'
1853 255 1941 296 1253}
1964 265 2066 285 asser-

411 312 527 343 valum.
551 308 634 347 quod
650 307 720 339 olim
737 310 805 337 erat
822 306 974 337 sellularii
990 305 1124 344 capituli
1140 305 1271 336 maioris
1288 305 1480 346 Moyzmtini.
1529 306 1646 337 Pendet
1668 305 1807 345 sigillum
1830 307 1895 344 fere
1912 305 2064 337 illaesum.

411 362 453 391 In
476 370 560 390 verso
584 370 680 390 υιαηιι
703 369 815 389 coaeva
838 358 957 398 scripta
980 360 1054 388 sunl
1076 357 1166 387 haec:
1192 357 1231 387 de
1257 357 1366 387 Iudeis
1384 357 1528 398 Magunt.
1576 357 1616 388 de
1641 357 1847 398 Seligenstad
1871 357 1976 398 opido.
2024 358 2065 389 de

411 413 564 443 comitatu
594 411 787 452 Baehgowe.
843 411 883 441 de
909 410 1059 440 libertate
1091 409 1368 449 suffraganeorum
1400 410 1597 450 prelatorum
1630 412 1662 439 et
1693 409 1779 440 cleri.
1837 409 1876 440 de
1909 410 2066 440 citacione

411 465 600 505 principum.
626 482 666 484 ⁷—
690 462 834 495 Bo‘hmer,
860 462 934 501 Ray.
959 462 1020 492 Ad.
1041 462 1089 491 19.
1774 460 1827 499 (P.
1852 461 1961 495 deest.)

515 540 653 572 Adolfus
668 539 731 570 Dei
752 540 859 580 gracia
876 539 1101 578 Romanorum
1115 549 1171 568 rex
1193 548 1320 578 semper
1336 542 1490 578 augustus
1514 538 1669 568 universis
1689 537 1805 568 Christi
1830 538 1979 569 fidelibus
2002 542 2067 569 tam

412 593 613 634 presentibus
625 603 720 632 quam
732 591 854 626 futuris,
867 591 906 621 ad
922 602 998 632 quos
1009 594 1175 631 presentes
1187 590 1293 620 littere
1304 590 1519 630 pervenerint‚
1531 590 1674 630 graciam
1688 600 1777 620 suam
1793 594 1824 620 et
1836 600 1927 621 mnne
1942 590 2065 622 bonum.

516 644 564 685 (Γ)
589 643 747 683 Expedit,
775 646 810 673 nt
834 654 884 673 res
909 646 1016 683 geste,
1049 652 1087 672 ne
1114 644 1247 682 propter
1276 641 1406 671 labilem
1436 641 1601 672 hominum
1631 642 1819 671 memoriam
1844 642 1875 672 in
1899 642 2067 673 oblivionis

412 696 562 726 labantur
586 695 770 735 caliginem⁷
801 695 1028 735 scripturarum
1060 694 1243 724 testimonio
1272 693 1472 723 roborentur.
1527 692 1577 723 Ad
1602 693 1817 723 universitatis
1841 694 1938 734 igitur
1960 698 2066 725 vestre

411 748 562 778 noticiam
587 746 790 787 presentibus
815 747 963 786 cupimus,
982 746 1167 786 pervenire,
1201 744 1286 785 quod
1316 745 1519 785 promisimus
1550 748 1581 775 et
1608 745 1838 785 promittimus.
1872 756 1929 776 nos
1952 746 1984 775 in
2007 745 2067 776 hiis

411 800 536 840 scriptis
561 798 738 829 venerabili
763 797 930 827 Gerhardo
956 797 1209 837 archiepiscopo„
1242 797 1376 837 principi
1401 800 1433 826 et
1457 796 1694 836 consanguineo
1726 800 1758 826 et
1785 796 2066 828 archicancellario

411 855 518 881 nostro
537 851 716 889 karissimo⁷
741 850 978 879 successoribus
999 850 1063 879 suis
1080 849 1331 889 archiepiscopis
1355 852 1387 878 et
1412 848 1547 879 ecclesie
1565 848 1752 888 Maguntinc
1778 849 1844 878 sine
1870 849 2066 889 excepcione

413 902 558 943 qualibet
594 901 785 942 obligando„
824 912 881 931 nos
917 901 1087 931 effecturos
1124 904 1155 930 et
1190 904 1356 930 curaturos
1392 900 1583 939 efficaciter,
1623 899 1708 940 quod
1747 899 1844 930 iidem
1881 899 2067 931 Gerhardus

412 954 687 994 archiepiscopus,
720 963 919 983 successores
944 953 990 982 sui
1020 956 1052 982 et
1077 953 1213 982 ecclesia
1238 952 1427 992 Maguntina
1450 951 1569 982 Iudeos
1593 952 1729 982 civitatis
1753 951 1956 992 Maguntine‚
1989 963 2066 993 quos

412 1017 430 1036 a
455 1006 545 1035 nobis
571 1009 602 1035 et
619 1006 753 1046 imperio
773 1005 979 1035 dinoscuntur
996 1004 1116 1034 habere
1141 1005 1171 1034 in
1196 1003 1338 1041 feudum,
1362 1003 1463 1033 libere
1489 1003 1668 1034 rehabeant
1692 1014 1867 1044 eorumque
1891 1004 1952 1034 iuri
1975 1015 2067 1035 revo-

413 1062 486 1088 cent
517 1061 549 1087 et
577 1058 741 1087 retrahant
765 1058 933 1097 potestati.
964 1057 1007 1086 ita
1039 1056 1124 1097 quod
1154 1060 1299 1086 cessante
1328 1055 1560 1096 impedimento
1592 1055 1736 1096 quolibet
1762 1080 1767 1085 .
1794 1080 1799 1085 .
1824 1055 2066 1096 archiepiscopo

412 1109 599 1149 Maguntino
625 1110 677 1149 qui
701 1120 758 1150 pro
782 1112 928 1149 tempore
954 1108 1049 1138 fuerit
1074 1112 1106 1138 et
1131 1108 1265 1138 ecclesie.
1295 1118 1351 1137 sue
1381 1111 1533 1137 consucta
1558 1107 1746 1148 impendant
1773 1108 1907 1138 servicia
1935 1108 1966 1137 in
1994 1118 2066 1148 pre-

414 1162 507 1191 cariis
532 1164 564 1191 et
589 1161 814 1191 exaccionibus
839 1172 875 1191 ac
901 1160 1002 1190 modis
1026 1160 1095 1190 aliis
1119 1160 1160 1190 ad
1185 1161 1284 1189 instar
1307 1159 1442 1189 aliorum
1467 1159 1656 1198 Iudeoruin7
1689 1159 1742 1199 qui
1771 1159 1801 1189 in
1827 1159 2003 1189 eorundem
2029 1184 2034 1189 .
2060 1184 2066 1189 .

413 1212 645 1252 archiepiscopi
672 1217 703 1242 et
728 1212 862 1242 ecclesie
888 1212 1074 1252 Maguntine
1100 1211 1203 1252 opidis
1228 1222 1284 1241 seu
1308 1211 1389 1241 villis
1413 1214 1587 1250 morantur7
1612 1221 1691 1251 quos
1715 1211 1861 1241 similiter
1879 1210 2067 1241 confitemur

413 1265 516 1304 ipsum
543 1289 548 1294 .
575 1289 580 1294 .
607 1264 884 1304 archiepiscopum
913 1264 1135 1304 Mag-nutilium
1171 1267 1202 1294 et
1233 1263 1402 1293 ecclesiam
1427 1273 1516 1292 suam
1548 1272 1566 1292 a
1593 1262 1685 1292 nobis
1720 1266 1752 1292 et
1783 1263 1917 1303 imperio
1949 1261 2069 1293 feodali

413 1316 506 1345 titulo
531 1316 687 1346 obtinere.
740 1315 773 1345 Si
798 1326 872 1346 vero
898 1315 983 1356 quod
1007 1315 1090 1345 absit
1120 1315 1159 1345 de
1185 1314 1318 1355 prefatis
1342 1314 1450 1345 Iudeis
1475 1314 1670 1355 Maguntinis
1699 1314 1741 1349 id,
1773 1315 1854 1344 sicut
1884 1314 2066 1355 predicitur,

414 1367 542 1397 efficere
572 1378 633 1397 non
662 1378 842 1407 possemus,
873 1368 950 1407 ipsis
975 1392 980 1397 .
1008 1393 1012 1397 .
1038 1367 1280 1407 archiepiscopo
1313 1370 1344 1396 et
1374 1366 1509 1397 ecclesie
1540 1376 1595 1396 sue
1621 1370 1728 1396 contra
1755 1366 1840 1396 cives
1863 1365 2067 1406 Maguntinos

413 1419 497 1449 bona
526 1419 589 1449 fide
615 1418 745 1449 consilio
778 1423 808 1449 et
837 1419 956 1449 auxilio
987 1419 1088 1459 regali
1120 1419 1269 1459 potencia
1302 1419 1497 1448 assistemus.
1588 1418 1633 1457 (2)
1657 1417 1813 1448 Preterea
1844 1429 1940 1458 super
1972 1418 2066 1459 opido

414 1470 617 1510 Seligenstad
643 1474 674 1500 et
698 1471 851 1500 comitatu
876 1471 929 1511 qui
952 1474 1085 1500 vocatur
1108 1470 1292 1510 Bachgowe
1323 1469 1543 1510 spectantibus
1572 1469 1613 1499 ad
1642 1469 1811 1500 ecclesiam
1836 1469 2066 1510 Maguntinam,

414 1522 528 1562 quibus
552 1525 685 1552 vacante
710 1522 845 1552 ecelesia
862 1523 928 1562 ipsa
947 1523 1006 1562 ipsi
1024 1546 1030 1552 .
1049 1547 1055 1552 .
1074 1521 1334 1562 archiepiscopus
1359 1524 1391 1552 et
1415 1521 1551 1551 ecclesia
1576 1531 1631 1551 sua
1656 1531 1713 1561 per
1738 1521 1809 1551 dive
1834 1521 2068 1552 recordacionis

413 1573 573 1614 quondam
599 1573 762 1604 dominum
786 1574 961 1604 Rudolfum
986 1584 1097 1614 regem
1114 1573 1333 1604 Romanorum
1358 1573 1621 1614 predecessorem
1646 1572 1774 1603 fuerunt
1791 1573 1987 1614 aliquamdiu
2010 1583 2068 1614 per

416 1624 604 1655 violenciam
631 1625 788 1665 spoliati¹‚
819 1625 950 1656 eosdem
976 1650 981 1655 .
1009 1651 1014 1656 .
1040 1625 1333 1666 archiepiscopum‚
1359 1636 1560 1656 successores
1584 1636 1657 1655 suos
1683 1628 1714 1655 et
1739 1625 1908 1655 ecclesiam
1932 1625 2066 1665 Magun-

416 1677 513 1706 tinam
540 1676 579 1706 de
605 1676 688 1706 facto
714 1677 763 1707 vel
789 1677 828 1707 de
853 1678 920 1707 iure
946 1677 1043 1707 verbo
1068 1678 1119 1707 vel
1143 1687 1240 1717 opere
1267 1677 1393 1717 publice
1418 1677 1468 1707 vel
1493 1677 1616 1707 occulte
1641 1687 1699 1717 per
1730 1687 1786 1707 nos
1815 1676 1866 1707 vel
1890 1688 1948 1717 per
1971 1676 2067 1707 alium

415 1732 470 1757 aut
494 1728 573 1757 alios
605 1739 665 1758 non
695 1728 887 1768 impetcmus
919 1732 974 1758 aut
1003 1728 1252 1769 inquietabimus
1282 1740 1409 1769 quoquo
1439 1728 1546 1760 modo.
1593 1728 1677 1764 Quin
1704 1729 1814 1769 pocius
1842 1729 1928 1769 ipsos
1956 1739 2066 1759 manu-

414 1779 595 1809 tenebimus
620 1782 652 1809 ct
676 1779 886 1809 defendemus
911 1791 1008 1820 super
1023 1781 1100 1821 ipsis
1125 1780 1221 1820 opido
1247 1784 1279 1810 ct
1303 1781 1456 1810 comitatu
1480 1780 1637 1810 habendis
1663 1783 1694 1811 et
1711 1780 1912 1821 possidendis
1935 1780 2065 1821 pacifice

416 1834 447 1859 et
478 1831 584 1870 quiete
621 1841 690 1860 cum
722 1831 841 1861 iuribus
877 1835 908 1861 et
939 1832 1142 1871 pertinenciis
1175 1831 1359 1862 eorundem.
1450 1833 1495 1872 (3)
1520 1832 1656 1872 Insuper
1686 1832 1725 1862 de
1758 1832 1861 1862 causis
1891 1831 1932 1862 ad
1964 1831 2065 1862 forum

416 1881 667 1912 ecclcsiastieum
699 1883 917 1922 spectantilms
953 1883 991 1913 de
1021 1883 1250 1914 consuetudine
1283 1884 1334 1913 vel
1369 1883 1409 1913 de
1442 1884 1509 1913 iure
1546 1894 1602 1913 nos
1636 1894 1699 1914 non
1730 1884 1978 1914 intromittemus
2008 1893 2066 1913 nec

416 1933 539 1973 aliquos
575 1934 736 1963 seculares
771 1934 892 1964 iudices
927 1946 960 1964 se
996 1935 1209 1965 intromittere
1245 1935 1468 1975 permittemus
1505 1935 1544 1965 de
1578 1935 1638 1965 illis
1674 1946 1710 1965 ac
1747 1936 1931 1965 resistemus
1966 1934 2065 1975 regali

416 1985 564 2025 potencia
601 1984 779 2015 volentibus
813 1986 1068 2016 iurisdiecioncm
1106 1987 1355 2016 ecclesiasticam
1391 1987 1557 2027 impedire.
1661 1987 1707 2028 (4)
1740 1987 1819 2017 ltem
1846 2012 1851 2017 .
1878 2012 1883 2017 .
1909 1986 2065 2027 archicpi-

415 2046 547 2076 scopmn
573 2040 604 2065 et
629 2037 796 2067 eeclesiam
815 2037 1045 2077 Maguntinam,
1067 2038 1286 2079 suffraganeos
1304 2039 1381 2076 eius,
1406 2039 1548 2078 prelatos
1573 2042 1604 2068 et
1628 2038 1748 2068 clerum
1773 2042 1837 2069 tam
1863 2049 1952 2069 snum
1972 2048 2065 2078 quam

416 2087 613 2117 subditorum
640 2099 765 2118 suornm
792 2089 1050 2119 (¹⁴›nservabimns
1075 2093 1107 2120 et
1124 2090 1302 2120 fovebimus
1326 2090 1356 2119 in
1381 2089 1584 2119 libertatibus
1609 2092 1641 2120 et
1664 2090 1785 2120 iuribus
1810 2090 1984 2120 eorundem
2008 2099 2065 2120 nec

418 2139 462 2168 eis
486 2140 684 2169 municiones
713 2144 744 2169 et
769 2141 986 2180 possessiones
1011 2145 1065 2171 ant
1089 2141 1150 2171 alia
1175 2141 1258 2171 bona
1285 2152 1409 2179 eorum,
1442 2152 1521 2181 quas
1550 2146 1582 2171 et
1606 2152 1667 2182 que
1692 2141 1873 2172 habuerunt
1901 2146 1933 2172 ct
1956 2151 2064 2182 posse-

417 2190 532 2220 derunt
565 2192 695 2231 pacifice
729 2196 760 2222 ct
790 2193 913 2232 quiete,
950 2193 1132 2223 auferemus
1168 2193 1289 2223 eisdem
1325 2194 1382 2223 nisi
1416 2193 1539 2223 iusticia
1574 2193 1747 2224 mediante.
1839 2193 1886 2233 (5)
1911 2193 2063 2224 Preterea

416 2241 535 2271 nullum
562 2243 736 2283 principem
762 2243 930 2273 citabimus
954 2244 994 2274 ad
1019 2248 1157 2275 nostram
1183 2245 1393 2285 presenciam,
1418 2245 1476 2274 nisi
1500 2246 1653 2275 terminus
1677 2245 1728 2275 vel
1753 2246 1879 2276 termini
1903 2244 2064 2275 citacionis

417 2292 530 2323 decem
565 2297 596 2323 ct
634 2298 704 2324 octo
741 2296 991 2335 septimanarinn
1027 2297 1169 2336 spacium
1204 2296 1402 2335 contineant,
1440 2300 1534 2337 prout
1568 2297 1765 2327 consuetudo
1802 2297 1903 2327 tenuit
1939 2296 1978 2326 ab
2009 2305 2064 2326 an-

417 2344 514 2384 tiqno.
605 2345 645 2375 Et
670 2347 742 2386 quia
768 2347 921 2386 premissa
946 2348 1050 2377 onmia
1076 2348 1234 2388 corporali
1259 2348 1435 2378 iuramento
1461 2349 1648 2388 interposito
1673 2349 1876 2389 promisimus
1900 2346 2063 2378 inviolabi-

418 2396 491 2426 liter
512 2396 698 2436 observare,
731 2409 786 2427 nos
815 2399 843 2428 in
873 2399 940 2428 eins
965 2400 1180 2429 testimoninm
1206 2404 1234 2429 ct
1262 2399 1459 2429 evidenciam
1486 2400 1625 2430 omnium
1650 2401 1876 2441 premissorum
1902 2401 2064 2440 presentes

418 2447 541 2478 litteras
565 2450 632 2478 fieri
659 2449 791 2479 fecimus
816 2454 847 2479 et
871 2450 965 2488 sigilli
990 2451 1086 2480 nostri
1111 2451 1284 2480 munimine
1309 2450 1462 2481 roborari.

2086 706 2110 723 10

2087 963 2110 981 15

2085 1220 2110 1240 20

2086 1477 2109 1497 ‘25

2085 1738 2109 1757 3⁰

2085 1997 2107 2016 35

2082 2253 2106 2272 40

522 2499 640 2529 Datum
670 2500 796 2532 Bnnne.
828 2500 866 2531 V.
892 2500 1006 2531 Kalen.
1042 2502 1192 2541 Augusti,
1227 2512 1308 2531 anno
1341 2501 1469 2532 Domini
1505 2502 1673 2533 millesimo
1710 2502 1928 2533 ducentesimo
1963 2511 2060 2531 nono·
2078 2509 2102 2528 ι’·

418 2551 540 2591 gesimo
565 2551 716 2585 secundo,
741 2552 916 2582 indiccione
943 2554 1062 2593 quinta,
1087 2554 1177 2593 regni
1202 2554 1298 2583 nostri
1323 2564 1405 2584 anno
1431 2555 1542 2594 primo.

524 2681 546 2711 l)
568 2680 609 2710 (γ’,
634 2679 691 2712 last
713 2680 772 2712 imp.
795 2680 838 2711 1¹1,
858 2685 921 2705 lano
938 2683 960 2704 rt
982 2681 1180 2713 rvetqmilimirm
1204 2686 1270 2708 12:¹2.
1293 2682 1344 2707 lul.
1359 2686 1389 2707 :2¹5¹
1408 2681 1496 2707 tlnlnm
1517 2682 1590 2715 (Rea.
1611 2683 1662 2708 Ad,
1678 2686 1720 2711 21:
1740 2682 1852 2707 Bolum-1·
1872 2678 2061 2712 ‘⁴‘1t'es‘1'1111't'7'i'’

418 2723 518 2747 sclccm’
536 2733 561 2755 Ιι.
575 2727 623 2748 Σίΐυ
643 2731 683 2748 ην.
699 2725 765 2752 ww).
808 2723 837 2750 l'.
857 2724 932 2748 stiam
952 2733 980 2748 m
1000 2733 1065 2755 ulnae
1084 2726 1233 2750 notro-imas
1252 2725 1346 2750 ‘Xe-ne<
1366 2725 1473 2750 Archir'
1497 2725 1614 2752 ΧΧΙΙῙ.
1629 2729 1719 2757 5²7⁸&-
