2259 3116
348 1504 393 1523 lun.
410 1505 441 1524 10,

435 117 491 146 162
773 113 929 140 RUDOLFI
950 114 1054 140 REGIS
1073 113 1394 141 CONSTITUTIONES.
1432 115 1506 140 1279.
1543 114 1590 140 Nr.
1604 113 1732 140 176.177.

538 296 612 328 176.
640 296 881 328 LITTERAE
900 295 965 327 ED
974 295 1138 328 WARDI
1157 295 1220 327 AD
1243 295 1512 328 RUDOLFUM
1530 295 1703 327 REGEM
1720 295 1968 327 DIREGTAE.

1112 348 1204 379 1279.
1245 348 1324 387 Apr.
1343 350 1392 380 11.

542 418 595 449 Eas
618 417 732 449 Rotulo
754 418 875 457 sigmaro
900 417 1013 457 ‘Royal
1036 416 1164 448 Letters'
1188 419 1280 448 1467.
1306 436 1345 439 --
1370 416 1514 453 Bahnmr,
1539 416 1612 455 Πομ.
1633 416 1703 455 imp.
1723 416 1776 453 VI,
1793 417 1886 448 1082.

1782 468 1835 508 (P.
1860 468 1966 508 deest.)

544 548 666 579 Illustri
704 551 736 579 et
771 547 942 588 magnifico
980 547 1115 588 principi
1148 546 1277 577 domino
1308 546 1347 577 R.
1379 546 1441 577 Dei
1474 546 1577 587 gratia
1606 545 1826 577 Romanorum
1857 547 1925 588 regi
1949 557 2075 589 semper

438 604 576 642 augusto
611 601 712 632 amico
745 603 777 631 et
810 600 899 631 fratri
930 610 987 630 suo
1015 599 1185 630 karissimo
1210 598 1388 629 Edwardus
1418 598 1532 629 eadem
1556 597 1661 639 gratia
1685 608 1743 628 rex
1767 598 1900 639 Anglie,
1930 597 2074 630 dominus

439 652 597 684 Hibernie
622 656 653 683 et
678 652 743 683 dux
767 652 942 693 Aquitanie
967 651 1103 682 salutem
1129 654 1160 681 et
1186 651 1308 681 sineere
1333 649 1512 680 dilectionis
1536 652 1755 690 augmentum.

548 713 611 744 Pro
643 723 679 744 eo
709 712 791 753 quod
821 723 918 753 super
943 712 1111 742 fortunatis
1146 714 1177 741 et
1206 711 1369 752 prosperis
1399 710 1497 752 vestri
1529 713 1631 741 status
1666 710 1818 751 auspiciis
1848 720 1906 751 per
1937 710 2076 742 nobilem

448 765 549 796 virum
569 764 750 796 Conradum
769 763 920 794 NVarneri
947 764 1137 794 familiarem
1163 766 1194 793 ct
1218 762 1352 792 militem
1371 766 1510 792 vestrum
1536 762 1791 793 annunciaeione
1809 762 1949 803 gratuita
1971 765 2078 794 nostra

444 817 614 858 precordia
639 818 812 851 refecistis,
843 818 1008 848 serenitati
1034 819 1140 847 vestre
1172 816 1210 846 ad
1236 819 1345 856 grates
1369 815 1548 846 uberrimas
1573 819 1781 856 assurgentes
1804 815 1950 846 felicitati
1972 818 2079 846 vestre

445 870 685 901 delectabiliter
710 869 967 911 congaudemus.
998 872 1033 899 ut
1057 872 1175 899 nostre.
1224 868 1328 909 Super
1355 878 1391 898 eo
1416 870 1563 909 preterea
1588 867 1672 908 quod
1697 867 1859 908 predictus
1884 867 1991 904 miles,
2027 867 2079 908 qui

444 922 624 963 legacionis
659 932 715 952 sue
740 921 835 952 verba
860 921 999 951 discrete
1032 920 1211 962 proposuit.
1241 930 1338 960 super
1367 930 1466 950 eausa
1496 919 1726 950 retardaeionis
1751 918 1929 949 adventus³
1954 918 2079 949 Harde-

449 975 559 1005 manni
583 974 639 1005 filii
665 975 766 1004 nostri
791 974 896 1004 dilecti
922 984 977 1004 nos
1001 973 1128 1014 plenius
1152 972 1350 1004 informavit.
1385 982 1422 1002 eo
1447 972 1601 1013 precipue
1632 971 1716 1012 quod
1745 974 1819 1012 post
1849 981 1959 1001 casum
1983 981 2081 1012 quon—

448 1026 519 1056 dam
545 1026 629 1066 regis
652 1025 806 1056 Bohemie
832 1025 965 1066 grandia
990 1025 1067 1055 satis
1086 1023 1180 1054 vobis
1206 1027 1238 1054 ct
1262 1024 1377 1054 vestris
1401 1023 1557 1054 innuebat
1581 1023 1927 1064 iniminerepericula,
1951 1026 2083 1064 propter

449 1077 531 1118 quod
558 1077 670 1108 fuisset
694 1078 868 1115 incautum,
895 1076 976 1117 quod
1002 1077 1104 1117 ipsum
1130 1075 1228 1105 filium
1248 1078 1392 1105 nostrum
1418 1085 1488 1105 cum
1505 1075 1653 1105 comitiva
1676 1075 1794 1105 milicie
1818 1074 1998 1113 misissetis,
2022 1084 2082 1115 que

448 1129 540 1159 vobis
571 1133 646 1159 tunc
678 1129 828 1170 temporis
857 1128 959 1168 magis
991 1127 1176 1158 necessaria
1204 1126 1391 1165 videbatur,
1426 1127 1674 1158 excusacionem
1710 1137 1808 1168 super
1834 1127 1895 1157 hoe
1926 1136 1981 1167 per
2011 1135 2083 1157 eum

448 1181 540 1211 nobis
566 1180 743 1211 exhibitam
769 1184 834 1211 tam
858 1180 998 1210 libenter
1022 1189 1115 1219 quam
1140 1178 1318 1209 liberaliter
1341 1182 1559 1219 acceptamus.
1584 1178 1711 1219 gracius
1735 1181 1768 1209 et
1791 1178 1964 1219 eligibilius
1987 1177 2083 1208 affee-

450 1235 556 1263 tantes
582 1232 621 1263 de
648 1236 757 1262 nostra
781 1232 873 1262 vobis
900 1231 1080 1272 Anglicana
1105 1230 1328 1271 copiosissime
1353 1229 1543 1260 subvenisse
1566 1230 1695 1269 milicia,
1720 1240 1814 1271 quam
1838 1240 1895 1260 vos
1918 1230 2084 1261 minuisse-

449 1284 511 1314 tis¹‘
537 1284 576 1314 de
602 1287 719 1314 vestra.
760 1284 859 1314 Porro
885 1282 1056 1313 iocundum
1081 1281 1255 1312 adventum
1280 1281 1335 1311 filii
1360 1282 1460 1311 nostri
1486 1282 1602 1323 prefati
1627 1282 1736 1312 votivo
1760 1281 1939 1323 congaudio
1963 1284 2085 1324 presto-

453 1337 557 1368 lantes
584 1336 762 1366 ordinatam
795 1346 851 1377 per
875 1345 930 1365 vos
963 1334 1120 1365 adventus
1151 1337 1183 1364 et
1214 1333 1336 1363 itineris
1367 1333 1415 1363 sui
1447 1333 1583 1364 formam
1619 1336 1650 1364 et
1681 1344 1737 1375 per
1767 1333 1927 1375 prefatum
1955 1334 2085 1364 militem

453 1389 546 1419 nobis
571 1389 750 1430 expositam
776 1392 877 1418 ratam
902 1388 1042 1428 gerimus
1069 1390 1100 1417 et
1124 1389 1305 1426 acceptam.
1341 1385 1514 1416 decencius
1544 1389 1575 1416 et
1604 1385 1746 1416 securius
1771 1385 1976 1423 estimantes,
2005 1385 2086 1426 quod

452 1451 510 1482 per
540 1444 663 1471 vestros
696 1440 857 1470 districtus
887 1443 919 1470 et
952 1442 1077 1469 nostros
1108 1440 1327 1479 pertranseat.
1359 1448 1452 1478 quam
1482 1448 1540 1478 per
1569 1437 1693 1478 aliquos
1724 1437 1854 1468 alienos.
1904 1436 1972 1467 Nos
2004 1437 2086 1468 enim

455 1492 637 1533 quindecim
675 1491 788 1522 diebus
827 1495 901 1522 ante
938 1491 1062 1521 instans
1096 1490 1211 1520 festum
1247 1489 1423 1519 nativitatis
1454 1489 1541 1519 beati
1574 1489 1726 1520 Iohannis
1762 1489 1902 1530 baptiste
1930 1489 2088 1530 usquein

453 1545 647 1575 Holandiam
666 1544 750 1586 apud
771 1542 1027 1583 Dordrieh(um),
1051 1542 1103 1573 ubi
1129 1545 1177 1572 est
1202 1541 1304 1571 facilis
1322 1544 1432 1582 portus
1457 1541 1563 1579 maris.
1588 1540 1749 1572 sufficiens
1775 1541 1803 1571 ei
1827 1543 1859 1571 et
1883 1541 1948 1571 suis
1972 1539 2090 1581 navigii

453 1598 581 1628 stolium
608 1596 870 1627 transmittemus.
1486 1584 1488 1586 .

567 1657 641 1689 Dat.
667 1657 750 1698 apud
775 1656 1002 1696 Brehull(um).
1027 1655 1086 1686 XI.
1112 1655 1163 1685 die
1187 1654 1318 1695 Aprilis,
1343 1664 1425 1684 anno
1449 1653 1540 1694 regni
1565 1653 1665 1684 nostri
1690 1653 1855 1695 septimoc.

492 1854 565 1886 177.
590 1853 829 1885 LITTERAE
850 1853 1063 1885 RUDOLFI
1082 1852 1147 1883 AD
1170 1851 1235 1882 EI)
1245 1851 1463 1883 WARDUM
1482 1851 1663 1883 REGEM.
1710 1852 1819 1890 (1:279.
1858 1850 1940 1881 Mai.
1965 1849 2055 1890 Iun.)

563 1925 737 1954 Servantur
759 1924 800 1961 [in
831 1923 856 1953 T
887 1933 933 1953 ην.
958 1923 1029 1953 355,
1086 1922 1244 1952 Ῑισσΐίοηνε
1274 1921 1386 1951 codicis
1416 1921 1443 1950 V
1471 1920 1670 1960 negderimus.
1721 1920 1768 1960 (ΥΞ
1793 1918 1953 1959 apis-tolcam
1981 1907 2094 1949 s'lmzae

456 1977 705 2017 reqiinng—(szii
728 1975 825 2005 edidit
849 1986 886 2005 ιη·
909 1975 1010 2004 nadivo
1033 1974 1059 2004 T
1083 1985 1130 2004 nr.
1147 1976 1211 2004 :373
1233 1973 1404 2003 Bodmmm
1427 1973 1445 2003 l.
1463 1984 1488 2004 c.
1506 1975 1555 2003 63.
1603 1971 1651 2003 Dc
1675 1974 1807 2010 tempore
1830 1982 1856 2003 v.
1883 1970 2015 2010 Reqesta
2040 1970 2093 2000 im-

451 2029 543 2068 perii.
570 2047 607 2049 —
632 2026 776 2063 Bolzmer,
803 2026 874 2065 Iter).
895 2027 966 2065 Imp.
988 2026 1039 2062 VI,
1059 2028 1148 2055 1113.
1804 2022 1857 2063 (P.
1882 2022 1988 2062 deest.)

568 2122 721 2152 Accincto
747 2132 848 2162 nuper
873 2121 923 2151 vel
948 2120 1009 2150 iam
1035 2119 1156 2161 pridem
1184 2119 1298 2149 illustri
1316 2119 1357 2150 ΙΙ,
1376 2119 1551 2160 prcdilecto
1575 2118 1640 2149 filio
1665 2121 1774 2148 nostro
1799 2117 1837 2148 ad
1862 2115 2096 2159 procedendum

459 2177 488 2206 in
517 2175 677 2214 Angliam.
703 2178 737 2203 ut
761 2173 900 2204 celebria
925 2173 978 2203 illa
1006 2176 1037 2202 et
1055 2182 1145 2202 sacra
1165 2171 1321 2201 connubia
1348 2172 1428 2201 inter
1452 2181 1523 2201 cuin
1549 2174 1580 2201 et
1597 2170 1753 2200 illustrem
1772 2169 1915 2200 inclitam
1932 2169 1979 2200 Io.
2002 2168 2096 2199 filiam

461 2232 601 2258 vestram
632 2226 736 2257 felicis
768 2225 910 2266 auspicio
942 2223 1054 2254 sideris
1079 2223 1224 2253 ordinata
1252 2223 1403 2253 divinitus
1438 2223 1565 2264 proprie
1599 2222 1803 2252 exhibicione
1832 2220 1999 2262 presencie
2023 2229 2096 2250 con-

462 2282 649 2309 summaret.
675 2288 761 2310 cece,
788 2276 871 2317 qnod
891 2275 983 2305 vobis
1002 2275 1108 2305 infesti
1134 2274 1196 2304 stili
1215 2274 1466 2304 dmmnciaciono
1486 2273 1683 2304 disserimus.
1708 2273 1746 2303 ad
1772 2273 1922 2303 tenellam
1948 2276 1979 2303 et
2002 2271 2096 2312 fragi-

464 2332 524 2361 lem
552 2331 599 2360 sni
628 2330 767 2370 corporis
793 2328 948 2358 fabricam
974 2326 1212 2356 dissolvendam
1243 2326 1439 2366 inopinatam
1472 2325 1608 2356 insultus
1639 2325 1786 2355 contrarii
1810 2324 1991 2355 machinam
2014 2333 2096 2354 mor-

463 2383 521 2413 bus
557 2381 703 2412 inimicus
730 2380 854 2410 erexit.
884 2379 934 2419 qui
961 2378 1015 2408 diu
1040 2377 1238 2407 contendens
1270 2377 1308 2407 dc
1340 2381 1540 2418 repugnante
1571 2380 1684 2407 natura
1712 2376 1906 2416 degenerem
1936 2378 2098 2416 reportare

465 2433 659 2480 triuniJihnin
685 2432 839 2461 bellorum
872 2431 958 2460 vives
993 2430 1101 2460 varias
1126 2429 1306 2459 alternavit.
1349 2428 1405 2458 Set
1425 2428 1551 2458 tandein
1577 2428 1670 2467 illius,
1695 2429 1747 2469 qui
1773 2428 1896 2458 infirma
1914 2427 2099 2469 plerumque

466 2485 679 2521 c‹›nsolidat¹‚
709 2494 802 2514 manu
836 2482 1085 2513 misericorditer
1110 2481 1279 2511 interiecta
1304 2480 1522 2510 invalitudinis
1554 2490 1610 2510 sue
1640 2480 1730 2521 vigor
1753 2479 1914 2520 clanguit.
1946 2479 2015 2520 ipso
2038 2477 2100 2508 filio

570 2595 632 2622 154⁸».
653 2600 675 2629 ³¹)
696 2605 774 2627 cess-n
795 2596 886 2619 limam
908 2601 938 2619 (r.
1027 2594 1050 2625 b)
1071 2603 1115 2617 vos
1135 2594 1194 2618 min.
1214 2593 1267 2617 ulia
1292 2601 1370 2616 vunnu
1390 2592 1510 2624 scriplum
1529 2601 1604 2623 super
1623 2592 1729 2616 demisse
1748 2591 1853 2616 deletum
1874 2595 1904 2615 tr.
1995 2588 2018 2621 ⁰)
2035 2589 2101 2614 linea

467 2644 521 2667 :lari
540 2643 624 2668 carlom
647 2650 722 2665 muna
743 2641 830 2664 addim
852 2649 880 2663 nc
900 2640 971 2664 rcrlnt
993 2640 1017 2663 [ιι
1037 2642 1096 2661 >mla
1115 2637 1130 2660 h
1150 2641 1180 2660 tr.

575 2741 596 2764 l»
620 2739 658 2771 (γ’.
683 2736 769 2761 Ι’,’;(’<Ἰι.
789 2740 827 2766 sil,
847 2740 863 2760 1,
880 2739 913 2759 1⁶.

2107 826 2129 845 10

2110 1088 2131 1106 15

2112 1346 2135 1364 '20

2113 1603 2137 1623 25

2121 2033 2144 2051 ³0

2123 2337 2146 2355 ³⁵

2126 2634 2149 2654 ⁴0
