<?xml version="1.0" encoding="UTF-8"?>
<!DOCTYPE html PUBLIC "-//W3C//DTD XHTML 1.0 Transitional//EN"
    "http://www.w3.org/TR/xhtml1/DTD/xhtml1-transitional.dtd">
<html xmlns="http://www.w3.org/1999/xhtml" xml:lang="en" lang="en">
 <head>
  <title>
</title>
<meta http-equiv="Content-Type" content="text/html;charset=utf-8" />
  <meta name='ocr-system' content='tesseract 3.04.00' />
  <meta name='ocr-capabilities' content='ocr_page ocr_carea ocr_par ocr_line ocrx_word'/>
</head>
<body>
  <div class='ocr_page' id='page_1' title='image "./monumentagelegum03geseuoft_0354.png"; bbox 0 0 2259 3116; ppageno 0'>
   <div class='ocr_carea' id='block_1_1' title="bbox 421 136 1751 169">
    <p class='ocr_par' dir='ltr' id='par_1_1' title="bbox 421 136 1751 169">
     <span class='ocr_line' id='line_1_1' title="bbox 421 136 1751 169; baseline 0.002 -7"><span class='ocrx_word' id='word_1_1' title='bbox 421 139 480 169; x_wconf 79' lang='lat'>316</span> <span class='ocrx_word' id='word_1_2' title='bbox 724 136 882 163; x_wconf 86' lang='lat' dir='ltr'>RUDOLFI</span> <span class='ocrx_word' id='word_1_3' title='bbox 902 136 1004 163; x_wconf 82' lang='lat' dir='ltr'>REGIS</span> <span class='ocrx_word' id='word_1_4' title='bbox 1024 137 1343 164; x_wconf 82' lang='lat' dir='ltr'>CONSTITUTIONES.</span> <span class='ocrx_word' id='word_1_5' title='bbox 1380 138 1454 165; x_wconf 78' lang='lat'>1284.</span> <span class='ocrx_word' id='word_1_6' title='bbox 1490 138 1537 164; x_wconf 88' lang='lat' dir='ltr'>Nr.</span> <span class='ocrx_word' id='word_1_7' title='bbox 1550 138 1608 164; x_wconf 83' lang='lat'>325.</span> <span class='ocrx_word' id='word_1_8' title='bbox 1622 137 1678 164; x_wconf 80' lang='lat'>326.</span> <span class='ocrx_word' id='word_1_9' title='bbox 1692 138 1751 164; x_wconf 80' lang='lat'>327.</span> 
     </span>
    </p>
   </div>
   <div class='ocr_carea' id='block_1_2' title="bbox 420 223 2114 628">
    <p class='ocr_par' dir='ltr' id='par_1_2' title="bbox 420 223 2114 628">
     <span class='ocr_line' id='line_1_2' title="bbox 420 223 2063 268; baseline 0.002 -14"><span class='ocrx_word' id='word_1_10' title='bbox 420 225 570 256; x_wconf 81' lang='lat' dir='ltr'>civitates</span> <span class='ocrx_word' id='word_1_11' title='bbox 603 234 660 255; x_wconf 89' lang='lat' dir='ltr'>seu</span> <span class='ocrx_word' id='word_1_12' title='bbox 684 223 796 255; x_wconf 87' lang='lat' dir='ltr'>fideles</span> <span class='ocrx_word' id='word_1_13' title='bbox 821 224 902 255; x_wconf 86' lang='lat' dir='ltr'>alios</span> <span class='ocrx_word' id='word_1_14' title='bbox 926 235 964 255; x_wconf 87' lang='lat' dir='ltr'>ac</span> <span class='ocrx_word' id='word_1_15' title='bbox 988 225 1090 266; x_wconf 85' lang='lat' dir='ltr'>ipsius</span> <span class='ocrx_word' id='word_1_16' title='bbox 1114 225 1237 256; x_wconf 85' lang='lat' dir='ltr'>comitis</span> <span class='ocrx_word' id='word_1_17' title='bbox 1261 225 1421 267; x_wconf 86' lang='lat' dir='ltr'>prenotati</span> <span class='ocrx_word' id='word_1_18' title='bbox 1443 225 1612 266; x_wconf 81' lang='lat' dir='ltr'>contigerit</span> <span class='ocrx_word' id='word_1_19' title='bbox 1638 224 1790 265; x_wconf 80' lang='lat' dir='ltr'>suboriri,</span> <span class='ocrx_word' id='word_1_20' title='bbox 1819 226 1907 257; x_wconf 87' lang='lat' dir='ltr'>nulla</span> <span class='ocrx_word' id='word_1_21' title='bbox 1928 226 2063 268; x_wconf 84' lang='lat' dir='ltr'>pignora</span> 
     </span>
     <span class='ocr_line' id='line_1_3' title="bbox 426 276 2062 321; baseline 0.002 -14"><span class='ocrx_word' id='word_1_22' title='bbox 426 277 498 307; x_wconf 91' lang='lat' dir='ltr'>hinc</span> <span class='ocrx_word' id='word_1_23' title='bbox 530 276 604 307; x_wconf 87' lang='lat' dir='ltr'>inde</span> <span class='ocrx_word' id='word_1_24' title='bbox 635 276 706 319; x_wconf 86' lang='lat' dir='ltr'>capi</span> <span class='ocrx_word' id='word_1_25' title='bbox 737 276 877 308; x_wconf 87' lang='lat' dir='ltr'>debeant</span> <span class='ocrx_word' id='word_1_26' title='bbox 900 277 951 308; x_wconf 89' lang='lat' dir='ltr'>vel</span> <span class='ocrx_word' id='word_1_27' title='bbox 979 277 1041 308; x_wconf 85' lang='lat' dir='ltr'>alia</span> <span class='ocrx_word' id='word_1_28' title='bbox 1065 276 1243 319; x_wconf 82' lang='lat' dir='ltr'>dampnosa</span> <span class='ocrx_word' id='word_1_29' title='bbox 1271 276 1439 318; x_wconf 85' lang='lat' dir='ltr'>dispendia</span> <span class='ocrx_word' id='word_1_30' title='bbox 1462 277 1604 318; x_wconf 85' lang='lat' dir='ltr'>irrogari.</span> <span class='ocrx_word' id='word_1_31' title='bbox 1651 276 1715 308; x_wconf 81' lang='lat' dir='ltr'>Sed</span> <span class='ocrx_word' id='word_1_32' title='bbox 1747 287 1788 308; x_wconf 87' lang='lat' dir='ltr'>ex</span> <span class='ocrx_word' id='word_1_33' title='bbox 1811 280 1947 319; x_wconf 87' lang='lat' dir='ltr'>utraque</span> <span class='ocrx_word' id='word_1_34' title='bbox 1971 282 2062 321; x_wconf 83' lang='lat' dir='ltr'>parte</span> 
     </span>
     <span class='ocr_line' id='line_1_4' title="bbox 423 328 2063 373; baseline 0.001 -14"><span class='ocrx_word' id='word_1_35' title='bbox 423 328 485 359; x_wconf 90' lang='lat' dir='ltr'>duo</span> <span class='ocrx_word' id='word_1_36' title='bbox 509 329 567 359; x_wconf 82' lang='lat' dir='ltr'>viri</span> <span class='ocrx_word' id='word_1_37' title='bbox 592 328 745 369; x_wconf 82' lang='lat' dir='ltr'>fidedigni</span> <span class='ocrx_word' id='word_1_38' title='bbox 773 328 893 360; x_wconf 88' lang='lat' dir='ltr'>debent</span> <span class='ocrx_word' id='word_1_39' title='bbox 923 328 999 370; x_wconf 81' lang='lat' dir='ltr'>eligi</span> <span class='ocrx_word' id='word_1_40' title='bbox 1023 331 1054 359; x_wconf 83' lang='lat' dir='ltr'>et</span> <span class='ocrx_word' id='word_1_41' title='bbox 1076 328 1271 360; x_wconf 87' lang='lat' dir='ltr'>venerabilis</span> <span class='ocrx_word' id='word_1_42' title='bbox 1300 329 1398 360; x_wconf 83' lang='lat' dir='ltr'>frater</span> <span class='ocrx_word' id='word_1_43' title='bbox 1428 328 1470 359; x_wconf 91' lang='lat' dir='ltr'>H.</span> <span class='ocrx_word' id='word_1_44' title='bbox 1495 328 1685 359; x_wconf 88' lang='lat' dir='ltr'>Basiliensis</span> <span class='ocrx_word' id='word_1_45' title='bbox 1715 329 1888 371; x_wconf 85' lang='lat' dir='ltr'>episcopus</span> <span class='ocrx_word' id='word_1_46' title='bbox 1912 330 2063 373; x_wconf 86' lang='lat' dir='ltr'>princeps</span> 
     </span>
     <span class='ocr_line' id='line_1_5' title="bbox 426 380 2063 421; baseline 0.002 -11"><span class='ocrx_word' id='word_1_47' title='bbox 426 382 538 411; x_wconf 83' lang='lat' dir='ltr'>noster</span> <span class='ocrx_word' id='word_1_48' title='bbox 571 380 758 411; x_wconf 85' lang='lat' dir='ltr'>karissimus</span> <span class='ocrx_word' id='word_1_49' title='bbox 789 383 820 411; x_wconf 88' lang='lat' dir='ltr'>et</span> <span class='ocrx_word' id='word_1_50' title='bbox 850 381 1006 421; x_wconf 84' lang='lat' dir='ltr'>magister</span> <span class='ocrx_word' id='word_1_51' title='bbox 1035 380 1228 411; x_wconf 87' lang='lat' dir='ltr'>Guillclmus</span> <span class='ocrx_word' id='word_1_52' title='bbox 1262 380 1301 411; x_wconf 86' lang='lat' dir='ltr'>de</span> <span class='ocrx_word' id='word_1_53' title='bbox 1331 380 1503 411; x_wconf 81' lang='lat' dir='ltr'>Belloforti</span> <span class='ocrx_word' id='word_1_54' title='bbox 1535 380 1672 411; x_wconf 88' lang='lat' dir='ltr'>clericus</span> <span class='ocrx_word' id='word_1_55' title='bbox 1705 381 1910 412; x_wconf 82' lang='lat' dir='ltr'>serenissime</span> <span class='ocrx_word' id='word_1_56' title='bbox 1934 381 2063 413; x_wconf 88' lang='lat' dir='ltr'>domine</span> 
     </span>
     <span class='ocr_line' id='line_1_6' title="bbox 420 431 2114 474; baseline 0.001 -12"><span class='ocrx_word' id='word_1_57' title='bbox 420 431 466 463; x_wconf 88' lang='lat' dir='ltr'>M.</span> <span class='ocrx_word' id='word_1_58' title='bbox 491 432 604 472; x_wconf 87' lang='lat' dir='ltr'>regine</span> <span class='ocrx_word' id='word_1_59' title='bbox 627 431 764 463; x_wconf 83' lang='lat' dir='ltr'>Franeie</span> <span class='ocrx_word' id='word_1_60' title='bbox 788 442 846 473; x_wconf 91' lang='lat' dir='ltr'>pro</span> <span class='ocrx_word' id='word_1_61' title='bbox 870 432 964 463; x_wconf 89' lang='lat' dir='ltr'>tertio</span> <span class='ocrx_word' id='word_1_62' title='bbox 989 435 1181 469; x_wconf 72' lang='lat' dir='ltr'>statuentur,</span> <span class='ocrx_word' id='word_1_63' title='bbox 1206 433 1258 473; x_wconf 91' lang='lat' dir='ltr'>qui</span> <span class='ocrx_word' id='word_1_64' title='bbox 1284 432 1385 473; x_wconf 83' lang='lat' dir='ltr'>ipsam</span> <span class='ocrx_word' id='word_1_65' title='bbox 1404 442 1552 472; x_wconf 84' lang='lat' dir='ltr'>guerram</span> <span class='ocrx_word' id='word_1_66' title='bbox 1577 432 1645 463; x_wconf 86' lang='lat' dir='ltr'>sine</span> <span class='ocrx_word' id='word_1_67' title='bbox 1662 432 1867 474; x_wconf 86' lang='lat' dir='ltr'>dispendioso</span> <span class='ocrx_word' id='word_1_68' title='bbox 1884 432 2062 465; x_wconf 83' lang='lat' dir='ltr'>discordia·</span> <span class='ocrx_word' id='word_1_69' title='bbox 2102 443 2114 463; x_wconf 82' lang='lat'><strong>5</strong></span> 
     </span>
     <span class='ocr_line' id='line_1_7' title="bbox 420 483 2064 526; baseline 0.002 -13"><span class='ocrx_word' id='word_1_70' title='bbox 420 493 489 514; x_wconf 90' lang='lat' dir='ltr'>rum</span> <span class='ocrx_word' id='word_1_71' title='bbox 521 484 659 525; x_wconf 89' lang='lat' dir='ltr'>strepitu</span> <span class='ocrx_word' id='word_1_72' title='bbox 687 483 817 514; x_wconf 87' lang='lat' dir='ltr'>valeant</span> <span class='ocrx_word' id='word_1_73' title='bbox 845 483 1060 526; x_wconf 82' lang='lat' dir='ltr'>complanare.</span> <span class='ocrx_word' id='word_1_74' title='bbox 1114 483 1207 514; x_wconf 89' lang='lat' dir='ltr'>Unde</span> <span class='ocrx_word' id='word_1_75' title='bbox 1237 483 1350 515; x_wconf 88' lang='lat' dir='ltr'>damus</span> <span class='ocrx_word' id='word_1_76' title='bbox 1382 483 1439 514; x_wconf 82' lang='lat' dir='ltr'>has</span> <span class='ocrx_word' id='word_1_77' title='bbox 1468 486 1594 515; x_wconf 85' lang='lat' dir='ltr'>nostras</span> <span class='ocrx_word' id='word_1_78' title='bbox 1624 484 1748 516; x_wconf 83' lang='lat' dir='ltr'>litteras</span> <span class='ocrx_word' id='word_1_79' title='bbox 1781 485 1813 515; x_wconf 93' lang='lat' dir='ltr'>in</span> <span class='ocrx_word' id='word_1_80' title='bbox 1844 485 2064 517; x_wconf 88' lang='lat' dir='ltr'>testimonium</span> 
     </span>
     <span class='ocr_line' id='line_1_8' title="bbox 422 545 1107 578; baseline 0.001 -12"><span class='ocrx_word' id='word_1_81' title='bbox 422 545 517 576; x_wconf 87' lang='lat' dir='ltr'>super</span> <span class='ocrx_word' id='word_1_82' title='bbox 541 545 588 566; x_wconf 91' lang='lat' dir='ltr'>eo.</span> <span class='ocrx_word' id='word_1_83' title='bbox 1100 574 1107 578; x_wconf 41' lang='lat'><em>¹</em></span> 
     </span>
     <span class='ocr_line' id='line_1_9' title="bbox 528 586 1643 628; baseline 0 -10"><span class='ocrx_word' id='word_1_84' title='bbox 528 586 648 618; x_wconf 82' lang='lat' dir='ltr'>Datum</span> <span class='ocrx_word' id='word_1_85' title='bbox 675 587 835 628; x_wconf 84' lang='lat' dir='ltr'>Friburgi,</span> <span class='ocrx_word' id='word_1_86' title='bbox 859 587 937 620; x_wconf 90' lang='lat' dir='ltr'>IIII.</span> <span class='ocrx_word' id='word_1_87' title='bbox 954 587 1037 620; x_wconf 85' lang='lat' dir='ltr'>Non.</span> <span class='ocrx_word' id='word_1_88' title='bbox 1062 587 1215 626; x_wconf 82' lang='lat' dir='ltr'>Ianuarii,</span> <span class='ocrx_word' id='word_1_89' title='bbox 1240 587 1330 628; x_wconf 85' lang='lat' dir='ltr'>regni</span> <span class='ocrx_word' id='word_1_90' title='bbox 1354 587 1452 618; x_wconf 83' lang='lat' dir='ltr'>nostri</span> <span class='ocrx_word' id='word_1_91' title='bbox 1477 597 1561 618; x_wconf 88' lang='lat' dir='ltr'>anno</span> <span class='ocrx_word' id='word_1_92' title='bbox 1586 586 1643 618; x_wconf 90' lang='lat' dir='ltr'>XI.</span> 
     </span>
    </p>
   </div>
   <div class='ocr_carea' id='block_1_3' title="bbox 503 750 2114 904">
    <p class='ocr_par' dir='ltr' id='par_1_3' title="bbox 503 750 2114 904">
     <span class='ocr_line' id='line_1_10' title="bbox 503 750 1988 784; baseline 0.002 -3"><span class='ocrx_word' id='word_1_93' title='bbox 503 750 579 783; x_wconf 71' lang='lat'>326.</span> <span class='ocrx_word' id='word_1_94' title='bbox 603 750 883 783; x_wconf 71' lang='lat' dir='ltr'><em>MANDATUM</em></span> <span class='ocrx_word' id='word_1_95' title='bbox 902 751 1045 783; x_wconf 82' lang='lat' dir='ltr'><em>REGIS</em></span> <span class='ocrx_word' id='word_1_96' title='bbox 1068 751 1136 782; x_wconf 86' lang='lat' dir='ltr'>DE</span> <span class='ocrx_word' id='word_1_97' title='bbox 1156 750 1364 782; x_wconf 70' lang='lat' dir='ltr'><em>PECUNIA</em></span> <span class='ocrx_word' id='word_1_98' title='bbox 1388 750 1693 782; x_wconf 77' lang='lat' dir='ltr'><em>RECIPIENDA.</em></span> <span class='ocrx_word' id='word_1_99' title='bbox 1740 752 1832 783; x_wconf 77' lang='lat'>1284.</span> <span class='ocrx_word' id='word_1_100' title='bbox 1871 753 1942 783; x_wconf 81' lang='lat' dir='ltr'>Ian.</span> <span class='ocrx_word' id='word_1_101' title='bbox 1958 754 1988 784; x_wconf 78' lang='lat'>2.</span> 
     </span>
     <span class='ocr_line' id='line_1_11' title="bbox 533 811 2114 850; baseline 0.001 -7"><span class='ocrx_word' id='word_1_102' title='bbox 533 812 586 843; x_wconf 56' lang='lat' dir='ltr'>Ea?</span> <span class='ocrx_word' id='word_1_103' title='bbox 609 812 704 842; x_wconf 75' lang='lat' dir='ltr'>Libro</span> <span class='ocrx_word' id='word_1_104' title='bbox 728 812 906 842; x_wconf 65' lang='lat' dir='ltr'>litterarum</span> <span class='ocrx_word' id='word_1_105' title='bbox 930 811 1137 850; x_wconf 76' lang='lat' dir='ltr'>imperialium</span> <span class='ocrx_word' id='word_1_106' title='bbox 1163 811 1217 849; x_wconf 78' lang='lat' dir='ltr'>fol.</span> <span class='ocrx_word' id='word_1_107' title='bbox 1233 813 1283 841; x_wconf 78' lang='lat'>31.</span> <span class='ocrx_word' id='word_1_108' title='bbox 1309 830 1346 834; x_wconf 96' lang='lat'>—</span> <span class='ocrx_word' id='word_1_109' title='bbox 1373 811 1517 848; x_wconf 69' lang='lat' dir='ltr'>Bo&#39;hmer,</span> <span class='ocrx_word' id='word_1_110' title='bbox 1542 811 1615 850; x_wconf 71' lang='lat' dir='ltr'>Rey.</span> <span class='ocrx_word' id='word_1_111' title='bbox 1632 812 1706 850; x_wconf 71' lang='lat' dir='ltr'>imp.</span> <span class='ocrx_word' id='word_1_112' title='bbox 1728 811 1781 849; x_wconf 73' lang='grc' dir='ltr'>ΓΙ,</span> <span class='ocrx_word' id='word_1_113' title='bbox 1796 813 1887 842; x_wconf 82' lang='grc'><em>1811.</em></span> <span class='ocrx_word' id='word_1_114' title='bbox 2062 826 2069 838; x_wconf 69' lang='lat'><strong>⁴</strong></span> <span class='ocrx_word' id='word_1_115' title='bbox 2091 825 2114 844; x_wconf 83' lang='grc' dir='ltr'>ιο</span> 
     </span>
     <span class='ocr_line' id='line_1_12' title="bbox 1771 863 1955 904; baseline 0 -10"><span class='ocrx_word' id='word_1_116' title='bbox 1771 863 1822 902; x_wconf 88' lang='lat' dir='ltr'>(P.</span> <span class='ocrx_word' id='word_1_117' title='bbox 1848 864 1955 904; x_wconf 78' lang='lat' dir='ltr'>deest.)</span> 
     </span>
    </p>
   </div>
   <div class='ocr_carea' id='block_1_4' title="bbox 422 931 2063 1016">
    <p class='ocr_par' dir='ltr' id='par_1_4' title="bbox 422 931 2063 1016">
     <span class='ocr_line' id='line_1_13' title="bbox 530 931 2063 975; baseline 0.001 -13"><span class='ocrx_word' id='word_1_118' title='bbox 530 932 717 973; x_wconf 79' lang='lat' dir='ltr'>Rud(olfus)</span> <span class='ocrx_word' id='word_1_119' title='bbox 750 931 810 962; x_wconf 88' lang='lat' dir='ltr'>Dei</span> <span class='ocrx_word' id='word_1_120' title='bbox 843 932 947 973; x_wconf 85' lang='lat' dir='ltr'>gratia</span> <span class='ocrx_word' id='word_1_121' title='bbox 977 931 1193 962; x_wconf 79' lang='lat' dir='ltr'>Romanorum</span> <span class='ocrx_word' id='word_1_122' title='bbox 1229 942 1285 962; x_wconf 84' lang='lat' dir='ltr'>rex</span> <span class='ocrx_word' id='word_1_123' title='bbox 1315 942 1442 973; x_wconf 82' lang='lat' dir='ltr'>semper</span> <span class='ocrx_word' id='word_1_124' title='bbox 1473 935 1627 973; x_wconf 84' lang='lat' dir='ltr'>augustus</span> <span class='ocrx_word' id='word_1_125' title='bbox 1661 932 1759 963; x_wconf 91' lang='lat' dir='ltr'>nobili</span> <span class='ocrx_word' id='word_1_126' title='bbox 1789 933 1857 963; x_wconf 87' lang='lat' dir='ltr'>viro</span> <span class='ocrx_word' id='word_1_127' title='bbox 1887 933 2063 975; x_wconf 90' lang='lat' dir='ltr'>Phi(lippo)</span> 
     </span>
     <span class='ocr_line' id='line_1_14' title="bbox 422 983 1557 1016; baseline 0 -1"><span class='ocrx_word' id='word_1_128' title='bbox 422 984 532 1016; x_wconf 86' lang='lat' dir='ltr'>comiti</span> <span class='ocrx_word' id='word_1_129' title='bbox 557 984 719 1015; x_wconf 77' lang='lat' dir='ltr'>sabaudie</span> <span class='ocrx_word' id='word_1_130' title='bbox 743 985 847 1015; x_wconf 88' lang='lat' dir='ltr'>amico</span> <span class='ocrx_word' id='word_1_131' title='bbox 872 994 929 1014; x_wconf 90' lang='lat' dir='ltr'>suo</span> <span class='ocrx_word' id='word_1_132' title='bbox 955 983 1070 1014; x_wconf 84' lang='lat' dir='ltr'>dilecto</span> <span class='ocrx_word' id='word_1_133' title='bbox 1095 983 1231 1014; x_wconf 87' lang='lat' dir='ltr'>salutem</span> <span class='ocrx_word' id='word_1_134' title='bbox 1257 986 1288 1014; x_wconf 81' lang='lat' dir='ltr'>et</span> <span class='ocrx_word' id='word_1_135' title='bbox 1313 993 1406 1014; x_wconf 89' lang='lat' dir='ltr'>omne</span> <span class='ocrx_word' id='word_1_136' title='bbox 1430 983 1557 1016; x_wconf 87' lang='lat' dir='ltr'>bonum.</span> 
     </span>
    </p>
   </div>
   <div class='ocr_carea' id='block_1_5' title="bbox 421 1043 2113 1439">
    <p class='ocr_par' dir='ltr' id='par_1_5' title="bbox 421 1043 2113 1439">
     <span class='ocr_line' id='line_1_15' title="bbox 532 1043 2062 1086; baseline 0.001 -11"><span class='ocrx_word' id='word_1_137' title='bbox 532 1044 693 1075; x_wconf 84' lang='lat' dir='ltr'>Gerentes</span> <span class='ocrx_word' id='word_1_138' title='bbox 718 1044 757 1075; x_wconf 90' lang='lat' dir='ltr'>de</span> <span class='ocrx_word' id='word_1_139' title='bbox 782 1044 1070 1086; x_wconf 80' lang='lat' dir='ltr'>circumspectione</span> <span class='ocrx_word' id='word_1_140' title='bbox 1096 1043 1263 1085; x_wconf 86' lang='lat' dir='ltr'>prudentis</span> <span class='ocrx_word' id='word_1_141' title='bbox 1288 1044 1346 1074; x_wconf 86' lang='lat' dir='ltr'>viri</span> <span class='ocrx_word' id='word_1_142' title='bbox 1368 1043 1420 1075; x_wconf 87' lang='lat' dir='ltr'>Ul.</span> <span class='ocrx_word' id='word_1_143' title='bbox 1443 1044 1519 1075; x_wconf 89' lang='lat' dir='ltr'>dicti</span> <span class='ocrx_word' id='word_1_144' title='bbox 1542 1043 1619 1075; x_wconf 87' lang='lat' dir='ltr'>Ricz</span> <span class='ocrx_word' id='word_1_145' title='bbox 1643 1045 1719 1075; x_wconf 90' lang='lat' dir='ltr'>civis</span> <span class='ocrx_word' id='word_1_146' title='bbox 1742 1044 1891 1086; x_wconf 83' lang='lat' dir='ltr'>Friburgi</span> <span class='ocrx_word' id='word_1_147' title='bbox 1913 1044 2062 1076; x_wconf 84' lang='lat' dir='ltr'>fiduciam</span> 
     </span>
     <span class='ocr_line' id='line_1_16' title="bbox 422 1095 2110 1138; baseline 0.001 -11"><span class='ocrx_word' id='word_1_148' title='bbox 422 1096 661 1136; x_wconf 77' lang='lat' dir='ltr'>inconcussam,</span> <span class='ocrx_word' id='word_1_149' title='bbox 699 1096 812 1127; x_wconf 85' lang='lat' dir='ltr'>damus</span> <span class='ocrx_word' id='word_1_150' title='bbox 843 1099 875 1127; x_wconf 90' lang='lat' dir='ltr'>et</span> <span class='ocrx_word' id='word_1_151' title='bbox 904 1095 1111 1127; x_wconf 83' lang='lat' dir='ltr'>concedimus</span> <span class='ocrx_word' id='word_1_152' title='bbox 1147 1096 1177 1127; x_wconf 92' lang='lat' dir='ltr'>ei</span> <span class='ocrx_word' id='word_1_153' title='bbox 1208 1095 1396 1126; x_wconf 86' lang='lat' dir='ltr'>mandatum</span> <span class='ocrx_word' id='word_1_154' title='bbox 1425 1099 1458 1127; x_wconf 88' lang='lat' dir='ltr'>et</span> <span class='ocrx_word' id='word_1_155' title='bbox 1486 1096 1616 1138; x_wconf 88' lang='lat' dir='ltr'>plenam</span> <span class='ocrx_word' id='word_1_156' title='bbox 1640 1107 1677 1127; x_wconf 85' lang='lat' dir='ltr'>ac</span> <span class='ocrx_word' id='word_1_157' title='bbox 1706 1096 1842 1127; x_wconf 89' lang='lat' dir='ltr'>liberam</span> <span class='ocrx_word' id='word_1_158' title='bbox 1866 1099 2062 1138; x_wconf 87' lang='lat' dir='ltr'>potestatem</span> <span class='ocrx_word' id='word_1_159' title='bbox 2088 1112 2110 1131; x_wconf 80' lang='lat'>1⁵</span> 
     </span>
     <span class='ocr_line' id='line_1_17' title="bbox 424 1147 2063 1190; baseline 0.001 -12"><span class='ocrx_word' id='word_1_160' title='bbox 424 1148 565 1189; x_wconf 81' lang='lat' dir='ltr'>petendi,</span> <span class='ocrx_word' id='word_1_161' title='bbox 590 1148 775 1189; x_wconf 88' lang='lat' dir='ltr'>requirendi</span> <span class='ocrx_word' id='word_1_162' title='bbox 799 1150 831 1178; x_wconf 90' lang='lat' dir='ltr'>et</span> <span class='ocrx_word' id='word_1_163' title='bbox 853 1147 1005 1188; x_wconf 77' lang='lat' dir='ltr'>exigendi</span> <span class='ocrx_word' id='word_1_164' title='bbox 1031 1151 1064 1178; x_wconf 89' lang='lat' dir='ltr'>et</span> <span class='ocrx_word' id='word_1_165' title='bbox 1089 1147 1267 1189; x_wconf 88' lang='lat' dir='ltr'>recipiendi</span> <span class='ocrx_word' id='word_1_166' title='bbox 1299 1158 1318 1178; x_wconf 90' lang='lat' dir='ltr'>a</span> <span class='ocrx_word' id='word_1_167' title='bbox 1346 1152 1378 1179; x_wconf 87' lang='lat' dir='ltr'>te</span> <span class='ocrx_word' id='word_1_168' title='bbox 1403 1147 1466 1179; x_wconf 89' lang='lat' dir='ltr'>duo</span> <span class='ocrx_word' id='word_1_169' title='bbox 1498 1148 1598 1179; x_wconf 81' lang='lat' dir='ltr'>millia</span> <span class='ocrx_word' id='word_1_170' title='bbox 1621 1148 1824 1180; x_wconf 85' lang='lat' dir='ltr'>marcharum</span> <span class='ocrx_word' id='word_1_171' title='bbox 1856 1149 1999 1190; x_wconf 80' lang='lat' dir='ltr'>argenti,</span> <span class='ocrx_word' id='word_1_172' title='bbox 2031 1149 2063 1180; x_wconf 90' lang='lat' dir='ltr'>in</span> 
     </span>
     <span class='ocr_line' id='line_1_18' title="bbox 422 1199 2063 1242; baseline 0.001 -12"><span class='ocrx_word' id='word_1_173' title='bbox 422 1199 538 1240; x_wconf 87' lang='lat' dir='ltr'>quibus</span> <span class='ocrx_word' id='word_1_174' title='bbox 567 1200 658 1230; x_wconf 85' lang='lat' dir='ltr'>nobis</span> <span class='ocrx_word' id='word_1_175' title='bbox 687 1210 728 1230; x_wconf 79' lang='lat' dir='ltr'>ex</span> <span class='ocrx_word' id='word_1_176' title='bbox 764 1200 994 1241; x_wconf 80' lang='lat' dir='ltr'>compositione</span> <span class='ocrx_word' id='word_1_177' title='bbox 1027 1203 1059 1230; x_wconf 88' lang='lat' dir='ltr'>et</span> <span class='ocrx_word' id='word_1_178' title='bbox 1090 1199 1262 1230; x_wconf 85' lang='lat' dir='ltr'>concordia</span> <span class='ocrx_word' id='word_1_179' title='bbox 1291 1200 1374 1230; x_wconf 87' lang='lat' dir='ltr'>inter</span> <span class='ocrx_word' id='word_1_180' title='bbox 1405 1211 1463 1231; x_wconf 89' lang='lat' dir='ltr'>nos</span> <span class='ocrx_word' id='word_1_181' title='bbox 1494 1203 1526 1231; x_wconf 88' lang='lat' dir='ltr'>et</span> <span class='ocrx_word' id='word_1_182' title='bbox 1554 1204 1585 1231; x_wconf 86' lang='lat' dir='ltr'>te</span> <span class='ocrx_word' id='word_1_183' title='bbox 1617 1200 1703 1232; x_wconf 83' lang='lat' dir='ltr'>facta</span> <span class='ocrx_word' id='word_1_184' title='bbox 1726 1211 1760 1232; x_wconf 91' lang='lat' dir='ltr'>es</span> <span class='ocrx_word' id='word_1_185' title='bbox 1784 1200 1944 1242; x_wconf 85' lang='lat' dir='ltr'>obligatus</span> <span class='ocrx_word' id='word_1_186' title='bbox 1958 1201 1977 1233; x_wconf 88' lang='lat'>¹.</span> <span class='ocrx_word' id='word_1_187' title='bbox 2021 1200 2063 1232; x_wconf 86' lang='lat' dir='ltr'>Et</span> 
     </span>
     <span class='ocr_line' id='line_1_19' title="bbox 428 1251 2062 1294; baseline 0 -12"><span class='ocrx_word' id='word_1_188' title='bbox 428 1251 580 1293; x_wconf 87' lang='lat' dir='ltr'>quicquid</span> <span class='ocrx_word' id='word_1_189' title='bbox 603 1252 729 1283; x_wconf 87' lang='lat' dir='ltr'>nomine</span> <span class='ocrx_word' id='word_1_190' title='bbox 754 1255 862 1282; x_wconf 87' lang='lat' dir='ltr'>nostro</span> <span class='ocrx_word' id='word_1_191' title='bbox 887 1251 991 1283; x_wconf 87' lang='lat' dir='ltr'>eidem</span> <span class='ocrx_word' id='word_1_192' title='bbox 1015 1252 1209 1293; x_wconf 86' lang='lat' dir='ltr'>persolveris</span> <span class='ocrx_word' id='word_1_193' title='bbox 1235 1251 1274 1282; x_wconf 89' lang='lat' dir='ltr'>de</span> <span class='ocrx_word' id='word_1_194' title='bbox 1297 1252 1436 1293; x_wconf 84' lang='lat' dir='ltr'>pecunia</span> <span class='ocrx_word' id='word_1_195' title='bbox 1460 1255 1654 1292; x_wconf 85' lang='lat' dir='ltr'>memorata,</span> <span class='ocrx_word' id='word_1_196' title='bbox 1686 1252 1777 1284; x_wconf 91' lang='lat' dir='ltr'>nobis</span> <span class='ocrx_word' id='word_1_197' title='bbox 1808 1252 2062 1294; x_wconf 84' lang='lat' dir='ltr'>computabimus</span> 
     </span>
     <span class='ocr_line' id='line_1_20' title="bbox 423 1303 2061 1347; baseline 0.002 -14"><span class='ocrx_word' id='word_1_198' title='bbox 423 1303 621 1344; x_wconf 82' lang='lat' dir='ltr'>persolutum</span> <span class='ocrx_word' id='word_1_199' title='bbox 656 1306 689 1334; x_wconf 89' lang='lat' dir='ltr'>et</span> <span class='ocrx_word' id='word_1_200' title='bbox 717 1306 748 1334; x_wconf 82' lang='lat' dir='ltr'>te</span> <span class='ocrx_word' id='word_1_201' title='bbox 778 1314 833 1344; x_wconf 90' lang='lat' dir='ltr'>pro</span> <span class='ocrx_word' id='word_1_202' title='bbox 858 1306 946 1334; x_wconf 80' lang='lat' dir='ltr'>tanto</span> <span class='ocrx_word' id='word_1_203' title='bbox 972 1303 1055 1344; x_wconf 90' lang='lat' dir='ltr'>quod</span> <span class='ocrx_word' id='word_1_204' title='bbox 1080 1304 1109 1334; x_wconf 90' lang='lat' dir='ltr'>ei</span> <span class='ocrx_word' id='word_1_205' title='bbox 1134 1304 1328 1345; x_wconf 87' lang='lat' dir='ltr'>persolveris</span> <span class='ocrx_word' id='word_1_206' title='bbox 1353 1304 1560 1345; x_wconf 83' lang='lat' dir='ltr'>quittabimus</span> <span class='ocrx_word' id='word_1_207' title='bbox 1590 1307 1623 1335; x_wconf 88' lang='lat' dir='ltr'>et</span> <span class='ocrx_word' id='word_1_208' title='bbox 1653 1304 1828 1345; x_wconf 82' lang='lat' dir='ltr'>quittamus</span> <span class='ocrx_word' id='word_1_209' title='bbox 1856 1304 2061 1347; x_wconf 84' lang='lat' dir='ltr'>presentibus</span> 
     </span>
     <span class='ocr_line' id='line_1_21' title="bbox 423 1355 2113 1397; baseline 0.002 -12"><span class='ocrx_word' id='word_1_210' title='bbox 423 1355 524 1385; x_wconf 89' lang='lat' dir='ltr'>libere</span> <span class='ocrx_word' id='word_1_211' title='bbox 554 1359 585 1386; x_wconf 88' lang='lat' dir='ltr'>et</span> <span class='ocrx_word' id='word_1_212' title='bbox 614 1355 727 1386; x_wconf 85' lang='lat' dir='ltr'>solute.</span> <span class='ocrx_word' id='word_1_213' title='bbox 781 1355 818 1385; x_wconf 87' lang='lat' dir='ltr'>In</span> <span class='ocrx_word' id='word_1_214' title='bbox 852 1355 942 1386; x_wconf 87' lang='lat' dir='ltr'>cuius</span> <span class='ocrx_word' id='word_1_215' title='bbox 974 1356 1021 1386; x_wconf 89' lang='lat' dir='ltr'>rei</span> <span class='ocrx_word' id='word_1_216' title='bbox 1053 1355 1273 1386; x_wconf 85' lang='lat' dir='ltr'>testimonium</span> <span class='ocrx_word' id='word_1_217' title='bbox 1305 1365 1438 1397; x_wconf 86' lang='lat' dir='ltr'>presens</span> <span class='ocrx_word' id='word_1_218' title='bbox 1469 1356 1624 1397; x_wconf 85' lang='lat' dir='ltr'>scriptum</span> <span class='ocrx_word' id='word_1_219' title='bbox 1655 1356 1759 1397; x_wconf 88' lang='lat' dir='ltr'>sigillo</span> <span class='ocrx_word' id='word_1_220' title='bbox 1790 1356 1925 1388; x_wconf 85' lang='lat' dir='ltr'>fecimus</span> <span class='ocrx_word' id='word_1_221' title='bbox 1953 1359 2062 1388; x_wconf 87' lang='lat' dir='ltr'>nostre</span> <span class='ocrx_word' id='word_1_222' title='bbox 2089 1371 2113 1391; x_wconf 78' lang='lat'>20</span> 
     </span>
     <span class='ocr_line' id='line_1_22' title="bbox 421 1406 824 1439; baseline 0.002 -2"><span class='ocrx_word' id='word_1_223' title='bbox 421 1406 599 1437; x_wconf 82' lang='lat' dir='ltr'>maiestatis</span> <span class='ocrx_word' id='word_1_224' title='bbox 626 1407 824 1439; x_wconf 90' lang='lat' dir='ltr'>communiri.</span> 
     </span>
    </p>
   </div>
   <div class='ocr_carea' id='block_1_6' title="bbox 421 1464 2061 1562">
    <p class='ocr_par' dir='ltr' id='par_1_6' title="bbox 421 1464 2061 1562">
     <span class='ocr_line' id='line_1_23' title="bbox 528 1464 2061 1510; baseline 0.001 -12"><span class='ocrx_word' id='word_1_225' title='bbox 528 1468 648 1499; x_wconf 82' lang='lat' dir='ltr'>Datum</span> <span class='ocrx_word' id='word_1_226' title='bbox 677 1468 835 1510; x_wconf 81' lang='lat' dir='ltr'>Friburgi,</span> <span class='ocrx_word' id='word_1_227' title='bbox 861 1468 903 1499; x_wconf 95' lang='grc' dir='ltr'>ΙΙ.</span> <span class='ocrx_word' id='word_1_228' title='bbox 920 1468 1002 1499; x_wconf 84' lang='grc' dir='ltr'>Νοη.</span> <span class='ocrx_word' id='word_1_229' title='bbox 1028 1468 1183 1507; x_wconf 69' lang='lat' dir='ltr'>Ianuarii,</span> <span class='ocrx_word' id='word_1_230' title='bbox 1209 1468 1369 1499; x_wconf 85' lang='lat' dir='ltr'>indicione</span> <span class='ocrx_word' id='word_1_231' title='bbox 1394 1464 1600 1507; x_wconf 82' lang='lat' dir='ltr'>duodecima,</span> <span class='ocrx_word' id='word_1_232' title='bbox 1630 1478 1713 1499; x_wconf 83' lang='lat' dir='ltr'>anno</span> <span class='ocrx_word' id='word_1_233' title='bbox 1738 1467 1869 1500; x_wconf 90' lang='lat' dir='ltr'>Domini</span> <span class='ocrx_word' id='word_1_234' title='bbox 1892 1468 2061 1500; x_wconf 87' lang='lat' dir='ltr'>millesimo</span> 
     </span>
     <span class='ocr_line' id='line_1_24' title="bbox 421 1520 1697 1562; baseline 0.001 -11"><span class='ocrx_word' id='word_1_235' title='bbox 421 1520 649 1551; x_wconf 83' lang='lat' dir='ltr'>ducentesimo</span> <span class='ocrx_word' id='word_1_236' title='bbox 675 1521 895 1562; x_wconf 80' lang='lat' dir='ltr'>octuagesimo</span> <span class='ocrx_word' id='word_1_237' title='bbox 920 1524 1045 1562; x_wconf 82' lang='lat' dir='ltr'>quarto,</span> <span class='ocrx_word' id='word_1_238' title='bbox 1069 1521 1160 1562; x_wconf 84' lang='lat' dir='ltr'>regni</span> <span class='ocrx_word' id='word_1_239' title='bbox 1184 1531 1259 1552; x_wconf 91' lang='lat' dir='ltr'>vero</span> <span class='ocrx_word' id='word_1_240' title='bbox 1283 1521 1384 1552; x_wconf 76' lang='lat' dir='ltr'>nostri</span> <span class='ocrx_word' id='word_1_241' title='bbox 1409 1531 1492 1552; x_wconf 86' lang='lat' dir='ltr'>anno</span> <span class='ocrx_word' id='word_1_242' title='bbox 1516 1520 1697 1553; x_wconf 84' lang='lat' dir='ltr'>undecimo.</span> 
     </span>
    </p>
   </div>
   <div class='ocr_carea' id='block_1_7' title="bbox 534 1684 2108 1786">
    <p class='ocr_par' dir='ltr' id='par_1_7' title="bbox 534 1684 2108 1786">
     <span class='ocr_line' id='line_1_25' title="bbox 684 1684 1802 1724; baseline 0.002 -9"><span class='ocrx_word' id='word_1_243' title='bbox 684 1684 760 1715; x_wconf 70' lang='lat'>327.</span> <span class='ocrx_word' id='word_1_244' title='bbox 787 1684 1008 1724; x_wconf 71' lang='lat' dir='ltr'><em>QUJTATIO</em></span> <span class='ocrx_word' id='word_1_245' title='bbox 1031 1685 1098 1716; x_wconf 84' lang='lat' dir='ltr'>DE</span> <span class='ocrx_word' id='word_1_246' title='bbox 1118 1685 1271 1716; x_wconf 84' lang='lat' dir='ltr'><em>MILLE</em></span> <span class='ocrx_word' id='word_1_247' title='bbox 1290 1686 1479 1718; x_wconf 80' lang='lat' dir='ltr'>MARCIS.</span> <span class='ocrx_word' id='word_1_248' title='bbox 1525 1687 1617 1717; x_wconf 72' lang='lat'>1284.</span> <span class='ocrx_word' id='word_1_249' title='bbox 1663 1687 1734 1718; x_wconf 64' lang='grc' dir='ltr'><em>Ιαφι.</em></span> <span class='ocrx_word' id='word_1_250' title='bbox 1751 1688 1802 1718; x_wconf 75' lang='lat'>28.</span> 
     </span>
     <span class='ocr_line' id='line_1_26' title="bbox 534 1745 2108 1786; baseline 0.001 -11"><span class='ocrx_word' id='word_1_251' title='bbox 534 1745 586 1775; x_wconf 60' lang='lat' dir='ltr'>Iste</span> <span class='ocrx_word' id='word_1_252' title='bbox 609 1746 709 1775; x_wconf 64' lang='lat' dir='ltr'>eodem</span> <span class='ocrx_word' id='word_1_253' title='bbox 734 1746 828 1776; x_wconf 74' lang='lat' dir='ltr'>Libro</span> <span class='ocrx_word' id='word_1_254' title='bbox 850 1745 903 1784; x_wconf 77' lang='lat' dir='ltr'>fol.</span> <span class='ocrx_word' id='word_1_255' title='bbox 920 1748 982 1776; x_wconf 68' lang='lat'>31¹.</span> <span class='ocrx_word' id='word_1_256' title='bbox 1032 1746 1079 1786; x_wconf 66' lang='lat' dir='ltr'>(Jfl</span> <span class='ocrx_word' id='word_1_257' title='bbox 1107 1746 1246 1783; x_wconf 60' lang='lat' dir='ltr'>Riihmer,</span> <span class='ocrx_word' id='word_1_258' title='bbox 1273 1746 1347 1786; x_wconf 70' lang='lat' dir='ltr'>Regl.</span> <span class='ocrx_word' id='word_1_259' title='bbox 1366 1747 1438 1785; x_wconf 68' lang='lat' dir='ltr'>imp.</span> <span class='ocrx_word' id='word_1_260' title='bbox 1460 1746 1511 1784; x_wconf 87' lang='lat' dir='ltr'>VI,</span> <span class='ocrx_word' id='word_1_261' title='bbox 1529 1748 1622 1779; x_wconf 75' lang='lat'><strong><em>1811.</em></strong></span> <span class='ocrx_word' id='word_1_262' title='bbox 1770 1746 1824 1786; x_wconf 87' lang='lat' dir='ltr'>(P.</span> <span class='ocrx_word' id='word_1_263' title='bbox 1849 1746 1955 1783; x_wconf 78' lang='lat' dir='ltr'>deest.)</span> <span class='ocrx_word' id='word_1_264' title='bbox 2085 1762 2108 1781; x_wconf 76' lang='lat'>2⁵</span> 
     </span>
    </p>
   </div>
   <div class='ocr_carea' id='block_1_8' title="bbox 423 1839 2186 2620">
    <p class='ocr_par' dir='ltr' id='par_1_8' title="bbox 423 1839 2186 2502">
     <span class='ocr_line' id='line_1_27' title="bbox 534 1839 2061 1883; baseline 0.001 -13"><span class='ocrx_word' id='word_1_265' title='bbox 534 1839 604 1879; x_wconf 74' lang='lat' dir='ltr'>Ego</span> <span class='ocrx_word' id='word_1_266' title='bbox 638 1840 787 1871; x_wconf 79' lang='lat' dir='ltr'>Uldricus</span> <span class='ocrx_word' id='word_1_267' title='bbox 818 1840 937 1871; x_wconf 87' lang='lat' dir='ltr'>Divitis</span> <span class='ocrx_word' id='word_1_268' title='bbox 970 1841 1141 1882; x_wconf 81' lang='lat' dir='ltr'>burgensis</span> <span class='ocrx_word' id='word_1_269' title='bbox 1179 1841 1219 1872; x_wconf 82' lang='lat' dir='ltr'>(le</span> <span class='ocrx_word' id='word_1_270' title='bbox 1253 1841 1412 1882; x_wconf 86' lang='lat' dir='ltr'>Friburgo</span> <span class='ocrx_word' id='word_1_271' title='bbox 1447 1844 1558 1872; x_wconf 90' lang='lat' dir='ltr'>notum</span> <span class='ocrx_word' id='word_1_272' title='bbox 1591 1842 1672 1872; x_wconf 84' lang='lat' dir='ltr'>facio</span> <span class='ocrx_word' id='word_1_273' title='bbox 1706 1842 1865 1873; x_wconf 87' lang='lat' dir='ltr'>universis</span> <span class='ocrx_word' id='word_1_274' title='bbox 1895 1842 2061 1883; x_wconf 82' lang='lat' dir='ltr'>presentes</span> 
     </span>
     <span class='ocr_line' id='line_1_28' title="bbox 426 1892 2061 1935; baseline 0.001 -14"><span class='ocrx_word' id='word_1_275' title='bbox 426 1892 551 1921; x_wconf 84' lang='lat' dir='ltr'>litteras</span> <span class='ocrx_word' id='word_1_276' title='bbox 577 1892 777 1932; x_wconf 66' lang='lat' dir='ltr'>inspecturis,</span> <span class='ocrx_word' id='word_1_277' title='bbox 803 1892 886 1933; x_wconf 88' lang='lat' dir='ltr'>quod</span> <span class='ocrx_word' id='word_1_278' title='bbox 911 1903 970 1933; x_wconf 87' lang='lat' dir='ltr'>ego</span> <span class='ocrx_word' id='word_1_279' title='bbox 995 1892 1034 1923; x_wconf 89' lang='lat' dir='ltr'>de</span> <span class='ocrx_word' id='word_1_280' title='bbox 1059 1892 1211 1923; x_wconf 85' lang='lat' dir='ltr'>mandato</span> <span class='ocrx_word' id='word_1_281' title='bbox 1236 1893 1399 1934; x_wconf 87' lang='lat' dir='ltr'>magnifici</span> <span class='ocrx_word' id='word_1_282' title='bbox 1424 1894 1575 1935; x_wconf 84' lang='lat' dir='ltr'>principis</span> <span class='ocrx_word' id='word_1_283' title='bbox 1592 1893 1630 1925; x_wconf 87' lang='lat' dir='ltr'>R.</span> <span class='ocrx_word' id='word_1_284' title='bbox 1648 1893 1710 1924; x_wconf 90' lang='lat' dir='ltr'>Dei</span> <span class='ocrx_word' id='word_1_285' title='bbox 1727 1894 1830 1934; x_wconf 85' lang='lat' dir='ltr'>gratia</span> <span class='ocrx_word' id='word_1_286' title='bbox 1846 1892 2061 1924; x_wconf 83' lang='lat' dir='ltr'>Romanorum</span> 
     </span>
     <span class='ocr_line' id='line_1_29' title="bbox 425 1943 2060 1987; baseline 0.002 -15"><span class='ocrx_word' id='word_1_287' title='bbox 425 1943 510 1982; x_wconf 80' lang='lat' dir='ltr'>regis</span> <span class='ocrx_word' id='word_1_288' title='bbox 542 1953 668 1984; x_wconf 80' lang='lat' dir='ltr'>semper</span> <span class='ocrx_word' id='word_1_289' title='bbox 696 1944 824 1984; x_wconf 83' lang='lat' dir='ltr'>augusti</span> <span class='ocrx_word' id='word_1_290' title='bbox 854 1944 950 1974; x_wconf 86' lang='lat' dir='ltr'>michi</span> <span class='ocrx_word' id='word_1_291' title='bbox 974 1944 1013 1974; x_wconf 92' lang='lat' dir='ltr'>ab</span> <span class='ocrx_word' id='word_1_292' title='bbox 1038 1945 1150 1976; x_wconf 87' lang='lat' dir='ltr'>eodem</span> <span class='ocrx_word' id='word_1_293' title='bbox 1176 1945 1304 1976; x_wconf 89' lang='lat' dir='ltr'>domino</span> <span class='ocrx_word' id='word_1_294' title='bbox 1329 1956 1408 1987; x_wconf 82' lang='lat' dir='ltr'>rege</span> <span class='ocrx_word' id='word_1_295' title='bbox 1434 1956 1586 1977; x_wconf 89' lang='lat' dir='ltr'>concesso</span> <span class='ocrx_word' id='word_1_296' title='bbox 1612 1949 1644 1977; x_wconf 85' lang='lat' dir='ltr'>et</span> <span class='ocrx_word' id='word_1_297' title='bbox 1667 1946 1794 1977; x_wconf 88' lang='lat' dir='ltr'>nomine</span> <span class='ocrx_word' id='word_1_298' title='bbox 1818 1945 1919 1987; x_wconf 89' lang='lat' dir='ltr'>ipsius</span> <span class='ocrx_word' id='word_1_299' title='bbox 1943 1944 2060 1975; x_wconf 91' lang='lat' dir='ltr'>domiui</span> 
     </span>
     <span class='ocr_line' id='line_1_30' title="bbox 425 1994 2056 2037; baseline 0.003 -13"><span class='ocrx_word' id='word_1_300' title='bbox 425 1995 509 2034; x_wconf 74' lang='lat' dir='ltr'>regis</span> <span class='ocrx_word' id='word_1_301' title='bbox 535 1994 631 2025; x_wconf 82' lang='lat' dir='ltr'>habui</span> <span class='ocrx_word' id='word_1_302' title='bbox 657 1999 688 2025; x_wconf 87' lang='lat' dir='ltr'>ct</span> <span class='ocrx_word' id='word_1_303' title='bbox 712 1995 819 2036; x_wconf 87' lang='lat' dir='ltr'>recepi</span> <span class='ocrx_word' id='word_1_304' title='bbox 844 1996 874 2025; x_wconf 92' lang='lat' dir='ltr'>in</span> <span class='ocrx_word' id='word_1_305' title='bbox 899 1995 981 2026; x_wconf 91' lang='lat' dir='ltr'>bona</span> <span class='ocrx_word' id='word_1_306' title='bbox 1004 1997 1141 2037; x_wconf 85' lang='lat' dir='ltr'>pecunia</span> <span class='ocrx_word' id='word_1_307' title='bbox 1165 2000 1335 2028; x_wconf 87' lang='lat' dir='ltr'>numerata</span> <span class='ocrx_word' id='word_1_308' title='bbox 1358 1997 1399 2028; x_wconf 86' lang='lat' dir='ltr'>ab</span> <span class='ocrx_word' id='word_1_309' title='bbox 1429 1997 1545 2029; x_wconf 88' lang='lat' dir='ltr'>illustri</span> <span class='ocrx_word' id='word_1_310' title='bbox 1569 1998 1634 2028; x_wconf 87' lang='lat' dir='ltr'>viro</span> <span class='ocrx_word' id='word_1_311' title='bbox 1658 1997 1716 2028; x_wconf 94' lang='lat' dir='ltr'>Ph.</span> <span class='ocrx_word' id='word_1_312' title='bbox 1748 1998 1861 2028; x_wconf 89' lang='lat' dir='ltr'>comite</span> <span class='ocrx_word' id='word_1_313' title='bbox 1887 1996 2056 2029; x_wconf 78' lang='lat' dir='ltr'>Sabaudie‚</span> 
     </span>
     <span class='ocr_line' id='line_1_31' title="bbox 427 2029 2186 2091; baseline -0.001 -15"><span class='ocrx_word' id='word_1_314' title='bbox 427 2047 563 2077; x_wconf 79' lang='lat' dir='ltr'>solventi</span> <span class='ocrx_word' id='word_1_315' title='bbox 588 2047 683 2077; x_wconf 84' lang='lat' dir='ltr'>michi</span> <span class='ocrx_word' id='word_1_316' title='bbox 707 2047 747 2077; x_wconf 88' lang='lat' dir='ltr'>ad</span> <span class='ocrx_word' id='word_1_317' title='bbox 772 2058 852 2089; x_wconf 88' lang='lat' dir='ltr'>opus</span> <span class='ocrx_word' id='word_1_318' title='bbox 877 2051 909 2078; x_wconf 87' lang='lat' dir='ltr'>ct</span> <span class='ocrx_word' id='word_1_319' title='bbox 933 2049 1061 2079; x_wconf 89' lang='lat' dir='ltr'>nomine</span> <span class='ocrx_word' id='word_1_320' title='bbox 1085 2048 1161 2079; x_wconf 84' lang='lat' dir='ltr'>dieti</span> <span class='ocrx_word' id='word_1_321' title='bbox 1180 2048 1300 2079; x_wconf 90' lang='lat' dir='ltr'>domini</span> <span class='ocrx_word' id='word_1_322' title='bbox 1325 2049 1410 2090; x_wconf 85' lang='lat' dir='ltr'>regis</span> <span class='ocrx_word' id='word_1_323' title='bbox 1427 2052 1579 2090; x_wconf 86' lang='lat' dir='ltr'>tanquam</span> <span class='ocrx_word' id='word_1_324' title='bbox 1596 2049 1793 2091; x_wconf 86' lang='lat' dir='ltr'>procuratori</span> <span class='ocrx_word' id='word_1_325' title='bbox 1817 2048 1917 2090; x_wconf 87' lang='lat' dir='ltr'>ipsius</span> <span class='ocrx_word' id='word_1_326' title='bbox 1941 2046 2059 2078; x_wconf 87' lang='lat' dir='ltr'>domini</span> <span class='ocrx_word' id='word_1_327' title='bbox 2084 2057 2108 2076; x_wconf 81' lang='lat'>³0</span> <span class='ocrx_word' id='word_1_328' title='bbox 2181 2029 2186 2074; x_wconf 72' lang='lat' dir='ltr'>i</span> 
     </span>
     <span class='ocr_line' id='line_1_32' title="bbox 423 2098 2060 2141; baseline 0.001 -13"><span class='ocrx_word' id='word_1_329' title='bbox 423 2098 518 2138; x_wconf 82' lang='lat' dir='ltr'>regis,</span> <span class='ocrx_word' id='word_1_330' title='bbox 536 2099 624 2129; x_wconf 88' lang='lat' dir='ltr'>mille</span> <span class='ocrx_word' id='word_1_331' title='bbox 638 2099 784 2129; x_wconf 77' lang='lat' dir='ltr'>marchas</span> <span class='ocrx_word' id='word_1_332' title='bbox 802 2100 927 2139; x_wconf 84' lang='lat' dir='ltr'>argenti</span> <span class='ocrx_word' id='word_1_333' title='bbox 942 2100 993 2130; x_wconf 72' lang='lat' dir='ltr'>vel</span> <span class='ocrx_word' id='word_1_334' title='bbox 1007 2100 1147 2130; x_wconf 79' lang='lat' dir='ltr'>valorem</span> <span class='ocrx_word' id='word_1_335' title='bbox 1162 2110 1270 2131; x_wconf 90' lang='lat' dir='ltr'>earum</span> <span class='ocrx_word' id='word_1_336' title='bbox 1284 2100 1324 2131; x_wconf 88' lang='lat' dir='ltr'>de</span> <span class='ocrx_word' id='word_1_337' title='bbox 1342 2101 1405 2131; x_wconf 88' lang='lat' dir='ltr'>illis</span> <span class='ocrx_word' id='word_1_338' title='bbox 1422 2100 1547 2132; x_wconf 89' lang='lat' dir='ltr'>duobus</span> <span class='ocrx_word' id='word_1_339' title='bbox 1563 2100 1704 2132; x_wconf 85' lang='lat' dir='ltr'>millibus</span> <span class='ocrx_word' id='word_1_340' title='bbox 1717 2100 1865 2139; x_wconf 86' lang='lat' dir='ltr'>marchis,</span> <span class='ocrx_word' id='word_1_341' title='bbox 1881 2100 1913 2130; x_wconf 91' lang='lat' dir='ltr'>in</span> <span class='ocrx_word' id='word_1_342' title='bbox 1929 2099 2060 2141; x_wconf 73' lang='lat' dir='ltr'>quibus·</span> 
     </span>
     <span class='ocr_line' id='line_1_33' title="bbox 425 2149 2059 2195; baseline 0.002 -16"><span class='ocrx_word' id='word_1_343' title='bbox 425 2149 526 2179; x_wconf 84' lang='lat' dir='ltr'>dictus</span> <span class='ocrx_word' id='word_1_344' title='bbox 544 2149 690 2180; x_wconf 87' lang='lat' dir='ltr'>dominus</span> <span class='ocrx_word' id='word_1_345' title='bbox 709 2161 815 2181; x_wconf 72' lang='lat' dir='ltr'>comes</span> <span class='ocrx_word' id='word_1_346' title='bbox 833 2151 916 2182; x_wconf 86' lang='lat' dir='ltr'>dicto</span> <span class='ocrx_word' id='word_1_347' title='bbox 940 2152 1067 2183; x_wconf 90' lang='lat' dir='ltr'>domino</span> <span class='ocrx_word' id='word_1_348' title='bbox 1092 2152 1161 2193; x_wconf 86' lang='lat' dir='ltr'>regi</span> <span class='ocrx_word' id='word_1_349' title='bbox 1185 2152 1359 2183; x_wconf 86' lang='lat' dir='ltr'>tenebatur</span> <span class='ocrx_word' id='word_1_350' title='bbox 1382 2163 1422 2183; x_wconf 85' lang='lat' dir='ltr'>ex</span> <span class='ocrx_word' id='word_1_351' title='bbox 1445 2153 1677 2195; x_wconf 85' lang='lat' dir='ltr'>compositione</span> <span class='ocrx_word' id='word_1_352' title='bbox 1694 2153 1780 2184; x_wconf 79' lang='lat' dir='ltr'>facta</span> <span class='ocrx_word' id='word_1_353' title='bbox 1802 2153 1886 2184; x_wconf 89' lang='lat' dir='ltr'>inter</span> <span class='ocrx_word' id='word_1_354' title='bbox 1909 2163 1972 2184; x_wconf 75' lang='lat' dir='ltr'>eos,</span> <span class='ocrx_word' id='word_1_355' title='bbox 2010 2151 2059 2183; x_wconf 85' lang='lat' dir='ltr'>De</span> 
     </span>
     <span class='ocr_line' id='line_1_34' title="bbox 424 2200 2058 2246; baseline 0.002 -17"><span class='ocrx_word' id='word_1_356' title='bbox 424 2200 538 2241; x_wconf 81' lang='lat' dir='ltr'>quibus</span> <span class='ocrx_word' id='word_1_357' title='bbox 565 2201 651 2231; x_wconf 80' lang='lat' dir='ltr'>mille</span> <span class='ocrx_word' id='word_1_358' title='bbox 677 2202 813 2232; x_wconf 82' lang='lat' dir='ltr'>marchis</span> <span class='ocrx_word' id='word_1_359' title='bbox 837 2203 1056 2244; x_wconf 84' lang='lat' dir='ltr'>procuratorio</span> <span class='ocrx_word' id='word_1_360' title='bbox 1083 2204 1211 2234; x_wconf 88' lang='lat' dir='ltr'>nomine</span> <span class='ocrx_word' id='word_1_361' title='bbox 1235 2214 1286 2235; x_wconf 89' lang='lat' dir='ltr'>me</span> <span class='ocrx_word' id='word_1_362' title='bbox 1311 2204 1414 2235; x_wconf 81' lang='lat' dir='ltr'>habeo</span> <span class='ocrx_word' id='word_1_363' title='bbox 1440 2207 1471 2235; x_wconf 86' lang='lat' dir='ltr'>et</span> <span class='ocrx_word' id='word_1_364' title='bbox 1494 2208 1588 2236; x_wconf 88' lang='lat' dir='ltr'>teneo</span> <span class='ocrx_word' id='word_1_365' title='bbox 1612 2205 1737 2246; x_wconf 85' lang='lat' dir='ltr'>integre</span> <span class='ocrx_word' id='word_1_366' title='bbox 1764 2215 1820 2246; x_wconf 90' lang='lat' dir='ltr'>pro</span> <span class='ocrx_word' id='word_1_367' title='bbox 1848 2206 1998 2235; x_wconf 87' lang='lat' dir='ltr'>contento</span> <span class='ocrx_word' id='word_1_368' title='bbox 2027 2206 2058 2233; x_wconf 85' lang='lat' dir='ltr'>et</span> 
     </span>
     <span class='ocr_line' id='line_1_35' title="bbox 423 2252 2057 2298; baseline 0.002 -17"><span class='ocrx_word' id='word_1_369' title='bbox 423 2252 526 2282; x_wconf 76' lang='lat' dir='ltr'>soluto</span> <span class='ocrx_word' id='word_1_370' title='bbox 556 2256 587 2283; x_wconf 86' lang='lat' dir='ltr'>et</span> <span class='ocrx_word' id='word_1_371' title='bbox 615 2253 654 2283; x_wconf 83' lang='lat' dir='ltr'>(lc</span> <span class='ocrx_word' id='word_1_372' title='bbox 686 2254 731 2283; x_wconf 83' lang='lat' dir='ltr'>cis</span> <span class='ocrx_word' id='word_1_373' title='bbox 764 2254 866 2295; x_wconf 83' lang='lat' dir='ltr'>ipsum</span> <span class='ocrx_word' id='word_1_374' title='bbox 896 2254 1058 2286; x_wconf 91' lang='lat' dir='ltr'>dominum</span> <span class='ocrx_word' id='word_1_375' title='bbox 1091 2255 1241 2286; x_wconf 86' lang='lat' dir='ltr'>comitem</span> <span class='ocrx_word' id='word_1_376' title='bbox 1272 2258 1305 2286; x_wconf 87' lang='lat' dir='ltr'>et</span> <span class='ocrx_word' id='word_1_377' title='bbox 1335 2265 1409 2286; x_wconf 87' lang='lat' dir='ltr'>suos</span> <span class='ocrx_word' id='word_1_378' title='bbox 1438 2257 1657 2298; x_wconf 82' lang='lat' dir='ltr'>procuratorio</span> <span class='ocrx_word' id='word_1_379' title='bbox 1688 2256 1817 2287; x_wconf 86' lang='lat' dir='ltr'>nomine</span> <span class='ocrx_word' id='word_1_380' title='bbox 1840 2255 1916 2287; x_wconf 83' lang='lat' dir='ltr'>dicti</span> <span class='ocrx_word' id='word_1_381' title='bbox 1939 2254 2057 2286; x_wconf 85' lang='lat' dir='ltr'>domini</span> 
     </span>
     <span class='ocr_line' id='line_1_36' title="bbox 425 2304 2104 2349; baseline 0.004 -16"><span class='ocrx_word' id='word_1_382' title='bbox 425 2304 510 2344; x_wconf 78' lang='lat' dir='ltr'>regis</span> <span class='ocrx_word' id='word_1_383' title='bbox 535 2307 567 2334; x_wconf 82' lang='lat' dir='ltr'>ct</span> <span class='ocrx_word' id='word_1_384' title='bbox 591 2305 717 2335; x_wconf 83' lang='lat' dir='ltr'>nomine</span> <span class='ocrx_word' id='word_1_385' title='bbox 743 2305 843 2346; x_wconf 85' lang='lat' dir='ltr'>ipsius</span> <span class='ocrx_word' id='word_1_386' title='bbox 868 2307 951 2347; x_wconf 79' lang='lat' dir='ltr'>regis</span> <span class='ocrx_word' id='word_1_387' title='bbox 976 2307 1094 2347; x_wconf 83' lang='lat' dir='ltr'>quitto,</span> <span class='ocrx_word' id='word_1_388' title='bbox 1125 2306 1226 2337; x_wconf 83' lang='lat' dir='ltr'>libero</span> <span class='ocrx_word' id='word_1_389' title='bbox 1255 2307 1383 2348; x_wconf 80' lang='lat' dir='ltr'>penitus</span> <span class='ocrx_word' id='word_1_390' title='bbox 1409 2311 1441 2338; x_wconf 87' lang='lat' dir='ltr'>et</span> <span class='ocrx_word' id='word_1_391' title='bbox 1464 2307 1614 2348; x_wconf 84' lang='lat' dir='ltr'>absolvo,</span> <span class='ocrx_word' id='word_1_392' title='bbox 1638 2307 1854 2340; x_wconf 77' lang='lat' dir='ltr'>renunciando</span> <span class='ocrx_word' id='word_1_393' title='bbox 1878 2305 2056 2349; x_wconf 83' lang='lat' dir='ltr'>exceptioni</span> <span class='ocrx_word' id='word_1_394' title='bbox 2081 2318 2104 2339; x_wconf 73' lang='lat'>³⁵</span> 
     </span>
     <span class='ocr_line' id='line_1_37' title="bbox 424 2357 2056 2400; baseline 0.002 -15"><span class='ocrx_word' id='word_1_395' title='bbox 424 2366 486 2385; x_wconf 88' lang='lat' dir='ltr'>non</span> <span class='ocrx_word' id='word_1_396' title='bbox 511 2360 674 2387; x_wconf 79' lang='lat' dir='ltr'>numerate</span> <span class='ocrx_word' id='word_1_397' title='bbox 700 2360 731 2387; x_wconf 85' lang='lat' dir='ltr'>et</span> <span class='ocrx_word' id='word_1_398' title='bbox 755 2368 816 2387; x_wconf 89' lang='lat' dir='ltr'>nou</span> <span class='ocrx_word' id='word_1_399' title='bbox 835 2357 943 2389; x_wconf 73' lang='lat' dir='ltr'>habite</span> <span class='ocrx_word' id='word_1_400' title='bbox 961 2359 1109 2400; x_wconf 81' lang='lat' dir='ltr'>pecunie,</span> <span class='ocrx_word' id='word_1_401' title='bbox 1135 2359 1202 2400; x_wconf 84' lang='lat' dir='ltr'>spei</span> <span class='ocrx_word' id='word_1_402' title='bbox 1228 2358 1332 2389; x_wconf 89' lang='lat' dir='ltr'>future</span> <span class='ocrx_word' id='word_1_403' title='bbox 1356 2360 1598 2399; x_wconf 83' lang='lat' dir='ltr'>numerationis,</span> <span class='ocrx_word' id='word_1_404' title='bbox 1623 2360 1697 2398; x_wconf 87' lang='lat' dir='ltr'>doli,</span> <span class='ocrx_word' id='word_1_405' title='bbox 1722 2360 1754 2391; x_wconf 94' lang='lat' dir='ltr'>in</span> <span class='ocrx_word' id='word_1_406' title='bbox 1778 2359 1896 2391; x_wconf 83' lang='lat' dir='ltr'>factum</span> <span class='ocrx_word' id='word_1_407' title='bbox 1920 2361 1951 2390; x_wconf 89' lang='lat' dir='ltr'>et</span> <span class='ocrx_word' id='word_1_408' title='bbox 1973 2357 2056 2389; x_wconf 91' lang='lat' dir='ltr'>omni</span> 
     </span>
     <span class='ocr_line' id='line_1_38' title="bbox 425 2407 2056 2453; baseline 0.002 -16"><span class='ocrx_word' id='word_1_409' title='bbox 425 2407 544 2438; x_wconf 81' lang='lat' dir='ltr'>auxilio</span> <span class='ocrx_word' id='word_1_410' title='bbox 569 2411 599 2438; x_wconf 83' lang='lat' dir='ltr'>et</span> <span class='ocrx_word' id='word_1_411' title='bbox 632 2408 785 2439; x_wconf 79' lang='lat' dir='ltr'>beneflcio</span> <span class='ocrx_word' id='word_1_412' title='bbox 815 2409 891 2440; x_wconf 83' lang='lat' dir='ltr'>iuris</span> <span class='ocrx_word' id='word_1_413' title='bbox 916 2410 1057 2441; x_wconf 83' lang='lat' dir='ltr'>canonici</span> <span class='ocrx_word' id='word_1_414' title='bbox 1089 2413 1121 2441; x_wconf 86' lang='lat' dir='ltr'>et</span> <span class='ocrx_word' id='word_1_415' title='bbox 1152 2410 1262 2441; x_wconf 75' lang='lat' dir='ltr'>civilis.</span> <span class='ocrx_word' id='word_1_416' title='bbox 1308 2410 1344 2442; x_wconf 93' lang='lat' dir='ltr'>In</span> <span class='ocrx_word' id='word_1_417' title='bbox 1368 2411 1457 2442; x_wconf 84' lang='lat' dir='ltr'>cuius</span> <span class='ocrx_word' id='word_1_418' title='bbox 1481 2412 1526 2443; x_wconf 88' lang='lat' dir='ltr'>rei</span> <span class='ocrx_word' id='word_1_419' title='bbox 1549 2412 1767 2443; x_wconf 85' lang='lat' dir='ltr'>testimonium</span> <span class='ocrx_word' id='word_1_420' title='bbox 1792 2411 1929 2453; x_wconf 77' lang='lat' dir='ltr'>sigillum</span> <span class='ocrx_word' id='word_1_421' title='bbox 1950 2420 2056 2442; x_wconf 87' lang='lat' dir='ltr'>meum</span> 
     </span>
     <span class='ocr_line' id='line_1_39' title="bbox 425 2458 1058 2502; baseline 0.008 -13"><span class='ocrx_word' id='word_1_422' title='bbox 425 2458 502 2489; x_wconf 78' lang='lat' dir='ltr'>duxi</span> <span class='ocrx_word' id='word_1_423' title='bbox 527 2460 669 2500; x_wconf 83' lang='lat' dir='ltr'>presenti</span> <span class='ocrx_word' id='word_1_424' title='bbox 694 2460 798 2490; x_wconf 85' lang='lat' dir='ltr'>littere</span> <span class='ocrx_word' id='word_1_425' title='bbox 823 2461 1058 2502; x_wconf 80' lang='lat' dir='ltr'>apponendum.</span> 
     </span>
    </p>

    <p class='ocr_par' dir='ltr' id='par_1_9' title="bbox 424 2505 2165 2620">
     <span class='ocr_line' id='line_1_40' title="bbox 532 2505 2052 2556; baseline 0.003 -16"><span class='ocrx_word' id='word_1_426' title='bbox 532 2510 650 2541; x_wconf 79' lang='lat' dir='ltr'>Datum</span> <span class='ocrx_word' id='word_1_427' title='bbox 669 2505 855 2553; x_wconf 51' lang='lat' dir='ltr'>Ohillsfmc),</span> <span class='ocrx_word' id='word_1_428' title='bbox 881 2513 931 2544; x_wconf 86' lang='lat' dir='ltr'>‹lic</span> <span class='ocrx_word' id='word_1_429' title='bbox 948 2513 1086 2544; x_wconf 80' lang='lat' dir='ltr'>Veneris</span> <span class='ocrx_word' id='word_1_430' title='bbox 1111 2517 1184 2545; x_wconf 77' lang='lat' dir='ltr'>ante</span> <span class='ocrx_word' id='word_1_431' title='bbox 1203 2514 1456 2556; x_wconf 70' lang='lat' dir='ltr'>purificationem</span> <span class='ocrx_word' id='word_1_432' title='bbox 1481 2515 1576 2547; x_wconf 84' lang='lat' dir='ltr'>beate</span> <span class='ocrx_word' id='word_1_433' title='bbox 1602 2515 1712 2556; x_wconf 85' lang='lat' dir='ltr'>Marie,</span> <span class='ocrx_word' id='word_1_434' title='bbox 1737 2525 1819 2547; x_wconf 84' lang='lat' dir='ltr'>anno</span> <span class='ocrx_word' id='word_1_435' title='bbox 1835 2514 1962 2546; x_wconf 90' lang='lat' dir='ltr'>Domini</span> <span class='ocrx_word' id='word_1_436' title='bbox 1985 2514 2052 2545; x_wconf 90' lang='lat' dir='ltr'>mil-</span> 
     </span>
     <span class='ocr_line' id='line_1_41' title="bbox 424 2562 2165 2620; baseline 0.005 -28"><span class='ocrx_word' id='word_1_437' title='bbox 424 2563 535 2593; x_wconf 78' lang='lat' dir='ltr'>lesimo</span> <span class='ocrx_word' id='word_1_438' title='bbox 560 2562 782 2594; x_wconf 84' lang='lat' dir='ltr'>ducentesimo</span> <span class='ocrx_word' id='word_1_439' title='bbox 808 2565 1027 2605; x_wconf 78' lang='lat' dir='ltr'>octuagesimo</span> <span class='ocrx_word' id='word_1_440' title='bbox 1052 2567 1156 2598; x_wconf 78' lang='lat' dir='ltr'>tertio.</span> <span class='ocrx_word' id='word_1_441' title='bbox 2078 2577 2103 2599; x_wconf 73' lang='grc' dir='ltr'>ιο</span> <span class='ocrx_word' id='word_1_442' title='bbox 2160 2567 2165 2620; x_wconf 61' lang='lat'>5¹</span> 
     </span>
    </p>
   </div>
   <div class='ocr_carea' id='block_1_9' title="bbox 523 2674 2159 2708">
    <p class='ocr_par' dir='ltr' id='par_1_10' title="bbox 523 2674 2159 2708">
     <span class='ocr_line' id='line_1_42' title="bbox 523 2674 2159 2708; baseline 0.001 -8"><span class='ocrx_word' id='word_1_443' title='bbox 523 2674 587 2700; x_wconf 69' lang='grc'>327.</span> <span class='ocrx_word' id='word_1_444' title='bbox 608 2676 631 2706; x_wconf 59' lang='lat'>²)</span> <span class='ocrx_word' id='word_1_445' title='bbox 651 2678 707 2708; x_wconf 72' lang='lat' dir='ltr'>quis</span> <span class='ocrx_word' id='word_1_446' title='bbox 726 2686 746 2701; x_wconf 68' lang='lat' dir='ltr'>e.</span> <span class='ocrx_word' id='word_1_447' title='bbox 2158 2685 2159 2705; x_wconf 62' lang='lat' dir='ltr'>l</span> 
     </span>
    </p>
   </div>
   <div class='ocr_carea' id='block_1_10' title="bbox 523 2753 2157 2790">
    <p class='ocr_par' dir='ltr' id='par_1_11' title="bbox 523 2753 2157 2790">
     <span class='ocr_line' id='line_1_43' title="bbox 523 2753 2157 2790; baseline 0.006 -12"><span class='ocrx_word' id='word_1_448' title='bbox 523 2755 547 2786; x_wconf 89' lang='lat' dir='ltr'>l)</span> <span class='ocrx_word' id='word_1_449' title='bbox 570 2753 654 2779; x_wconf 74' lang='lat' dir='ltr'>Cuius</span> <span class='ocrx_word' id='word_1_450' title='bbox 673 2754 710 2779; x_wconf 77' lang='lat' dir='ltr'>rei</span> <span class='ocrx_word' id='word_1_451' title='bbox 730 2754 755 2779; x_wconf 78' lang='lat' dir='ltr'>in</span> <span class='ocrx_word' id='word_1_452' title='bbox 775 2754 903 2786; x_wconf 74' lang='lat' dir='ltr'>capitibus</span> <span class='ocrx_word' id='word_1_453' title='bbox 923 2755 1001 2780; x_wconf 66' lang='lat' dir='ltr'>l’aeis</span> <span class='ocrx_word' id='word_1_454' title='bbox 1019 2763 1102 2788; x_wconf 69' lang='lat' dir='ltr'>supra</span> <span class='ocrx_word' id='word_1_455' title='bbox 1123 2764 1161 2782; x_wconf 79' lang='lat' dir='ltr'>nr.</span> <span class='ocrx_word' id='word_1_456' title='bbox 1175 2759 1225 2782; x_wconf 73' lang='lat'>323</span> <span class='ocrx_word' id='word_1_457' title='bbox 1244 2757 1340 2782; x_wconf 72' lang='lat' dir='ltr'>mentio</span> <span class='ocrx_word' id='word_1_458' title='bbox 1359 2765 1415 2783; x_wconf 74' lang='lat' dir='ltr'>non</span> <span class='ocrx_word' id='word_1_459' title='bbox 1433 2757 1470 2790; x_wconf 75' lang='lat' dir='ltr'>fit.</span> <span class='ocrx_word' id='word_1_460' title='bbox 2154 2765 2157 2788; x_wconf 80' lang='grc' dir='ltr'>ἰ</span> 
     </span>
    </p>
   </div>
  </div>
 </body>
</html>
