2259 3164
88 784 112 802 10

89 1044 112 1063 15

89 1306 114 1325 20

90 1562 113 1581 25

90 1819 114 1838 30

91 2083 114 2101 ³5

92 2347 116 2366 40

519 182 677 210 RUDOLFI
698 182 804 210 REGIS
825 184 1147 213 CONSTI'I'UTIONES.
1187 189 1258 215 1275.
1296 190 1342 215 Nr.
1356 191 1396 215 Se.
1731 197 1769 226 79

138 269 256 302 Exstat
279 269 374 300 etiam
396 270 431 300 ‘in
448 269 477 300 V
493 270 557 301 cod.
579 270 731 301 Vaticano
752 270 804 301 lat.
819 273 902 301 360¹]
919 272 939 302 Ι
952 283 1029 304 saec.
1044 273 1138 304 XVI.
1163 275 1214 312 sol.
1229 278 1278 312 152²,
1303 276 1338 305 dc
1353 288 1412 314 quo
1438 288 1460 307 v.
1478 288 1575 316 supra
1598 281 1640 310 ad
1659 291 1706 311 nr.
1720 284 1769 318 27,

138 322 192 353 ubi
213 321 343 352 rubrum
371 321 463 356 Quod
492 322 653 352 sententie
686 322 726 352 ab
750 322 908 353 inferioris
932 325 1132 355 auctoritatis
1157 326 1307 357 tribunali
1333 328 1471 368 prolate,
1501 340 1560 369 quc
1591 331 1769 373 privilegiis

138 373 299 415 regalibus
324 376 398 404 sunt
421 372 662 414 preiudicialeS,
688 374 775 405 irrite
800 378 873 405 sunt
898 378 929 406 et
953 376 1076 407 inanes.
1125 377 1263 408 (Jontule't
1286 379 1334 408 vir
1356 379 1385 409 ‹li
1409 380 1563 411 Iohannes
1586 381 1705 413 Hallw.
1730 402 1770 406 —

136 424 281 462 Bohmer,
304 424 470 464 Rey.i212p.
494 424 547 462 VI,
562 425 654 457 4271.
1482 431 1534 471 (P,
1559 433 1664 473 deest)

243 518 401 550 Rudolfus
425 518 488 550 Dei
512 520 615 561 gratia
638 519 857 552 Romanorum
882 532 940 552 rex
973 533 1102 564 semper
1127 526 1282 564 augustus
1307 525 1464 556 universis
1489 527 1610 568 imperii
1637 528 1770 559 Romani

138 570 286 602 fidelibus
311 574 477 612 presentes
502 571 626 602 litteras
651 572 844 613 inspecturis
870 573 1117 615 imperpetuum.

244 622 295 653 Ad
319 622 540 653 univcrsitatis
565 626 671 654 vestre
695 624 842 654 notitiam
868 625 1015 655 volumus
1040 626 1218 666 pervenire,
1244 627 1327 667 quod
1353 627 1443 657 nobis
1461 638 1562 669 nuper
1585 630 1615 659 in
1641 630 1769 661 civitate

138 676 247 704 nostra
271 673 487 716 Oppinheima
509 685 566 716 pro
597 675 751 706 tribunali
782 675 969 706 sedentibus
998 677 1029 706 in
1060 680 1237 718 conspectu
1270 678 1355 718 regie
1385 679 1563 710 maiestatis
1592 682 1766 712 sententia-

138 726 211 756 liter
234 727 341 757 extitit
364 726 539 757 iudicatum
565 728 706 758 omnium
731 728 905 758 astantium
931 728 1148 769 applaudente
1179 732 1322 767 caterva,
1353 730 1436 770 quod
1461 734 1570 762 contra
1595 733 1770 773 privilegia,

138 777 305 809 libertates
330 781 362 809 et
384 779 472 817 iura,
505 789 566 820 que
598 790 616 809 a
646 779 726 809 divis
752 780 999 821 imperatoribus
1025 783 1055 810 et
1080 781 1210 821 regibus
1240 781 1480 812 Romanorumb
1515 785 1630 814 nostris
1656 784 1769 825 prede-

138 829 321 860 cessoribus
345 830 462 860 inclitis
487 833 562 860 autc
587 841 604 860 a
629 830 722 861 nobis
748 831 880 861 concedi
900 832 1033 872 contigit
1050 832 1194 862 ecclesiis
1214 836 1320 863 nostre
1339 832 1447 863 ditioni
1466 834 1628 867 subiectis.
1654 836 1770 865 nullius

139 881 297 912 inferioris
321 881 491 912 tribunalis
517 882 691 912 auctoritas
722 882 844 923 aliquas
868 886 980 924 posset
1013 883 1156 924 proferre
1181 894 1237 914 seu
1262 884 1465 925 promulgare
1491 887 1667 917 sententias
1692 887 1771 927 ipsis

136 933 322 974 privilegiis,
346 933 549 964 libertatibus
574 936 606 964 et
623 934 746 964 iuribus
765 934 992 975 preiudiciales
1019 935 1201 976 aliqualiter
1225 938 1279 965 aut
1297 936 1437 967 nocivas.
1478 936 1548 972 Qua
1565 938 1674 978 utique
1699 937 1773 967 (lata

139 988 170 1016 et
197 984 374 1026 approbata
406 986 584 1023 sententia,
613 986 794 1017 honorabili
820 988 888 1017 viro
913 986 1099 1017 Alexandro
1128 987 1167 1017 de
1196 987 1428 1018 Bruneshornd
1453 989 1604 1019 canonico
1637 992 1667 1019 et
1698 999 1769 1030 pro-

140 1040 286 1068 curatore
310 1037 394 1067 alme
418 1037 610 1068 Leodiensis
635 1038 773 1069 ecclesie
800 1039 983 1079 postulante
1009 1041 1208 1075 constanter,
1233 1050 1251 1069 a
1275 1039 1366 1069 nobis
1392 1040 1620 1070 sententiatum
1646 1040 1770 1081 specia-

139 1089 210 1119 liter
233 1088 292 1119 fuit
316 1088 435 1120 ibidem
460 1089 575 1120 iudicio
600 1100 663 1120 non
688 1090 807 1131 dispari
837 1091 903 1131 pari
934 1090 1051 1127 forma,
1076 1090 1160 1131 quod
1186 1091 1289 1121 villico
1315 1094 1346 1121 et
1370 1091 1509 1121 scabinis
1537 1092 1772 1122 Leodiensibus

139 1140 246 1181 aliqua
269 1151 399 1182 prorsus
424 1151 487 1171 non
512 1141 643 1172 adesset
667 1145 722 1172 aut
746 1145 856 1182 posset
880 1141 995 1172 adesse
1022 1142 1169 1178 facultas,
1195 1145 1305 1172 eontra
1329 1142 1561 1182 immunitates,
1593 1143 1772 1184 privilegia,

139 1191 303 1223 libertates
328 1197 360 1224 et
383 1193 452 1223 iura
477 1193 581 1224 eidem
600 1194 738 1224 ecclesie
756 1193 929 1224 Leodiensi
954 1204 990 1224 ac
1015 1194 1084 1224 aliis
1102 1193 1336 1224 Leodiensibus
1354 1194 1501 1225 ecclesiis
1525 1206 1543 1225 a
1560 1194 1640 1224 divis
1658 1195 1772 1235 prede-

141 1244 322 1275 cessoribus
358 1245 476 1276 nostris
509 1245 756 1286 imperatoribus
791 1248 822 1275 et
852 1245 982 1286 regibus
1011 1245 1246 1275 Romanorum⁰
1282 1245 1406 1275 indulta
1438 1246 1616 1277 sententias
1652 1246 1773 1287 aliquas

140 1295 324 1337 proferendi
349 1306 406 1326 seu
431 1299 542 1327 contra
566 1296 679 1327 eadem
704 1297 810 1337 aliquo
836 1296 928 1327 modo
954 1297 1003 1327 vel
1029 1297 1150 1337 impetu
1174 1296 1333 1327 veniendi.
1377 1296 1482 1326 Huius
1507 1300 1614 1327 autem
1640 1298 1772 1338 requisi—

140 1347 218 1377 tioni
244 1351 276 1378 et
302 1348 473 1388 prolationi
506 1349 666 1378 sententie
696 1348 872 1379 interfuere
902 1351 1070 1389 presentes
1106 1348 1165 1380 hii,
1202 1358 1332 1388 quorum
1363 1349 1489 1378 nomina
1521 1348 1773 1389 subsequuntur:

139 1398 342 1430 venerabiles
370 1398 408 1431 E.
432 1399 680 1430 Wormatiensis
716 1403 747 1430 et
779 1400 877 1430 frater
909 1399 951 1430 H.
984 1399 1241 1430 Tridentinensis
1275 1399 1433 1440 episcopi,
1467 1399 1715 1430 XVormaticnsis
1744 1403 1775 1430 et

140 1449 300 1491 Spirensis
330 1450 458 1489 decani⁷
491 1450 661 1482 Karintliie
692 1454 723 1481 et
748 1451 786 1481 de
812 1451 935 1481 Teckin
960 1450 1071 1485 duces,
1100 1450 1138 1480 E.
1164 1461 1272 1481 0011105
1305 1450 1344 1480 de
1369 1450 1511 1490 Linigin,
1544 1450 1579 1482 E.
1605 1461 1710 1481 comes
1735 1450 1773 1481 de

140 1501 448 1543 Katzinellinbogin,
471 1502 511 1534 R.
536 1513 644 1533 coines
671 1503 834 1540 Hirsutus‚
860 1502 900 1533 H.
927 1513 1033 1533 comes
1059 1502 1096 1532 de
1122 1501 1298 1537 Vriburch„
1323 1500 1381 1533 Ph.
1407 1501 1445 1531 de
1470 1501 1635 1532 Hoenvels
1660 1505 1691 1532 et
1715 1501 1774 1532 Th.

141 1553 223 1584 filius
241 1553 397 1593 eiusdem,
416 1554 474 1585 Ph.
493 1554 533 1586 de
550 1553 707 1585 Bolandia
725 1557 756 1585 et
774 1554 979 1595 quamplures
998 1554 1061 1584 alii.
1143 1553 1210 1583 Nos
1236 1553 1343 1594 itaque
1362 1556 1560 1594 prenotatam
1581 1553 1774 1583 sententiam

139 1608 250 1647 utpote
276 1605 346 1637 Deo
372 1609 403 1636 et
427 1606 613 1637 hominibus
631 1606 863 1647 acceptabilem
882 1605 1096 1646 approbantes
1123 1608 1153 1635 et
1173 1605 1340 1646 cupientes
1356 1604 1585 1635 inviolabiliter
1602 1604 1774 1642 observari,

140 1656 265 1688 dilectis
300 1657 451 1689 fidelibus
487 1659 606 1689 nostris
638 1658 743 1688 villico
776 1662 807 1688 et
843 1657 981 1687 scabinis
1010 1656 1244 1687 Leodiensibus
1279 1655 1336 1686 sub
1369 1655 1502 1686 obtentu
1532 1656 1634 1696 gratie
1667 1659 1774 1685 1105110

140 1709 250 1750 suique
275 1709 404 1740 honoris
429 1710 629 1751 presentium
654 1710 736 1740 serie
761 1709 873 1739 damus
904 1709 1036 1739 firmiter
1069 1709 1101 1738 in
1132 1707 1310 1744 mandatis,
1343 1717 1381 1737 ne
1406 1705 1498 1747 ergaf
1521 1706 1642 1736 clerum
1667 1707 1774 1737 eiusve

140 1760 276 1792 familias
300 1761 333 1791 in
356 1761 569 1802 preiudicium
596 1761 838 1802 privilegiorum
862 1771 989 1790 suorum
1014 1771 1031 1790 a
1058 1760 1185 1798 nostris,
1212 1762 1243 1788 ut
1262 1758 1378 1789 dictum
1404 1761 1463 1796 051,
1489 1757 1774 1799 predecessoribus

141 1811 334 1843 indultorum
360 1816 392 1843 et
415 1813 639 1844 innovatorum
664 1816 695 1843 ct
721 1813 979 1843 confirmatorum
1004 1822 1022 1841 a
1046 1811 1137 1841 nobis
1163 1821 1204 1841 ex
1228 1813 1317 1841 certa
1347 1810 1479 1839 scicntia
1510 1809 1591 1839 ullas
1621 1808 1774 1850 deinceps

141 1863 282 1895 audeant
299 1865 503 1906 promulgare
529 1865 715 1901 sententias,
741 1875 800 1905 per
824 1874 903 1905 quas
928 1864 973 1894 eis
999 1862 1128 1904 aliquod
1147 1861 1357 1903 preiudiciale
1382 1860 1584 1901 dispendium
1602 1860 1774 1901 quomodo-

140 1915 220 1947 libet
243 1916 409 1947 inferatur.
457 1916 491 1947 Si
516 1917 600 1947 enim
625 1915 710 1957 quod
736 1915 819 1946 absit
844 1925 936 1946 secus
963 1914 1122 1951 evenerit,
1155 1912 1304 1954 quicquid
1330 1912 1360 1942 in
1385 1912 1578 1942 contrarium
1603 1914 1774 1952 attempta-

140 1968 221 1998 verit
253 1978 527 2009 quorumcumque
555 1971 805 2010 presumptuosa
836 1967 1022 2005 temeritas,
1053 1966 1112 1995 hoc
1145 1964 1248 1995 edicto
1280 1964 1381 2004 regali
1414 1963 1615 1993 decernimus
1646 1973 1775 2003 prorsus

141 2019 262 2050 irritum
287 2023 318 2050 et
341 2020 435 2051 inane
459 2020 596 2061 illosque
622 2020 672 2050 vel
698 2019 803 2056 illuni,
837 2022 948 2048 contra
978 2028 1056 2058 quos
1086 2020 1140 2047 aut
1173 2019 1281 2046 contra
1306 2025 1399 2055 quem
1425 2014 1569 2044 fortassis
1594 2013 1776 2044 huiusmodi

143 2071 319 2101 sententias
344 2071 480 2112 proferri
506 2071 687 2112 contigerit,
712 2081 769 2112 per
793 2069 923 2100 easdem
949 2070 979 2099 in
1004 2069 1110 2109 aliquo
1136 2078 1198 2098 non
1222 2067 1323 2107 ligari.
1371 2065 1435 2096 Sed
1460 2066 1486 2095 si
1511 2075 1567 2106 per
1592 2065 1713 2105 aliquos
1737 2065 1776 2095 de

142 2122 264 2154 familia
287 2123 364 2154 cleri
409 2123 601 2154 Leodiensis
627 2132 783 2153 excessus
809 2122 905 2162 aliqui
930 2121 1049 2151 fuerint
1074 2119 1266 2160 perpetrati,
1291 2128 1348 2158 per
1372 2117 1458 2155 illos,
1484 2127 1615 2157 quorum
1642 2118 1776 2146 interest

142 2173 202 2205 dez
224 2174 407 2205 huiusmodi
432 2174 625 2206 excessibus
651 2184 863 2215 cognoscere,
888 2173 973 2214 ipsos
997 2172 1142 2201 volumus
1168 2169 1301 2200 iudicari
1326 2169 1416 2198 iuxta
1440 2167 1523 2208 quod
1547 2168 1577 2197 in
1602 2166 1776 2208 privilegiis

142 2226 317 2256 earundem
342 2226 553 2257 ecclesiarum
580 2225 811 2256 Leodiensium
836 2224 962 2265 plonius
988 2226 1036 2253 cst
1061 2232 1261 2262 expressum.
1306 2220 1342 2250 In
1368 2219 1457 2249 cuius
1490 2219 1535 2249 rei
1560 2218 1774 2248 testimonium

142 2287 275 2318 presens
300 2278 454 2319 scriptum
480 2277 597 2308 exinde
623 2277 781 2308 conscribi
808 2280 839 2306 et
865 2278 971 2305 nostre
997 2273 1172 2304 maiestatis
1198 2272 1302 2311 sigillo
1328 2270 1476 2301 iussimus
1502 2269 1699 2300 communiri.

249 2328 369 2360 Datum
400 2329 484 2370 apud
508 2328 718 2370 Oppinheim,
752 2327 831 2358 IIII.
856 2326 932 2356 Idus
964 2325 1182 2366 Septembri&
1217 2322 1388 2353 indictione
1420 2321 1484 2359 III7
1514 2331 1596 2350 anno
1620 2319 1775 2349 dominico

144 2380 371 2411 incarnationis
397 2380 582 2412 MCCLXX
606 2380 726 2422 quinto,
755 2379 845 2419 regni
871 2388 944 2408 vero
969 2377 1068 2407 nostri
1093 2386 1174 2406 anno
1199 2373 1346 2405 secundo.

248 2670 294 2697 88.
314 2671 337 2703 a)
357 2671 514 2703 Oppenhcim
536 2670 562 2694 V.
651 2669 674 2700 b)
695 2670 814 2693 Romanis
837 2669 863 2693 1,.
885 2667 910 2692 l'.
994 2671 1015 2697 0)
1036 2666 1101 2689 «locst
1121 2664 1145 2688 Γ.
1233 2662 1257 2691 ¹¹}
1277 2662 1441 2687 Bruncslwvn
1463 2661 1488 2685 Γ.
1570 2664 1591 2681 (Ἃ
1613 2658 1729 2682 Romanis·
1744 2657 1777 2686 Ι,;

146 2714 210 2741 Roffi
230 2714 256 2739 V.
344 2713 362 2745 f)
382 2718 469 2739 contra
491 2713 517 2738 V.
607 2712 632 2744 a)
652 2713 718 2737 (locst
737 2712 767 2736 L.
791 2712 814 2736 Γ.

250 2791 274 2823 1)
297 2790 338 2822 Cf.
358 2790 423 2824 Rey.
440 2791 501 2823 imp.
527 2790 570 2822 VI,
586 2793 640 2815 4216.
660 2793 719 2814 454.
738 2792 792 2813 52⁸.
