2259 3164
121 868 145 887 10

122 1170 144 1188 15

125 1428 149 1447 20

126 1802 148 1822 25

130 2102 155 2121 30

132 2372 155 2392 35

144 2631 167 2650 40

474 195 631 221 RUDOLFI
650 195 752 221 REGIS
772 196 1091 224 CONSTITUTIONES.
1130 199 1202 225 1274.
1241 201 1311 226 1215.
1348 202 1500 229 N1·.:}·.>.3:5.
1756 207 1790 235 31

171 285 220 315 est
255 282 338 324 quod
370 282 559 314 fidelitatem
584 285 723 313 vestram
755 283 786 313 in
814 283 874 314 hac
902 288 991 326 parte
1023 285 1191 316 laudantes
1220 290 1252 316 et
1281 291 1386 318 nostre.
1416 290 1565 321 memorie
1590 291 1795 332 inprimentes

173 345 323 376 rogamus
348 336 379 364 et
402 333 610 371 mandamus,
641 334 792 375 quatinus
822 336 878 366 tali
903 337 1039 367 sculteto
1064 340 1171 368 nostro
1197 342 1304 369 nostro
1330 340 1454 371 nomine
1479 343 1670 381 presentetis
1693 343 1794 373 fideli-

175 387 249 418 tatis
273 385 380 417 debite
405 385 567 427 publicum
592 386 818 425 iuramentum,
842 388 921 418 nulli
945 389 998 419 alii
1023 400 1116 429 quam
1142 389 1233 420 nobis
1258 390 1287 420 in
1313 391 1417 432 aliquo
1434 393 1564 423 servicio
1582 393 1794 431 intendentes,

173 440 221 468 set
246 437 362 475 omnia,
387 448 449 478 que
467 437 601 468 diversis
619 437 776 468 hactenus
794 438 993 480 inpendistis,
1018 443 1125 471 nostre
1143 442 1331 481 magestatis
1350 442 1558 484 beneplacitis
1582 448 1793 476 reservantes,

172 488 224 520 Ad
247 488 306 519 hec
329 488 408 519 sciat
430 492 537 520 vestra
561 488 715 527 fidelitas,
748 490 832 530 quod
856 490 896 521 ad
920 491 1025 521 omnia
1057 492 1247 533 protectioni
1277 495 1308 523 ct
1339 494 1554 525 commoditati
1579 499 1683 526 vestre
1708 497 1796 527 utilia

171 543 279 571 nostre
305 540 488 571 serenitatis
512 541 654 581 graciam
678 541 822 572 invenire
847 541 972 573 debetis
997 543 1176 574 benivolam
1202 547 1233 574 ct
1256 548 1410 585 paratam.

277 693 330 726 32.
354 694 683 727 INDULGENTIA
707 695 776 726 DE
796 695 1032 727 SERVITHS
1061 696 1148 727 VEL
1171 697 1310 728 BONIS
1330 697 1531 729 IMPERII.
1577 700 1700 740 (1271.)

278 755 374 786 Dedit
396 755 444 786 vir
467 755 496 785 d.
514 754 701 795 Poyatselzer
724 767 761 786 ea·
784 756 810 787 O
834 756 887 795 fol.
906 758 966 787 122
989 767 1035 788 nr.
1054 759 1127 789 443.
1162 757 1304 797 Superest
1320 759 1411 789 etiam
1438 759 1468 789 in
1493 759 1518 789 Β
1543 760 1656 790 codicis
1681 760 1798 791 Beroli-

171 808 276 839 nensis
298 809 484 847 fraymento,
514 807 551 838 dc
573 818 632 847 quo
658 818 680 837 r.
704 818 803 847 supra
825 808 868 838 acl
890 819 937 840 nr.
954 809 1010 846 723,
1040 809 1156 840 editmn
1180 809 1199 841 l.
1222 820 1244 839 c.
1271 820 1304 848 2).
1321 810 1384 840 262
1406 813 1433 841 et
1459 811 1490 841 in
1513 811 1542 841 V
1565 811 1615 848 fol.
1631 814 1673 842 42
1695 823 1720 844 r.
1737 812 1798 842 mle?-

171 861 282 892 tionem
302 870 334 899 ρ.
349 860 422 891 252.
448 877 484 882 -
509 859 652 897 Bolemer,
676 859 749 899 Req.
769 860 840 899 imp.
862 860 915 897 VJ,
931 862 1002 892 305.
1513 862 1565 902 (P.
1589 863 1695 903 deust)

278 954 419 996 Dignum
445 954 564 985 iudicat
588 957 697 986 nostra
723 955 880 986 serenitas
904 958 935 986 et
954 956 1106 994 decrevit,
1131 956 1212 997 quod
1238 956 1320 987 sicut
1339 967 1548 998 personarum
1573 960 1621 988 est
1637 958 1798 989 distinctio

173 1009 205 1038 et
227 1007 387 1045 locorum,
411 1001 461 1037 'sie
490 1010 521 1037 et
544 1006 731 1037 meritorum
756 1007 972 1048 quorumlibet
1001 1007 1108 1048 dispar
1138 1010 1303 1049 respectus
1336 1012 1368 1038 et
1395 1007 1555 1039 dissimilis
1581 1009 1800 1040 retribucionis

173 1059 310 1100 qualitas
333 1058 500 1096 habeatur,
526 1061 714 1099 tantumque
731 1059 901 1100 unicuique
926 1062 1083 1100 augeatur
1112 1060 1221 1100 gracie
1246 1062 1277 1090 ct
1301 1060 1427 1099 favoris,
1453 1063 1603 1101 quantum
1628 1072 1685 1091 sua
1709 1061 1800 1092 obse·

173 1111 285 1152 quiosa
312 1110 451 1141 fidelitas
480 1110 594 1141 ceteris
624 1110 767 1141 noscitur
790 1110 980 1152 prepollere.
1029 1110 1109 1141 Cum
1143 1112 1251 1152 itaque
1276 1122 1330 1142 vos
1360 1111 1406 1142 10.
1436 1115 1466 1142 et
1494 1111 1551 1142 H.³
1574 1115 1638 1142 tam
1668 1112 1800 1143 devotos

172 1165 301 1204 tamque
318 1161 430 1193 fideles
448 1172 540 1193 sacro
557 1162 701 1193 Romano
727 1162 862 1203 imperio
887 1173 1014 1205 semper
1037 1162 1258 1200 exhibueritis,
1283 1163 1367 1204 quod
1391 1162 1430 1194 de
1455 1163 1609 1194 similibus
1626 1164 1736 1194 nobisb
1761 1164 1802 1195 sit

172 1225 236 1245 non
259 1214 385 1245 modica
409 1213 576 1251 certitudo,
600 1224 658 1244 nos
682 1213 815 1255 proinde
841 1214 1007 1255 cupientes
1031 1214 1120 1245 vobis
1144 1214 1329 1256 impendere
1353 1225 1467 1245 munus
1492 1218 1523 1245 ct
1547 1215 1801 1247 munificenciam

173 1266 281 1308 gracie
306 1265 455 1308 specialis
479 1265 585 1296 omnia
610 1265 762 1304 servicia,
787 1276 847 1306 que
872 1268 1017 1307 tempore
1041 1266 1182 1297 vacantis
1206 1266 1332 1308 imperii
1361 1276 1461 1307 usque
1486 1266 1525 1296 ad
1549 1270 1686 1297 nostram
1712 1278 1801 1298 crea-

174 1318 298 1349 cionem
337 1318 484 1359 cuiquam
517 1317 702 1359 imperatori
732 1318 783 1348 vel
818 1318 885 1358 regi
919 1317 1075 1348 debuistis
1109 1317 1312 1359 impendere,
1346 1318 1494 1359 quicquid
1523 1319 1618 1349 etiam
1648 1318 1686 1349 de
1714 1319 1803 1349 bonis

176 1370 303 1411 imperii
326 1369 432 1401 medio
458 1373 603 1411 tempore
621 1369 788 1400 occasione
806 1369 965 1400 bellorum
982 1380 1038 1400 vos
1056 1370 1307 1410 opprimencium
1332 1370 1516 1411 recepistis,
1541 1370 1599 1401 hec
1618 1381 1675 1400 nos
1699 1370 1804 1400 omnia

179 1421 218 1453 de
242 1422 441 1463 benignitate
470 1421 560 1462 regia
583 1420 673 1451 vobis
707 1420 956 1451 misericorditer
987 1424 1084 1462 atque
1115 1421 1290 1452 liberaliter
1322 1420 1540 1462 indulgemus,
1572 1421 1691 1452 nullam
1714 1421 1804 1451 vobis

175 1484 231 1515 pro
262 1473 356 1514 culpa
383 1483 500 1514 penam
532 1473 584 1503 vel
608 1483 691 1514 pene
722 1473 1006 1503 eomminacionem
1032 1473 1235 1514 aliquatenus
1268 1472 1461 1510 inferendoc,
1491 1476 1539 1503 set
1563 1483 1616 1503 vos
1640 1473 1750 1513 pocius
1773 1473 1804 1502 in

175 1525 261 1556 omni
284 1525 396 1556 favore
421 1527 453 1555 et
476 1524 591 1565 gracia
614 1524 776 1555 uberrime
802 1524 1035 1556 consolacionis
1061 1528 1092 1556 et
1116 1524 1324 1566 protectionis
1348 1524 1502 1554 beneficio
1527 1523 1729 1554 consolando.

261 1679 314 1712 33.
342 1680 534 1712 NOTITIA
558 1679 854 1712 LANTGRAVH
875 1680 1156 1712 SUPERIORIS
1176 1679 1387 1711 SUEVIAE
1407 1679 1559 1711 SUPER
1581 1678 1722 1710 BONIS

745 1731 949 1762 IMPERII.
996 1732 1087 1763 1275.
1112 1732 1195 1770 Sept,
1212 1734 1241 1762 2.

285 1792 454 1823 Mandatc‘s
470 1792 563 1831 regiis
579 1792 782 1831 mlinnyimus
797 1792 941 1823 notitiam
964 1791 1132 1831 Ιαηέῃναυὶἰ
1146 1792 1317 1831 superioris
1335 1790 1472 1828 Szwm'ae,
1495 1801 1558 1829 qna
1578 1790 1707 1829 sutcllzyi
1730 1790 1806 1826 lieet,

179 1844 326 1884 quomodo
349 1844 428 1875 bona
453 1843 577 1884 imperii
599 1844 752 1874 distracta
776 1844 812 1873 de
827 1853 903 1873 novo
919 1843 1069 1874 distincta
1091 1844 1163 1873 sint.
1201 1843 1348 1882 Superest
1364 1842 1578 1882 autom-aphau
1594 1842 1807 1881 Slnllyardiac

177 1896 212 1926 in
234 1895 391 1926 tabulario
421 1895 518 1935 reyio,
548 1895 631 1934 qnod
657 1895 755 1925 ‹lemn›
784 1894 990 1929 contulimus:
1021 1895 1073 1925 cni
1100 1895 1251 1934 appendet
1274 1894 1409 1934 s'igfl'llmn
1432 1894 1495 1933 silis
1518 1893 1628 1924 liuteis.
1675 1893 1805 1923 Inuitum

176 1952 221 1980 cst
244 1948 558 1988 ‘Wirtembemischcs
587 1948 845 1980 Urltzcndenbnch'
876 1947 949 1985 VII,
969 1949 1031 1977 ἃδέ
1054 1958 1102 1977 nr.
1118 1947 1212 1978 2525.
1256 1946 1288 1977 V.
1307 1946 1450 1984 Biihmer,
1476 1946 1549 1985 Rey.
1576 1946 1645 1983 imp.
1670 1944 1722 1979 VI,
1736 1944 1806 1980 192,

180 2001 234 2032 nbc*
256 2001 472 2031 documentum
495 2000 551 2032 hoe
573 2010 610 2031 cx·
632 1999 845 2038 ‘insufficienti
867 2000 951 2037 lente
973 1999 1040 2030 sine
1063 1999 1135 2029 dato
1158 2001 1295 2029 notatur.
1521 1996 1572 2037 (P.
1598 1996 1703 2035 deest.)

290 2095 459 2126 Universis
493 2095 691 2137 presentium
730 2094 964 2136 inspectoribus
998 2093 1125 2135 II(ug0)
1163 2104 1270 2124 comcs
1310 2092 1349 2123 dc
1380 2091 1601 2123 XVcrdenberc
1637 2089 1806 2131 superioris

182 2147 299 2178 Suevie
324 2147 523 2188 lantgravius
549 2147 684 2178 salutem
709 2150 741 2177 et
764 2146 913 2177 noticiam
937 2145 982 2176 rei
1007 2148 1107 2186 geste.

287 2207 336 2238 Ne
363 2208 515 2249 temporis
539 2207 730 2238 diuturnitas
755 2217 795 2237 ex
819 2206 994 2244 oblivione,
1019 2216 1113 2246 quam
1136 2208 1283 2246 generat,
1306 2205 1419 2234 iterato
1444 2202 1607 2233 materiam
1633 2200 1808 2242 questionis

182 2262 238 2291 aut
262 2259 410 2301 litigandi
435 2259 552 2290 debeat
576 2259 741 2296 suscitare,
765 2260 950 2300 presentem
968 2261 1087 2288 etatem
1112 2257 1207 2287 simul
1231 2259 1262 2287 et
1280 2256 1416 2286 futuram
1434 2265 1527 2285 nosce
1544 2254 1700 2290 volumus,
1724 2251 1808 2293 quod

182 2322 254 2342 cum
278 2321 337 2342 nos
368 2311 406 2342 de
440 2310 591 2342 mandato
624 2310 742 2341 domini
770 2310 868 2340 nostri
892 2308 1052 2351 R(ud01fi)
1082 2308 1144 2339 Dei
1173 2308 1277 2349 gratia
1304 2308 1521 2338 Romanorum
1550 2305 1633 2345 regis
1658 2314 1807 2334 revocare

183 2363 336 2394 distracta
360 2363 488 2404 imperii
511 2365 710 2400 teneremur,
744 2364 936 2392 conventum
966 2361 1150 2391 monialium
1179 2360 1217 2390 de
1248 2358 1400 2390 Biwcndc
1430 2358 1461 2388 in
1493 2367 1621 2387 causam
1646 2356 1807 2391 traximus,

182 2414 267 2456 quod
291 2415 329 2446 de
354 2425 484 2446 nemore
508 2414 684 2445 Altorfcnsi
708 2414 925 2455 plantationes
951 2413 1097 2443 novellas
1122 2412 1151 2442 in
1176 2412 1262 2442 curia
1286 2410 1324 2441 de
1344 2409 1481 2440 Sulbacli
1506 2407 1714 2449 possiderent.
1753 2406 1808 2435 Set

184 2466 268 2498 idem
297 2470 474 2498 conventus
499 2466 622 2497 vocatis
647 2465 808 2496 conversis
833 2464 938 2505 Augie
963 2464 1095 2495 Minoris
1120 2463 1273 2504 Ypelino,
1304 2462 1491 2492 Hermanno
1526 2462 1557 2490 et
1586 2458 1721 2499 quodam
1746 2457 1807 2487 alio

184 2529 337 2549 converso
362 2518 506 2549 eiusdem
531 2520 712 2549 conventus
737 2527 795 2547 nec
820 2527 882 2546 non
906 2516 1083 2547 senioribus
1108 2515 1232 2550 vicinie,
1257 2513 1369 2555 quibus
1394 2511 1561 2543 constabat
1584 2510 1622 2540 dc
1647 2509 1807 2539 limitibus.

186 2573 218 2601 et
243 2573 373 2612 recepta
397 2571 546 2601 cautione
571 2569 609 2600 ab
635 2568 757 2600 eisdem
782 2567 950 2604 iuratoria,
982 2566 1065 2607 quod
1090 2566 1208 2596 limites
1232 2564 1456 2595 ostenderent.
1481 2562 1698 2603 possessiones
1723 2559 1806 2589 ‹sm-ie

186 2631 245 2663 per
269 2625 358 2653 certa
383 2622 474 2662 signa
496 2621 689 2662 interposita
712 2631 731 2650 a
754 2629 883 2650 nemore
902 2618 1124 2649 distinxerunt.
1164 2617 1268 2647 Huius
1293 2616 1339 2646 rei
1363 2618 1462 2645 testes
1488 2617 1559 2644 sunt
1576 2610 1806 2651 ller(m:innus)

185 2673 379 2704 venerabilis
410 2673 509 2704 abbas
542 2672 581 2703 de
611 2672 818 2713 Wingarton,
849 2695 883 2701 ..
913 2670 1098 2711 capellanus
1135 2668 1294 2705 eiusdem,
1325 2666 1490 2697 Conradus
1522 2663 1745 2704 vic-eplebamus
1777 2662 1806 2690 in

186 2724 352 2765 Biwende,
367 2724 581 2765 Fr(idericus)
600 2720 726 2760 Zfizelo,
744 2721 955 2761 Fr(idericus)
972 2721 1146 2759 llcllarius,
1171 2744 1176 2750 .
1195 2745 1200 2750 .
1219 2719 1381 2749 Huntbizc
1399 2720 1430 2748 ct
1446 2717 1499 2747 alii
1517 2716 1601 2747 cives
1625 2715 1654 2744 in
1672 2712 1805 2749 Altdorl',

288 2820 334 2853 32.
354 2820 377 2852 a)
397 2821 450 2845 loco
470 2822 503 2844 [ο.
523 2823 547 2845 et
565 2822 598 2845 ΙΙ.
617 2820 655 2844 L':
675 2819 737 2843 tales
756 2822 780 2843 et
799 2821 888 2842 cetera.
976 2817 999 2848 b)
1019 2816 1090 2841 vobis
1114 2819 1140 2840 (Ι.
1230 2818 1250 2845 υ)
1269 2814 1396 2838 inserendo
1419 2816 1445 2838 (J,
