2259 3116
411 133 429 163 8
784 124 937 150 ltUDOLFl
958 122 1063 148 REGIS
1084 118 1407 148 CONSTITUTIONES.
1446 118 1518 144 1273.
1556 117 1677 143 N1·.1.2.

411 217 579 258 epiphanie
604 213 734 245 Domini
765 222 848 243 nunc
878 211 1038 253 proxima,
1071 209 1140 240 loco
1173 208 1213 239 ad
1238 207 1296 238 hoc
1321 209 1353 238 et
1377 205 1512 236 termino
1538 203 1739 242 constitutis,
1769 201 1884 244 quibus
1908 202 2048 243 peractis

411 273 473 300 tam
508 267 654 298 dominus
688 264 890 296 Coloniensis
924 273 1018 304 quam
1051 261 1196 292 dominus
1229 260 1295 290 dux
1327 260 1471 288 mutuam
1505 256 1691 287 caucionem
1724 253 1934 295 prestabunt,
1966 253 2050 294 quod

412 319 682 361 composicionem
712 317 795 348 inter
826 316 913 357 ipsos
938 314 1083 354 primitus
1108 313 1218 343 initam
1249 314 1280 342 ct
1305 309 1518 351 conscriptam
1548 308 1580 338 in
1604 307 1742 338 termino
1773 309 1849 337 tunc
1878 305 2049 336 statuendo

411 384 430 403 a
453 372 545 403 nobis
575 371 643 401 sine
672 368 833 400 ulterioris
863 377 950 397 more
978 365 1147 407 dispendio
1179 363 1315 394 fideliter
1339 360 1618 393 consummabunt.
1665 358 1759 394 Quod
1790 358 1816 389 si
1841 357 1939 399 aliqui
1963 357 2049 388 arbi-

411 429 531 455 trorum
556 423 587 453 in
604 421 718 452 litteris
742 420 773 451 in
790 419 887 461 priori
905 418 1144 460 composicione
1162 415 1309 457 expressi
1327 413 1481 445 decisioni
1506 411 1709 454 questionum
1731 411 1814 441 inter
1839 420 1895 441 eos
1917 420 2049 441 versan-

411 476 493 506 eium
510 485 572 505 non
590 472 752 515 potuerint
769 472 936 512 interesse,
961 469 1116 507 dominus,
1142 468 1232 499 euius
1250 466 1370 497 arbiter
1393 464 1511 495 absens
1530 463 1638 503 fuerit,
1664 462 1761 493 alium
1779 461 1955 493 substituet
1978 462 2049 493 loco

411 528 471 558 sui.
559 525 607 566 (5)
637 524 670 555 Si
699 527 807 554 autem
839 522 884 552 illi
916 532 975 552 sex
1004 520 1115 551 arbitri
1151 519 1350 550 dominorum
1379 517 1521 557 ipsorum
1554 525 1616 545 non
1648 513 1812 555 potuerint
1843 513 2049 552 concordare,

411 579 537 610 nobiles
562 577 619 607 viri
642 576 813 616 Philippus
844 574 883 605 de
908 572 1096 604 Hohenvels
1128 571 1236 602 senior
1265 572 1297 600 et
1322 567 1509 599 Gerhardus
1541 566 1580 597 (le
1610 565 1839 597 Landescrono
1871 565 2050 597 iuramento

411 641 506 672 super
537 629 596 660 hoc
620 628 755 670 prestito
788 626 910 667 eligent
934 624 1142 655 mediatorem
1173 633 1243 653 cum
1269 619 1468 663 plenitudine
1494 618 1680 660 potestatis,
1713 618 1767 659 qui
1796 618 1920 657 omnia,
1955 628 2052 659 super

411 683 527 725 quibus
545 680 655 712 arbitri
673 678 866 710 concordare
891 688 952 708 non
970 676 1142 718 potuerint,
1168 675 1199 705 in
1217 674 1354 705 animam
1373 683 1462 703 suam
1480 671 1537 702 sub
1555 671 1665 702 debito
1684 670 1876 702 sacramenti
1895 669 2050 701 discuciet

411 738 443 766 et
473 733 616 771 decidet,
647 732 692 762 ita
720 734 827 762 tamen
858 729 941 771 quod
975 729 1001 759 si
1036 728 1127 759 nobis
1160 726 1339 764 videbitur,
1371 724 1453 766 quod
1482 723 1567 755 idem
1592 723 1762 765 Philippus
1797 722 1836 753 (le
1860 722 2051 754 Hohenvels

412 788 543 828 propter
566 783 766 815 debilitatem
798 792 855 813 scu
884 781 981 812 alium
1010 779 1139 810 modum
1165 787 1397 820 quemcumque
1428 775 1584 807 decisioni
1612 773 1798 805 huiusmodi
1822 775 1873 805 vel
1898 775 2051 806 tractatui

411 849 474 869 non
492 836 631 879 potuerit
648 836 817 873 interesse,
842 844 898 864 nos
923 833 1020 863 alium
1046 830 1293 872 subrogabimus
1318 830 1388 860 loco
1413 828 1471 868 sui,
1497 828 1550 869 qui
1574 829 1772 869 potestatem
1797 827 1932 858 eandem
1957 837 2053 869 super

411 889 575 931 premissis
606 887 754 925 habebit,
790 896 884 927 quam
916 885 999 915 idem
1033 884 1198 925 Philippus
1235 882 1356 913 habere
1390 880 1539 919 deberet,
1575 880 1601 911 si
1629 879 1843 921 personaliter
1868 880 2050 911 interesset.

412 942 459 983 (6)
485 940 578 976 Quod
604 940 630 971 si
654 939 800 970 dominus
826 962 856 969 ..
883 936 1094 975 Coloniensis,
1120 934 1204 977 quod
1221 934 1314 973 absit,
1344 933 1385 964 ad
1403 933 1574 964 terminum
1592 931 1771 974 predictum
1790 942 1888 963 causa
1905 931 2052 973 legitima

413 992 598 1035 prepeditus
623 992 731 1022 venire
756 1001 819 1021 non
843 989 975 1031 poterit,
1004 989 1073 1030 ipse
1099 987 1231 1018 nuncios
1258 987 1363 1017 mittet
1388 986 1583 1026 sollempnes
1609 995 1682 1015 cum
1706 983 1860 1015 mandato
1885 994 1922 1014 ac
1946 984 2051 1025 pleni-

414 1045 523 1076 tudino
546 1044 730 1086 potestatis,
756 1043 807 1084 qui
833 1045 896 1072 tam
921 1041 1026 1072 omnia
1051 1039 1236 1081 supradicta
1260 1049 1355 1080 quam
1379 1048 1436 1076 ea,
1460 1047 1520 1078 que
1545 1036 1585 1067 de
1611 1039 1696 1067 statu
1719 1035 1847 1077 imperii
1872 1038 1946 1066 sunt
1970 1038 2052 1066 trac-

412 1096 520 1135 tanda,
539 1107 594 1127 suo
613 1095 740 1127 nomine
758 1094 896 1125 fideliter
909 1095 1121 1134 exequantur,
1139 1094 1302 1132 tamquam
1320 1090 1344 1121 si
1363 1089 1577 1132 personaliter
1595 1099 1731 1131 presens
1749 1090 1847 1119 esset.
1920 1086 1970 1128 (7)
1987 1086 2053 1117 De-

412 1159 496 1179 mum
522 1148 546 1179 si
572 1148 639 1189 ipse
658 1147 764 1178 omnia
788 1148 957 1188 prenotata
980 1155 1044 1175 non
1069 1143 1228 1175 curaverit
1245 1142 1430 1184 adimplere,
1454 1141 1659 1173 fideiussores
1684 1151 1742 1183 per
1765 1141 1871 1182 ipsum
1888 1139 2053 1170 dominum

411 1201 525 1232 ducem
550 1200 614 1231 dati
640 1202 758 1231 extunc
782 1208 875 1240 super
898 1197 1064 1240 premissis
1090 1199 1164 1227 sunt
1187 1195 1316 1237 penitus
1340 1194 1491 1226 absoluti.

518 1252 600 1283 Acta
627 1254 700 1283 sunt
730 1251 790 1282 hec
819 1249 904 1292 apud
935 1249 1208 1291 Sprendelingen,
1241 1247 1445 1289 presentibus
1475 1245 1647 1277 Eberwino
1680 1245 1845 1287 preposito
1875 1244 2053 1286 Pinguensi

413 1305 565 1335 canonico
600 1303 802 1345 Maguntino,
841 1301 974 1333 Alberto
1013 1300 1176 1342 preposito
1214 1298 1440 1330 Ilmunstrensi
1481 1301 1513 1330 et
1551 1297 1711 1328 nobilibus
1751 1297 1825 1328 viris
1859 1295 2052 1337 Frid(erico)

412 1356 583 1397 burgi-avio
620 1355 658 1386 de
690 1353 892 1392 Nux-enbere,
928 1352 1138 1383 Emmichone
1174 1351 1289 1382 comite
1325 1350 1488 1388 Silvestri,
1522 1348 1741 1391 Reinh(ardo)
1776 1348 1815 1380 de
1851 1348 2053 1389 Hagenowe,

412 1407 579 1439 Gerhardo
605 1407 642 1438 de
660 1406 899 1444 Landescrone,
925 1403 1067 1435 Winrico
1093 1403 1131 1434 (lc
1149 1403 1309 1441 Bacheim,
1334 1402 1482 1444 Philippo
1507 1402 1682 1432 marsealco
1706 1404 1815 1432 nostro
1841 1400 1880 1432 de
1898 1400 2052 1431 Vrowen-

413 1461 509 1497 stcin,
534 1459 742 1490 XVillehelmo
768 1458 806 1488 de
824 1458 1040 1492 XVinterowc,
1070 1456 1221 1497 Billungo
1247 1455 1286 1486 de
1310 1455 1534 1496 Ingelnheim,
1558 1454 1747 1485 Hermanno
1771 1453 1810 1484 de
1835 1453 2051 1494 Hegenebere
2072 1465 2082 1483 2

412 1516 443 1543 ct
473 1510 652 1542 NVinhardo
688 1510 727 1541 de
762 1510 912 1541 Rorbach
954 1508 1124 1546 militibus,
1160 1518 1243 1538 anno
1283 1507 1413 1538 Domini
1456 1506 1626 1538 millesimo
1664 1504 1865 1537 CCLXXIII
1899 1504 1930 1535 in
1970 1504 2053 1535 festo

413 1563 584 1605 epiphanie
609 1562 748 1593 Domini.

413 1710 443 1741 2.
478 1708 748 1740 TRACTATHS
780 1707 927 1738 INTER
955 1705 1373 1738 ARCJJIEPJSWPUM
1396 1704 1728 1737 MOGUNTJNUM
1751 1704 1816 1735 ET
1838 1702 2061 1735 GOMJTEM

560 1760 845 1792 J’ALATJNIJM
867 1759 931 1790 DE
951 1758 1148 1790 AUXILIO
1171 1758 1381 1789 INVJCEM
1400 1756 1721 1788 PRAESTANDO.
1769 1756 1842 1787 Ιιιη.
1862 1758 1910 1786 17.

521 1821 595 1852 Pes-l
627 1820 718 1851 ‘siam
748 1819 909 1851 Palatina*
936 1819 989 1857 Vl,
1008 1819 1070 1850 3:22
1098 1819 1182 1849 (ludit
1208 1818 1385 1850 Wittmaim
1408 1818 1426 1850 l.
1451 1829 1475 1848 c.
1500 1818 1527 1855 Ι,
1546 1820 1608 1849 :364
1637 1828 1685 1848 mn
1709 1817 1770 1847 109
1798 1827 1835 1847 ca:
1862 1816 2055 1855 autographo

368 1896 371 1901 .
412 1873 547 1911 eiusdemi
575 1872 743 1909 tabularii}
779 1872 913 1910 pendeat
942 1870 1045 1911 sigsilla
1077 1870 1197 1909 quw-tim
1227 1870 1313 1901 laesa
1345 1870 1420 1901 loris
1460 1869 1709 1901 membranaceis.
1759 1868 1899 1901 Contulit
1917 1868 1953 1899 L.
1971 1868 2056 1900 chl-

413 1926 488 1956 [aad
504 1926 529 1955 h.
547 1936 583 1955 m.
602 1943 641 1947 —
658 1924 802 1962 Brtjhmer,
819 1924 891 1963 Rry.
908 1924 1118 1954 1246—1315·
1135 1923 1362 1955 Raielzfssachm
1379 1925 1447 1954 103.
1773 1922 1826 1962 (P.
1844 1922 1950 1960 deest.)

521 2019 674 2050 Nor-crint
696 2019 837 2050 universi
862 2019 1065 2060 presencium
1083 2019 1292 2060 inspectores,
1318 2018 1402 2060 quod
1426 2029 1483 2049 nos
1501 2018 1704 2049 wernherus
1726 2017 1787 2049 Dei
1810 2018 1921 2059 gracia
1945 2020 2056 2050 sancte

414 2071 601 2111 Muguntiuc
638 2071 722 2102 sedis
758 2071 1020 2113 archiepiscopus
1060 2071 1142 2101 sacri
1182 2071 1306 2112 imperii
1346 2081 1403 2112 per
1440 2070 1648 2101 Germaniam
1686 2070 1987 2102 archicancellarius
2025 2072 2057 2101 et

414 2123 603 2154 Ludcwicus
633 2134 739 2154 comes
773 2123 935 2164 palatinus
975 2123 1054 2154 Reni
1090 2123 1155 2153 (lux
1192 2123 1339 2154 Bawarie
1370 2123 1401 2153 in
1437 2125 1541 2153 castro
1574 2122 1752 2164 Loynstcin
1789 2122 1985 2161 existentes,
2021 2124 2055 2152 ut

415 2175 562 2205 amicicia
586 2178 617 2206 ct
642 2186 716 2206 vera
741 2175 934 2216 composicio
960 2175 1041 2206 inter
1064 2180 1144 2205 nos³·
1166 2175 1255 2216 prius
1280 2174 1395 2205 litteris
1422 2185 1579 2216 expressa
1603 2185 1728 2206 necnon
1753 2174 1929 2215 coneepta¹
1953 2173 2056 2214 magis

416 2227 615 2266 solidaretur,
639 2227 701 2259 fide
719 2227 795 2258 data
812 2238 890 2268 pure
908 2238 944 2258 ac
959 2228 1061 2258 amice
1079 2227 1262 2259 alternatim
1278 2227 1479 2269 promisimus
1498 2227 1697 2268 temporibus
1711 2226 1776 2257 vite
1794 2229 1901 2257 nostre
1919 2225 2055 2256 invicem

416 2283 527 2310 eontra
551 2279 709 2321 quoslibet
734 2279 938 2309 iniuriatorcs
964 2282 1090 2309 nostros
1116 2281 1262 2320 prestare
1287 2279 1460 2318 auxilium,
1495 2278 1662 2309 consilium
1693 2278 1810 2309 efficax
1841 2281 1873 2309 et
1897 2277 2057 2308 iuvamen.

416 2331 484 2361 llcc
516 2343 571 2373 pro
601 2331 735 2362 dominis
771 2356 777 2362 .
803 2355 810 2362 .
845 2329 1080 2361 W‹›1·111aci011si
1105 2334 1137 2361 ct
1162 2356 1192 2362 ..
1219 2331 1363 2372 Spirensi
1395 2330 1557 2372 episcopis
1586 2341 1621 2361 ac
1654 2330 1724 2360 aliis
1754 2329 1872 2360 nostris
1897 2328 2056 2367 fidelibus,

415 2384 659 2423 consanguineis
678 2383 822 2413 similiter
838 2383 1044 2424 promisimus
1062 2386 1094 2413 ct
1110 2383 1233 2421 amicis,
1252 2382 1468 2419 includentes,
1486 2382 1570 2424 quod
1587 2383 1613 2412 si
1631 2382 1766 2413 forsitan
1784 2381 1899 2423 aliquis
1917 2381 2057 2422 ipsorum

415 2435 453 2464 ab
477 2435 578 2465 altero
608 2438 750 2465 nostrum
781 2438 890 2465 contra
919 2435 1021 2476 ipsum
1050 2445 1181 2465 movens
1209 2435 1368 2466 actionem
1397 2435 1556 2465 iusticiam
1588 2434 1637 2465 vel
1665 2444 1808 2465 ainorem
1836 2433 1976 2464 nolucrit
2004 2443 2057 2463 ac-

416 2490 556 2527 ceptare.
582 2487 717 2517 cundem
744 2490 857 2516 neuter
882 2490 1023 2516 nostrum
1050 2487 1079 2516 in
1100 2486 1310 2528 preiudicium
1329 2486 1462 2517 alterius
1487 2486 1650 2517 tenebitur
1666 2485 1848 2517 defensare.
1883 2484 2059 2525 Privilegia

416 2539 515 2568 veiam
550 2539 632 2569 inter
662 2549 719 2568 nos
744 2542 839 2569 antea
863 2538 937 2568 (lata
962 2541 1031 2569 rata
1055 2542 1086 2569 ct
1111 2539 1200 2569 firma
1225 2538 1426 2569 scrvabinms
1452 2549 1549 2580 super
1570 2538 1730 2568 universis
1757 2537 1900 2568 articulis
1926 2539 1957 2568 et
1981 2547 2058 2578 que-

417 2590 573 2620 stionibus
607 2590 681 2620 olim
712 2589 794 2619 inter
822 2600 878 2620 nos
914 2592 945 2620 ct
975 2593 1100 2621 nostros
1132 2590 1285 2629 subortis,
1323 2590 1405 2621 sicut
1435 2590 1464 2620 in
1499 2589 1576 2631 ipsis
1608 2589 1743 2620 lucidius
1776 2592 1825 2620 est
1856 2598 2057 2631 expressum,

519 2684 547 2709 ⁸2.
567 2691 589 2714 “J
611 2686 675 2709 inici-
696 2694 739 2708 nos·
759 2694 839 2716 supra
859 2686 951 2709 lincam
972 2686 1032 2709 add.
1047 2686 1133 2710 cadem
1154 2694 1231 2709 ηιαιιιι
1250 2695 1286 2709 ur.

523 2754 540 2783 ’,ι
570 2751 594 2777 l'.
615 2753 691 2777 seiam
712 2752 805 2778 Patrem
824 2753 970 2786 ycizrmlcm
989 2762 1013 2779 ιι.
1029 2758 1096 2781 1261.
1118 2754 1178 2779 lan.
1192 2757 1228 2779 21.
1250 2753 1317 2779 inem·
1335 2760 1375 2779 cus
1395 2752 1496 2785 initam,
1515 2752 1738 2779 ‘Constituit‘uncs'
1752 2752 1853 2780 II,6()!)
1872 2759 1912 2777 ην.
1927 2754 1982 2777 ΗΞ.

2070 684 2094 702 10

2072 944 2094 962 15

2074 1829 2098 1847 30

2075 2134 2098 2153 3⁵

2080 2395 2101 2412 10
