2259 3164
497 189 655 216 RUDOLFI
674 189 778 215 REGIS
798 190 1119 219 CONSTITUTIONES.
1158 195 1231 221 1287.
1268 196 1454 223 N1-.393.39o,
1739 203 1798 233 383

165 279 283 310 factum
315 277 412 308 fuerit
444 277 474 307 in
507 277 670 318 premissis
695 277 745 308 vel
775 277 882 318 aliquo
912 279 1153 319 premissorum.
1244 282 1449 325 Quapropter
1473 287 1629 317 universis
1655 287 1743 317 vobis
1770 290 1800 318 et

168 330 300 371 singulis
325 329 437 359 damus
462 328 636 360 districtius
660 329 691 359 in
715 329 890 369 mandatis,
925 331 1075 371 quatinus
1101 338 1278 363 memorato
1304 335 1438 376 principi
1464 342 1571 368 nostro
1598 339 1628 368 in
1653 339 1800 369 omnibus

168 384 199 412 et
222 380 355 421 singulis
373 379 564 421 supradictis
582 384 744 421 tamquam
765 386 873 412 nostro
899 385 931 412 et
948 383 1071 424 imperii
1091 384 1217 419 vicario,
1244 385 1274 415 iu
1299 397 1391 425 quem
1410 388 1554 428 plenarie
1574 390 1660 420 vices
1678 394 1800 420 nostras

167 431 427 468 transfundimus,
446 442 502 472 pro
520 435 629 462 nostra
648 433 834 463 reverencia
852 434 984 474 speciali
1002 434 1224 465 favorabiliter
1241 437 1420 477 aspirantes
1445 439 1526 469 adeo
1551 441 1611 471 sibi
1636 441 1800 471 humiliter

129 496 138 513 a
170 487 202 515 et
224 484 338 515 devote
363 483 524 518 assistere,
551 483 696 520 obedire,
721 494 833 525 parere
860 489 891 515 et
915 485 1080 516 intendere
1106 486 1278 523 studeatis,
1304 489 1386 529 quod
1413 491 1545 531 proinde
1570 492 1601 522 in
1627 496 1799 533 conspectu

167 536 254 576 regio
278 539 426 576 prompta
449 539 555 565 vestra
578 535 710 566 devocio
728 536 981 567 commendetur.
1021 537 1062 567 Et
1080 538 1109 567 iu
1128 538 1317 570 defensione
1336 541 1524 572 clericorum
1542 546 1573 572 et
1590 554 1799 584 personarum

167 587 457 618 ecclesiasticarum
482 587 708 628 quarumlibet,
734 598 827 628 quam
854 588 1039 630 specialiter
1063 590 1091 620 ei
1117 591 1363 629 committimus,
1396 597 1487 633 grate
1512 594 1570 624 sibi
1596 599 1701 626 vestre
1728 606 1799 636 pro-

166 638 319 669 mocionis
344 642 376 669 et
399 639 637 680 cooperacionis
662 642 847 680 prestantes
872 640 1041 679 auxilium,
1076 642 1260 672 sentencias
1286 646 1317 672 et
1341 654 1458 684 penas,
1492 655 1571 685 quas
1597 646 1628 676 in
1652 646 1801 685 rebelles,

168 689 347 721 turbatores
372 690 461 731 pacis
487 693 519 721 et
543 689 700 720 libertatis
726 691 947 722 ecclesiastice
972 692 1150 723 offensores
1184 694 1367 734 protulerit,
1400 706 1481 736 eque
1508 697 1629 727 validas
1654 697 1801 729 habeatis

120 757 142 774 ιο
169 745 200 772 et
223 741 338 780 firmas,
361 752 398 772 ac
423 742 448 772 si
473 742 512 772 de
536 752 591 772 ore
616 741 704 782 regio
729 742 957 783 proferrentur.

275 793 347 823 Dat.
364 792 544 834 Herbipoli,
570 793 646 824 1111,
665 793 739 824 Kal.
757 794 889 835 Aprilis,
915 806 997 826 auno
1015 795 1144 826 Domini
1164 796 1332 828 millesimo
1352 798 1610 838 CCLXXXVII,
1629 801 1801 832 indictione

169 845 240 883 XV,
264 845 352 886 regni
377 856 452 876 vero
476 846 576 876 nostri
601 856 685 876 anno
709 846 820 876 XIIII.

166 989 240 1021 399.
267 990 587 1032 CONFIRMATIO
610 990 747 1023 PACIS
774 992 1043 1024 GENERALIS
1066 993 1157 1023 PER
1184 993 1499 1025 THURINGIAM
1521 995 1802 1028 ORDINATAE.

900 1044 1000 1075 Mart.
1017 1045 1069 1075 29.

121 1120 143 1137 15
275 1103 446 1142 Hucusque
472 1103 624 1133 ineditam
652 1103 873 1142 desei-[psincus
901 1115 939 1135 ccc
966 1105 1159 1143 autom-(who
1187 1106 1322 1136 eiusdem
1350 1106 1501 1136 tabularii
1525 1107 1648 1138 ‘imam
1669 1108 1805 1149 E›·.2'sz‘2ft

170 1156 198 1186 2.
215 1154 385 1194 Nachtray'
404 1154 487 1195 fase.
503 1155 525 1184 2
547 1165 575 1186 α.
595 1156 685 1185 1896,
710 1166 730 1185 α
753 1155 841 1186 uobis
866 1156 996 1186 [mento.
1041 1155 1155 1186 Pendet
1176 1157 1314 1196 sz'gyillnm
1338 1157 1456 1187 laesum,
1479 1157 1542 1188 loro
1566 1158 1803 1189 inenzbramzcco.

172 1207 212 1237 In
233 1216 318 1237 verso
341 1206 445 1237 cadem
473 1217 571 1237 mame
600 1207 719 1245 scripta
745 1209 819 1237 szmt
847 1207 935 1237 haec.-
969 1207 1182 1238 Confirmacio
1212 1209 1299 1249 pacis
1328 1219 1387 1250 per
1411 1209 1554 1250 Thuring
1613 1209 1661 1249 Cf.
1686 1210 1805 1248 scripta

165 1259 255 1297 pacis
277 1257 366 1289 Febr.
383 1259 433 1289 25.
458 1260 486 1288 ct
508 1258 590 1296 Arc-q.
610 1260 658 1288 14.
682 1258 760 1288 (lala
785 1259 873 1298 (Rea.
890 1259 960 1297 imp.
980 1259 1032 1296 VI,
1045 1260 1130 1289 2058
1153 1262 1181 1289 ct
1203 1261 1316 1298 2117),
1349 1271 1428 1299 quac
1457 1261 1547 1301 infla
1573 1261 1605 1291 in
1627 1261 1806 1300 Afflictidicc

171 1310 364 1350 Scriptorum
388 1309 485 1340 Pacis
508 1309 640 1341 edemus.
665 1328 704 1331 —
729 1310 873 1347 Bijlzmcr,
900 1310 972 1349 ch.
992 1311 1064 1349 imp.
1085 1310 1139 1348 VJ,
1156 1311 1250 1341 2086.
1511 1312 1563 1352 (P.
1588 1312 1669 1343 deest
1682 1314 1696 1354 )

121 1425 144 1444 20
276 1404 434 1436 Rudolfus
451 1403 511 1435 Dei
535 1405 644 1445 gracia
661 1404 877 1435 Romanorum
903 1415 959 1435 rex
984 1415 1111 1446 semper
1134 1409 1291 1446 augustus
1316 1407 1474 1437 universis
1499 1408 1705 1449 principibus
1732 1419 1804 1449 pre-

174 1458 261 1496 latis,
292 1457 480 1495 baronibus,
512 1457 697 1495 comitibus,
731 1457 906 1495 nobilibus,
932 1457 1212 1496 ministerialibus,
1237 1458 1408 1494 militibus,
1435 1459 1584 1496 vasallis,
1609 1460 1804 1498 civitatibus,

173 1510 296 1549 castris,
320 1508 454 1550 oppidiS,
478 1509 561 1539 villis
586 1519 760 1549 earumque
786 1509 896 1539 incolis
922 1509 1102 1550 ceterisque
1128 1509 1255 1550 imperii
1280 1509 1428 1540 fidelibus
1453 1510 1611 1541 universis
1635 1521 1693 1551 per
1716 1511 1804 1541 Thu-

172 1561 304 1602 ringiam
330 1560 508 1592 constitutis
533 1560 674 1601 graciam
699 1571 788 1590 suam
814 1564 846 1590 et
870 1570 962 1591 omne
988 1560 1116 1591 bonum.

277 1613 324 1654 (1)
350 1612 458 1642 Gloria
482 1612 566 1653 regis
592 1612 776 1650 extollitur,
804 1613 828 1642 si
854 1612 886 1642 in
912 1612 1000 1653 pacis
1024 1612 1224 1653 plenitudine
1250 1612 1403 1653 populum
1429 1612 1545 1653 dirigat
1570 1616 1601 1643 et
1625 1614 1655 1643 in
1680 1614 1805 1644 iusticie

123 1684 145 1703 2,
173 1663 283 1704 vigore
308 1666 485 1695 conservet.
531 1663 621 1694 Tunc
650 1664 769 1694 etenim
794 1668 1000 1704 prosperatur
1026 1663 1225 1704 respublica,
1255 1674 1325 1693 cum
1356 1674 1390 1693 se
1419 1674 1481 1704 pax
1513 1668 1544 1694 et
1569 1665 1693 1695 iusticia
1718 1666 1808 1706 quasi

173 1725 296 1745 sorores
320 1715 447 1756 gemine
465 1715 618 1756 placidius
636 1715 833 1745 osculantur.
872 1714 913 1745 Et
937 1715 1012 1745 licet
1036 1718 1099 1745 tani
1120 1715 1292 1755 periculosi
1310 1715 1489 1745 sollicitudo
1508 1717 1634 1756 negocii
1660 1717 1807 1747 omnibus

174 1769 256 1797 terre
273 1766 469 1808 principibus
488 1766 654 1802 debeatur,
680 1766 817 1797 Romani
843 1770 951 1797 tamen
970 1766 1093 1807 imperii
1113 1766 1296 1796 veneranda
1314 1767 1505 1805 sublimitas,
1531 1778 1592 1808 que
1619 1768 1648 1797 iu
1667 1768 1807 1798 omnium

173 1818 406 1859 presidencium
431 1818 530 1848 oculis
547 1818 636 1849 velut
661 1819 691 1848 in
716 1818 847 1859 speculo
872 1818 1057 1855 collocatur,
1082 1821 1172 1847 tanto
1198 1818 1378 1847 fervencius
1403 1818 1500 1848 zelari
1524 1829 1636 1859 pacem
1655 1823 1807 1860 tantoque

174 1869 296 1899 avidius
320 1869 517 1900 subditorum
542 1870 666 1900 iusticie
691 1869 789 1900 debet
808 1869 984 1905 intendere,
1009 1874 1127 1910 quanto
1147 1869 1272 1899 clariori
1291 1870 1440 1910 presagio
1466 1874 1497 1900 et
1515 1870 1711 1901 evidenciori
1735 1881 1807 1912 per-

125 1935 148 1953 30
175 1920 324 1962 penditur
347 1921 540 1957 coniectura,
567 1921 650 1962 quod
676 1925 759 1951 totus
785 1921 871 1951 orbis
890 1921 1030 1951 ambitus
1049 1921 1214 1962 sapiencia
1231 1921 1464 1961 quodammodo
1484 1925 1653 1961 vegetatur
1671 1922 1808 1963 imperii,

175 1975 209 2002 ut
236 1983 273 2002 eo
307 1972 488 2013 langwente
519 1973 678 2013 langweat
715 1977 747 2003 et
780 1973 848 2014 ipso
883 1973 1020 2002 feliciter
1056 1976 1266 2013 prosperante
1298 1973 1425 2003 letetur.
1522 1974 1568 2013 (2)
1599 1972 1678 2003 Cum
1713 1974 1809 2014 igitur

176 2023 365 2055 venerabilis
389 2024 562 2055 Heinricus
586 2024 850 2065 archiepiscopus
868 2022 1107 2064 Magunt(inus)
1133 2023 1293 2064 princeps,
1318 2023 1621 2055 archicancellarius
1647 2028 1678 2054 et
1701 2035 1806 2054 secre-

178 2076 274 2106 tarius
298 2080 404 2107 noster
429 2076 628 2109 karissimus,
653 2077 741 2117 pacis
767 2080 889 2106 amator
913 2076 1050 2106 eximius
1076 2079 1106 2105 et
1131 2075 1256 2105 iusticie
1287 2075 1408 2105 zelator
1433 2076 1592 2115 egregius,
1616 2086 1677 2106 non
1705 2075 1809 2105 vitatis

178 2127 338 2158 laboribus
363 2131 418 2158 aut
442 2128 594 2169 expensis
619 2128 658 2158 de
683 2131 790 2158 nostro
816 2127 981 2163 mandatO,
1013 2127 1064 2157 illo
1096 2127 1153 2157 sibi
1179 2130 1388 2167 cooperante,
1421 2127 1473 2167 qui
1499 2128 1661 2165 graciosos
1686 2127 1808 2157 fructus

127 2193 150 2211 35
179 2180 392 2210 ministrorum
418 2190 545 2210 suorum
571 2179 735 2210 laboribus
758 2179 938 2220 impertitur
962 2179 1078 2219 quique
1103 2178 1142 2208 ad
1167 2179 1309 2218 graciam
1335 2177 1427 2208 facile
1452 2178 1601 2214 flectitur,
1626 2178 1700 2208 dum
1725 2177 1809 2218 apud

176 2241 246 2261 eum
271 2231 387 2261 bonum
411 2231 497 2272 pacis
523 2232 666 2272 queritur
690 2235 721 2262 et
746 2242 803 2261 sue
828 2235 959 2271 propter
982 2230 1040 2260 hoc
1068 2230 1246 2259 maiestatis
1272 2229 1454 2269 benignitas
1478 2229 1676 2270 imploratur,
1701 2233 1808 2269 partes

177 2281 359 2323 Tliuringie,
383 2283 564 2314 reformatis
588 2282 706 2313 ibidem
733 2282 986 2323 quibuscumque
1012 2280 1225 2316 deformibus,
1260 2281 1290 2310 in
1327 2285 1412 2310 statu
1444 2280 1576 2321 pacifico
1601 2280 1754 2311 locaverit
1778 2284 1810 2310 et

177 2335 346 2375 tranquillo
370 2338 401 2366 et
424 2335 607 2376 gratissima
631 2334 722 2364 nobis
748 2333 934 2374 placiditate
966 2332 1151 2362 deserviens
1183 2342 1294 2372 pacem
1327 2332 1369 2361 ibi
1399 2332 1593 2362 ordinaverit
1622 2332 1808 2372 generalem

178 2384 217 2415 ad
240 2395 297 2416 sex
321 2396 420 2416 annos
445 2386 592 2416 continue
617 2385 819 2415 duraturam:
850 2395 908 2414 nos
939 2383 1192 2421 desiderantes⁸,
1224 2386 1258 2412 ut
1288 2382 1470 2413 huiusmodi
1500 2383 1586 2423 pacis
1620 2383 1809 2413 reformacio

129 2449 153 2468 4ο
179 2436 280 2467 felicis
304 2441 335 2468 et
357 2441 512 2479 oportune
538 2436 824 2468 consummacionis
849 2435 1017 2466 roboretur
1041 2434 1209 2464 effectibus
1245 2434 1415 2475 nullusque
1446 2438 1613 2464 remaneat
1643 2433 1808 2474 scrupulus

179 2488 229 2518 vel
260 2489 398 2519 scintilla
427 2488 600 2525 discordie,
631 2488 746 2529 quibus
776 2492 839 2517 tam
869 2486 1025 2517 fructuosi
1050 2485 1156 2526 operis
1181 2484 1298 2515 decorb
1323 2486 1421 2527 possit
1452 2486 1482 2515 in
1514 2486 1619 2526 aliquo
1646 2485 1809 2517 maculari,

181 2550 292 2580 pacem
317 2541 416 2581 ipsam
442 2551 499 2582 per
522 2540 665 2571 eiusdem
683 2539 916 2580 archiepiscopi
935 2537 1184 2568 sollicitudinem
1203 2536 1391 2573 ordinatam,
1417 2537 1498 2567 sicut
1523 2537 1580 2566 sub
1600 2536 1700 2577 penis,
1726 2535 1807 2565 obli-

180 2591 365 2630 gacionibus
389 2596 422 2623 et
448 2592 634 2622 iuramentis
658 2592 689 2622 in
712 2591 819 2621 littera
843 2591 931 2632 pacis
949 2590 1074 2631 plenius
1092 2589 1304 2619 continetui·‘³'
1320 2588 1339 2625 ¹,
1365 2588 1402 2618 de
1422 2588 1619 2629 plenitudine
1638 2586 1808 2628 potestatis

280 2684 343 2710 399.
363 2686 386 2718 ³)
405 2687 577 2716 disiderantes,
597 2687 685 2711 litteris
703 2687 733 2710 de
752 2693 832 2716 snpra
851 2685 943 2709 lineam
963 2684 1058 2708 malitis
1076 2692 1113 2708 or.
1187 2683 1209 2713 ι1)
1224 2683 1306 2714 operis
1320 2683 1393 2707 decor
1408 2683 1433 2706 in
1447 2683 1500 2706 loco
1514 2690 1573 2705 raso
1587 2690 1623 2705 or.
1713 2681 1734 2706 ¹⁵)
1751 2688 1808 2703 cou-

132 2731 155 2750 45
181 2727 291 2753 tinentur
309 2738 345 2754 or.

281 2797 305 2830 1)
331 2796 358 2822 V.
376 2796 454 2830 infra
471 2797 501 2822 in
519 2798 667 2834 Appendice
687 2796 853 2830 Scriptorum
872 2796 958 2822 Pacis.
