2259 3164
29 2758 40 3024 “b-„pd-

90 1070 111 1088 10

92 1353 112 1370 15

92 1612 115 1631 20

92 1865 115 1885 25

94 2125 117 2143 ³0

93 2380 150 2398 ³5.

94 2637 118 2655 ⁴0

417 184 694 210 RUDOLFiREeis
712 184 1031 213 CONSTITUTIONES.
1070 188 1141 213 1289.
1180 190 1252 215 1290.
1291 191 1477 218 N1-.4·21.42›2.
1696 197 1756 225 413

140 274 262 313 gratam
286 274 318 301 et
340 271 542 312 presentibus
567 270 792 312 approbamus.
838 271 962 303 Dantes
987 273 1044 303 has
1070 278 1196 306 nostras
1219 276 1341 308 litteras
1366 278 1397 308 in
1421 279 1637 310 testimonium
1661 291 1756 321 super

139 333 185 355 eo.
271 322 386 354 Testes
409 322 502 353 huius
526 322 573 353 rei
596 325 684 353 sunt:
708 323 833 354 nobiles
858 323 914 354 viri
938 324 1120 356 Fridericus
1145 326 1333 368 burgravius
1358 328 1396 359 de
1414 328 1626 372 Nuremberg,
1650 331 1756 362 Lude-

139 375 235 406 wicus
264 384 369 405 comes
396 373 435 405 de
460 373 634 415 Oetingen,
667 400 672 406 .
697 397 703 404 .
729 384 836 405 eomes
866 374 905 405 de
930 375 1166 418 Hennenberg,
1196 402 1202 408 .
1228 404 1234 410 .
1259 389 1366 410 comcs
1391 379 1429 411 de
1458 380 1587 412 Marcha
1610 385 1641 413 et
1663 393 1756 424 quam

138 427 242 468 plures
267 426 319 457 alii
343 425 504 466 fidedigni.

242 477 361 509 Datum
384 477 603 517 Nuremberg,
628 475 668 508 X.
686 475 823 508 Kalend.
848 476 1049 518 Novembris,
1073 490 1154 509 anno
1179 480 1305 512 Domini
1332 482 1419 513 MCC
1444 485 1639 524 octogesimo
1664 496 1757 523 nono,

139 529 226 569 regni
249 539 326 560 vero
350 529 450 559 nostri
475 539 557 559 anno
583 528 717 570 septimo
743 528 876 560 decimo.

359 809 596 860 4522—447.
638 808 892 860 OURJA
925 809 1401 864 ERFORDIEN
1418 812 1538 866 818.

686 902 791 937 1000.
833 903 907 937 lan.
930 903 1132 939 020.—001.
1154 904 1212 940 aa.

323 992 398 1024 422.
423 992 688 1024 SENTENTIA
715 992 893 1024 CONTRA
919 994 1166 1026 THELONEA
1189 996 1386 1027 INIUSTA.
1433 998 1503 1027 Ιιωι.
1520 999 1571 1028 [20.

239 1053 479 1094 Autoyraplcon,
512 1054 594 1092 quod
617 1054 728 1084 Leodic'
753 1054 789 1084 in
817 1053 974 1085 tabulario
1003 1055 1085 1094 rcyio
1112 1066 1161 1087 nr.
1181 1057 1244 1086 407
1266 1060 1458 1093 asservatur,
1489 1058 1589 1088 <leima
1620 1069 1675 1088 nos
1700 1059 1759 1097 ipsi

138 1105 329 1137 contulimus.
369 1105 511 1145 Siyfillmn
536 1105 625 1143 deest,
647 1105 711 1144 filis
733 1106 842 1135 scricis
864 1106 975 1136 viridis
988 1106 1123 1145 flavique
1146 1107 1255 1138 coloris
1278 1108 1400 1139 relictis.
1442 1109 1482 1139 In
1505 1120 1587 1139 ‘verso
1609 1111 1758 1148 scriplum

137 1160 195 1188 est:
218 1157 384 1188 Sententia
408 1156 491 1198 quod
516 1167 608 1187 nemo
632 1160 737 1198 potest
761 1157 868 1188 levare
893 1158 1001 1188 thelon
1027 1159 1093 1188 sine
1111 1159 1311 1200 imperatoris
1330 1160 1457 1190 licentia
1474 1164 1505 1190 et
1523 1171 1679 1191 consensu
1698 1165 1756 1192 etc.

140 1226 176 1231 —-
200 1208 342 1246 Belzmer,
367 1208 440 1247 Rey.
457 1208 529 1247 imp.
552 1207 710 1245 VJ,22‹;‹S¹.
1489 1211 1541 1250 (P.
1565 1213 1651 1249 4:34),

243 1286 289 1326 (l)
313 1285 380 1316 Nos
404 1285 562 1316 Rudolfus
586 1284 648 1315 Dei
672 1285 780 1325 gracia
802 1285 1016 1316 Romanorum
1045 1298 1102 1317 rex
1134 1297 1260 1328 semper
1290 1292 1444 1328 augustus
1477 1288 1517 1318 ad
1541 1289 1757 1320 universorum

139 1338 286 1369 noticiam
303 1337 448 1368 volumus
467 1337 645 1378 pervenire,
671 1336 753 1377 quod
770 1347 839 1367 011111
858 1348 940 1367 anno
958 1337 1084 1368 Domini
1103 1339 1272 1369 millesimo
1298 1339 1517 1370 ducentesimo
1542 1341 1758 1381 nonagesimo,

138 1389 169 1419 in
192 1388 243 1419 die
268 1388 371 1419 sancti
396 1387 580 1419 Sebastiani
603 1387 751 1419 Erfordie
784 1389 874 1419 nobis
905 1400 960 1430 pro
992 1390 1141 1420 tribunali
1172 1390 1377 1428 sedentibus,
1409 1392 1573 1422 constituti
1598 1393 1627 1422 in
1654 1396 1760 1422 nostra

137 1440 301 1483 presencia
317 1439 520 1470 honorabiles
540 1440 596 1470 viri
616 1465 622 1472 .
641 1464 647 1470 .
666 1439 879 1471 Traiectensis
897 1444 930 1471 et
946 1440 1182 1472 VVetflariensis
1200 1443 1407 1473 eeclesiarum
1425 1443 1591 1484 prepositi,
1616 1444 1759 1474 canonici

140 1495 172 1523 et
192 1494 414 1533 procuratores
438 1491 574 1522 ecclesie
599 1490 800 1531 Leodiensis,
826 1491 931 1523 devoti
955 1493 1055 1523 nostri
1079 1493 1196 1531 dilecti,
1222 1504 1262 1524 ex
1286 1497 1375 1535 parte
1400 1494 1498 1535 ipsius
1523 1495 1660 1526 ecclesie
1677 1495 1758 1525 Leo-

139 1543 274 1582 diensis,
299 1543 453 1574 advocato
478 1552 587 1573 eorum
611 1543 797 1585 interprete,
822 1544 1006 1585 petiverunt
1029 1555 1086 1586 per
1110 1545 1305 1575 sentenciam
1340 1545 1482 1576 diffiniri:
1518 1549 1623 1576 utrum
1654 1547 1760 1587 aliqua

140 1595 261 1635 civitas,
290 1595 420 1636 opidum
451 1595 502 1625 vel
533 1594 628 1625 homo
658 1595 886 1636 cuiuscumque
911 1595 1106 1626 condicionis
1136 1600 1190 1627 aut
1219 1599 1321 1626 status
1352 1597 1483 1636 existat,
1514 1598 1682 1628 occasione
1706 1598 1761 1627 ali-

141 1648 228 1678 cuius
252 1647 367 1679 edificii
391 1647 585 1685 thelonium,
615 1647 787 1689 pedagium
817 1658 872 1678 seu
897 1648 1033 1689 vectigal
1062 1649 1094 1679 in
1123 1648 1222 1679 nostri
1252 1649 1343 1690 regni
1372 1648 1569 1680 districtibus
1594 1649 1759 1679 instituere

143 1699 242 1741 possit
264 1699 315 1730 vel
338 1698 471 1739 debeat,
495 1698 612 1729 nostris
637 1709 796 1730 consensu
821 1709 917 1740 super
944 1699 1003 1730 hoc
1034 1703 1065 1730 et
1095 1700 1228 1731 licencia
1256 1700 1366 1741 petitis
1397 1700 1526 1731 minime
1550 1711 1586 1731 ac
1610 1701 1760 1737 obtentis,

141 1754 263 1782 maturo
287 1753 319 1782 et
342 1750 517 1781 deliberato
540 1750 734 1792 principum,
768 1750 936 1789 baronum,
968 1752 1119 1782 comitum
1151 1755 1182 1782 et
1214 1752 1367 1782 nobilium
1398 1753 1450 1793 qui
1480 1752 1567 1782 fuere
1592 1755 1759 1793 presentes

142 1813 295 1834 consensu
312 1802 497 1841 accedente,
521 1802 627 1832 extitit
650 1813 707 1843 per
724 1802 922 1833 sentenciam
941 1802 1130 1833 iudicatum:
1220 1802 1303 1844 quod
1327 1803 1448 1833 nullum
1473 1803 1636 1841 telonium,
1661 1803 1758 1844 peda-

141 1855 225 1895 gium
249 1865 306 1886 seu
328 1854 467 1895 vectigal
490 1854 522 1884 in
547 1864 645 1894 regno
670 1858 786 1892 nostro,
810 1854 871 1884 nisi
895 1853 933 1884 de
957 1857 1066 1885 nostra
1089 1854 1140 1885 vel
1164 1855 1231 1885 eius
1257 1854 1309 1896 qui
1330 1854 1507 1886 Romanum
1534 1866 1589 1896 pro
1615 1858 1758 1896 tempore

145 1909 270 1947 regeret
293 1906 460 1947 imperium
484 1904 626 1946 prodiret
650 1905 744 1946 plena
767 1906 900 1936 licencia
925 1909 957 1936 ct
975 1916 1143 1944 consensu,
1168 1909 1255 1937 esset
1272 1906 1465 1947 exigendum
1484 1907 1534 1937 vel
1559 1906 1760 1947 aliquomodo

143 1958 361 1999 colligendum,
384 1958 547 1999 potissime
565 1967 635 1987 cum
659 1957 730 1988 dive
748 1958 900 1988 memorie
919 1957 1076 1998 quondam
1094 1957 1282 1988 Fredericus
1300 1958 1473 1999 imperator
1497 1958 1528 1988 in
1553 1958 1678 1987 statutis
1695 1958 1759 1988 suis

141 2019 234 2050 super
247 2019 326 2050 pace
340 2008 465 2050 plenius
482 2011 514 2039 et
527 2008 712 2049 expressius
725 2009 909 2039 statuisset¹
927 2012 959 2039 et
975 2019 1031 2039 nos
1049 2009 1194 2039 similiter
1207 2009 1238 2039 in
1255 2009 1371 2039 nostris
1388 2019 1483 2050 super
1496 2020 1574 2050 pace
1588 2010 1715 2040 statutis
1728 2010 1758 2039 in

142 2060 227 2090 curia
242 2059 467 2101 Herbipolensi
484 2060 706 2090 statuissemus
718 2060 729 2077 2
743 2063 864 2101 aperte,
881 2059 965 2101 quod
979 2060 1046 2091 sine
1063 2063 1169 2091 nostro
1187 2070 1343 2092 consensu
1361 2064 1391 2091 et
1408 2060 1540 2091 licencia
1557 2061 1606 2091 vel
1624 2061 1690 2091 eius
1707 2061 1759 2101 qui

143 2111 274 2153 imperio
287 2114 361 2142 tunc
376 2114 520 2153 preesset
537 2111 656 2142 nullum
670 2112 752 2142 foret
766 2111 951 2151 thelonium,
969 2112 1105 2153 vectigal
1121 2112 1170 2143 vel
1186 2112 1355 2154 pedagium
1369 2112 1573 2153 exigendum.
1629 2111 1677 2153 (2)
1691 2111 1760 2146 Qua

141 2163 304 2193 sentencia
333 2163 377 2193 sic
401 2163 539 2204 prolata,
576 2162 749 2194 advocatus
779 2163 933 2194 dictorum
959 2166 1198 2205 procuratorum
1222 2164 1387 2205 proposuit
1411 2174 1515 2194 coram
1539 2163 1644 2201 nobis,
1676 2163 1760 2204 quod

167 2238 173 2244 .
198 2214 343 2245 eonsules
368 2218 400 2245 et
423 2214 508 2245 cives
532 2214 730 2245 Leodienses
758 2216 996 2256 reparacionem
1022 2215 1143 2246 viarum
1161 2218 1193 2246 et
1211 2215 1357 2256 poncium
1375 2214 1602 2256 pretendentes
1627 2226 1645 2244 a
1662 2215 1757 2245 curri-

141 2264 215 2304 bus,
244 2266 400 2296 salmariis
426 2269 457 2296 et
480 2265 615 2296 navibus
640 2266 790 2296 victualia
819 2269 850 2297 et
880 2277 931 2297 res
963 2266 1042 2297 alias
1074 2265 1114 2296 ad
1144 2267 1306 2297 civitatem
1329 2266 1543 2297 Leodiensem
1569 2266 1759 2296 vehentibus

143 2320 244 2347 certas
269 2317 401 2358 exigunt
423 2317 559 2358 pecunie
584 2318 790 2358 quantitates,
815 2328 893 2359 quas
916 2318 1092 2358 vulgariter
1116 2317 1279 2359 ehachage
1303 2318 1478 2359 appellant,
1503 2317 1542 2348 de
1567 2317 1758 2347 venerabilis

168 2392 174 2398 .
198 2368 338 2410 episcopi
362 2368 552 2400 Leodiensis
576 2369 709 2399 licencia
733 2372 765 2400 et
789 2379 962 2407 consensu,
993 2372 1025 2400 et
1048 2369 1161 2411 petivit
1183 2369 1243 2410 ipsi
1268 2369 1403 2400 ecclesie
1429 2379 1524 2409 super
1556 2368 1615 2399 hoe
1640 2368 1757 2399 salubri

145 2419 283 2450 remedio
308 2420 478 2451 subveniri.
518 2420 634 2461 Sicque
659 2423 708 2451 est
731 2431 788 2461 per
813 2421 1009 2451 sentenciam
1033 2420 1213 2458 diffinitum,
1239 2420 1321 2461 quod
1347 2420 1559 2457 exactionem,
1582 2420 1758 2450 thelonium

142 2480 197 2501 seu
220 2472 355 2512 vectigal
380 2472 570 2509 huiusmodi,
595 2483 795 2513 quocumque
820 2473 946 2503 nomine
964 2477 1144 2509 censeatur,
1169 2472 1344 2503 debeamus
1363 2476 1394 2502 et
1411 2476 1577 2502 teneamur
1594 2471 1757 2502 destruere

142 2532 178 2552 ac
194 2522 308 2555 delere.
340 2523 431 2558 Quod
448 2524 575 2564 quidem
592 2524 724 2555 fecimus
749 2528 781 2554 et
804 2534 887 2554 nunc
905 2524 1038 2555 facimus
1056 2535 1112 2565 per
1128 2526 1306 2566 presentes.
1367 2523 1413 2564 (3)
1428 2523 1498 2553 Viis
1516 2523 1616 2553 eciam
1635 2523 1757 2552 iusticie

144 2573 232 2604 iuxta
254 2575 448 2605 sentenciam
472 2578 672 2616 prenotatam
696 2575 820 2616 plenius
845 2575 991 2606 inherere
1016 2576 1180 2614 volentes,
1213 2575 1290 2616 ipsis
1316 2598 1347 2605 ..
1373 2574 1557 2604 consulibus
1582 2578 1612 2603 et
1637 2574 1757 2603 civibus

142 2623 371 2657 Leodiensibus
399 2626 457 2657 sub
487 2627 618 2658 obtentu
648 2627 749 2657 nostri
778 2626 895 2656 favoris
921 2630 952 2657 et
975 2627 1081 2667 gracie
1106 2627 1300 2668 precipimus
1326 2630 1357 2656 et
1381 2625 1584 2658 mandamus,
1609 2625 1756 2665 quatinus

143 2685 161 2706 a
184 2677 365 2717 receptione
390 2688 426 2708 ac
443 2679 612 2709 exactione
630 2678 783 2715 thelonei,
808 2677 936 2719 pedagii
961 2689 1018 2708 seu
1036 2678 1202 2719 vectigalis
1220 2676 1409 2711 huiusmodi,
1435 2686 1631 2716 quocumque
1657 2676 1755 2705 ceiam

142 2728 267 2759 nomine
291 2733 469 2769 censeatur,
494 2730 576 2771 quod
601 2740 619 2760 a
643 2730 797 2765 curribus,
823 2729 979 2759 salmariis
1004 2733 1036 2759 ct
1060 2730 1195 2760 navibus
1221 2729 1353 2768 exigunt
1377 2726 1577 2767 supradictis,
1603 2726 1757 2756 desistant

242 2796 266 2828 1)
289 2795 327 2828 Cf.
345 2804 426 2829 supra
443 2805 503 2830 pay.
516 2801 566 2824 273
584 2806 603 2823 e.
617 2802 655 2823 22.
742 2798 768 2828 12)
788 2797 875 2829 Supra
894 2805 934 2822 nr.
947 2800 998 2822 3510
1017 2805 1037 2822 c.
1053 2802 1092 2822 22.
