2259 3116
450 124 504 152 104
815 120 971 146 RUDOLFI
992 119 1095 146 REGIS
1115 118 1436 146 GONsTITU'rlONES.
1475 118 1548 144 1276.
1586 119 1633 145 Nr.
1650 119 1705 145 113.

559 211 581 238 1.
606 208 674 238 Nos
700 207 895 238 Berhtoldus
920 207 1175 248 Hei-bipolensis,
1200 206 1310 237 Bruno
1334 206 1580 238 Olomunzensis
1605 206 1759 248 episcopi,
1783 204 1955 238 Lfidwicus
1974 216 2081 236 comes

444 260 607 301 palatinus
625 259 707 290 Reni
725 259 789 290 dux
806 259 964 297 Bawarie,
1011 265 1022 277 ³
1039 259 1180 290 marchio
1197 258 1501 299 Brandeburgensis
1519 258 1629 289 arbitri
1646 258 1846 289 dominorum
1863 257 2082 288 Romanorum

443 315 474 342 et
498 312 631 342 Boemie
656 322 768 352 regum
793 322 889 353 super
913 311 1150 352 questionibus,
1181 321 1241 351 que
1266 310 1348 341 inter
1372 310 1458 352 ipsos
1483 321 1580 352 super
1611 310 1746 341 diversis
1778 310 1871 340 terris
1901 312 1934 340 et
1964 309 2081 351 princi—

443 363 569 404 patibus
594 363 812 402 vertebantur,
837 363 1018 394 arbitrando
1042 363 1303 404 pronunciamus,
1328 362 1411 403 quod
1437 365 1627 393 revocentur
1656 365 1688 393 et
1718 364 1953 400 retractentur,
1985 362 2081 392 immo

443 418 593 446 revocate
617 415 680 445 sint
697 425 809 445 omnes
835 415 999 446 sentencie
1016 415 1273 456 proscripeiouiS,
1299 414 1659 453 excommunicacionis,
1684 414 1857 453 interdicti,
1882 414 2079 455 privacionis

444 470 474 496 ct
498 477 698 508 quecumque
724 467 786 498 alie
804 467 1007 509 promulgate
1032 470 1141 498 eontra
1165 467 1328 497 dominum
1347 466 1525 497 Otakarum
1551 477 1661 508 regom
1680 466 1814 497 Boemie
1840 468 1872 497 et
1887 465 2081 497 adherentes

444 518 504 549 sibi
529 529 731 560 quocumque
755 519 882 550 nomine
907 516 1110 550 censeantur.

551 572 579 600 2.
605 570 686 601 Item
710 570 950 612 pronunciando
976 571 1180 608 arbitramur,
1207 569 1290 611 quod
1315 569 1397 600 inter
1421 570 1509 611 ipsos
1536 569 1756 601 Romanorum
1782 572 1813 600 ct
1831 569 1964 601 Boemie
1990 580 2083 610 reges

443 622 539 663 plena
564 622 604 652 sit
627 622 807 662 concordia,
832 633 895 664 pax
920 622 1011 653 firma
1036 625 1068 653 et
1092 622 1218 653 sincera
1234 621 1457 653 reconciliacio
1483 622 1551 653 sinc
1577 622 1721 663 qualibet
1739 622 1903 663 capcione,
1928 624 1961 652 et
1983 621 2081 652 servi-

443 677 528 705 tores
560 675 727 716 utriusque
752 685 864 716 regum
895 686 1095 716 quocumque
1126 674 1252 705 nomine
1285 676 1479 705 censeantur
1508 674 1691 705 huiusmodi
1726 674 1814 716 paci,
1844 673 2012 705 concordie
2046 684 2082 704 ac

443 726 698 757 rcconciliaeioni
729 737 799 757 cum
831 727 1017 758 sinceritate
1052 727 1236 757 firmissima
1267 725 1486 765 includantur,
1523 726 1636 757 castris
1671 737 1798 766 eorum,
1832 725 2082 764 municionibus,

442 778 698 819 possessionibus
728 782 760 809 et
790 779 971 810 hominibus
1002 782 1112 809 contra
1143 779 1190 809 ius
1219 779 1259 809 ab
1289 778 1443 809 alterutro
1482 789 1594 819 regum
1626 778 1703 820 ipsis
1740 777 1856 809 ablatis
1889 778 1940 809 vel
1968 789 1986 809 a
2019 778 2083 809 suis

443 841 513 861 cum
538 831 724 872 integritate
749 830 859 862 debita
884 831 1052 863 restitutis.

551 884 578 913 3.
604 882 686 914 Item
710 883 917 921 arbitramur,
947 882 1032 924 quod
1066 882 1213 914 dominus
1242 882 1279 914 O.
1305 893 1363 914 rex
1387 882 1522 914 Boemie
1553 881 1646 914 cedat
1676 882 1866 924 simpliciter
1894 885 1926 913 et
1958 882 2082 924 precise

443 935 529 965 omni
554 934 628 973 iuri,
661 935 744 976 quod
774 935 914 966 habebat
943 935 994 966 vel
1018 935 1139 966 habere
1172 934 1342 965 videbatur
1376 935 1408 965 in
1438 935 1530 965 terris
1566 937 1598 965 et
1632 934 1816 965 hominibus
1852 935 2081 975 cuiuscumque

443 987 640 1018 condicionis
666 987 824 1021 existant,
849 987 982 1018 Austria
1006 987 1174 1026 videlicet,
1201 987 1322 1028 styria,
1347 986 1536 1027 Karinthia,
1561 986 1729 1025 Carniola,
1754 986 1915 1025 Marchia,
1939 985 2028 1028 Egra
2051 988 2083 1017 et

443 1039 540 1070 Portu
564 1039 709 1070 Nahonis
719 1040 741 1070 b.

553 1094 579 1122 4.
594 1092 676 1122 Item
693 1091 896 1131 arbitramur,
915 1091 999 1132 quod
1017 1091 1170 1132 deinceps
1189 1101 1251 1121 non
1270 1090 1426 1131 impediat
1440 1090 1723 1132 archyepiscopos,
1741 1091 1920 1132 episcopos,
1938 1090 2081 1128 comites,

442 1143 588 1182 barones,
606 1144 833 1175 ministeriales
848 1147 879 1175 et
895 1155 1112 1186 quoscumque
1127 1144 1206 1174 alios
1221 1153 1422 1185 quocumque
1436 1143 1564 1174 nomine
1578 1146 1802 1183 nuncupentur
1816 1142 1847 1173 in
1865 1142 2080 1184 possessioni-

443 1196 501 1227 bus
524 1196 648 1233 castris,
673 1196 915 1235 municionibus,
940 1197 1060 1227 iuribus
1078 1200 1110 1227 et
1128 1196 1311 1226 hominibus
1330 1206 1438 1226 eorum
1468 1195 1538 1226 sitis
1560 1195 1591 1225 in
1615 1195 1708 1226 terris
1732 1195 1880 1236 superius
1899 1194 2080 1225 nominatis.
2109 1204 2120 1222 2

551 1250 578 1279 5.
603 1248 687 1278 Item
712 1249 962 1289 pronunciamus
987 1248 1107 1279 liberos
1131 1252 1163 1279 et
1188 1248 1309 1279 solutos
1334 1258 1444 1278 omnes
1474 1247 1640 1288 utriusque
1669 1247 1770 1288 partis
1795 1246 1922 1278 obsides
1946 1249 1979 1278 et
2003 1257 2081 1288 eap—

443 1301 525 1331 tivos
550 1303 581 1331 et
605 1299 830 1331 fideiussiones
855 1310 1055 1341 quocumque
1080 1301 1207 1331 nomine
1232 1303 1436 1331 censeantur.

549 1353 577 1382 6.
603 1352 685 1383 Item
710 1352 975 1393 pronunciamus,
1001 1352 1086 1394 quod
1110 1352 1258 1383 dominus
1282 1352 1320 1384 R.
1345 1352 1571 1383 serenissimus
1594 1351 1815 1382 Romanorum
1839 1362 1908 1389 rex,
1933 1350 2080 1392 exceptis

443 1404 536 1435 terris
561 1406 593 1435 ct
617 1404 799 1434 hominibus
823 1404 1029 1445 supradictis,
1055 1404 1235 1435 infeudabit
1259 1404 1421 1435 domiuum
1447 1404 1484 1435 O.
1510 1414 1625 1445 regem
1644 1403 1780 1435 Boemie
1805 1406 1837 1434 et
1860 1403 1981 1434 liberos
2006 1413 2079 1433 suos

442 1456 481 1487 dc
507 1455 654 1486 omnibus
679 1456 794 1495 feudis,
821 1456 972 1488 videlicet
988 1457 1135 1496 Boemia,
1161 1457 1306 1488 Moravia
1331 1460 1362 1488 et
1387 1457 1458 1488 aliis
1477 1456 1743 1497 quibuscumque,
1768 1466 1829 1496 quc
1855 1455 2078 1496 progenitores
2108 1471 2118 1489 ρ

443 1508 490 1539 sui
516 1511 547 1539 ct
572 1508 640 1549 ipsc
665 1508 704 1539 ab
730 1509 864 1549 imperio
889 1509 928 1539 de
953 1509 1020 1540 iure
1046 1512 1223 1540 noscuntur
1246 1509 1403 1540 hactenus
1428 1508 1570 1539 tenuisse
1583 1508 1602 1538 ¹.

550 1561 578 1590 7.
603 1559 646 1590 Et
669 1562 703 1590 ut
719 1560 863 1601 predicta
886 1571 961 1602 pax,
986 1560 1154 1592 concordia
1179 1564 1211 1592 et
1235 1561 1459 1592 reconciliacio
1482 1561 1666 1592 firmitatem
1691 1562 1882 1602 perpetuam
1914 1559 2082 1590 obtineant

442 1615 473 1643 ct
498 1615 606 1653 partes
631 1614 741 1642 mutuo
767 1622 800 1643 se
826 1612 983 1643 sincerius
1008 1612 1145 1654 diligant
1169 1616 1202 1643 ct
1226 1613 1386 1644 coniuncti
1412 1613 1574 1643 efficacius
1599 1612 1629 1642 in
1653 1612 1750 1653 plena
1773 1611 1919 1642 amicicia
1940 1610 2079 1641 soliden-

442 1668 501 1702 tur,
526 1665 771 1705 pronunciamus
796 1663 998 1703 arbitrnndo,
1024 1665 1107 1706 quod
1133 1664 1278 1695 dominus
1303 1665 1340 1697 Ο.
1365 1664 1500 1696 Boemie
1525 1675 1583 1695 rex
1607 1663 1711 1694 tradat
1744 1674 1835 1694 suam
1859 1663 1957 1694 filiam
2014 1668 2025 1681 ³
2049 1663 2079 1693 in

442 1727 575 1747 uxorem
594 1741 600 1747 .
619 1721 645 1747 ,ὓ
671 1716 734 1745 filio
760 1715 880 1746 domini
905 1716 941 1746 R.
967 1716 1052 1757 regis
1072 1716 1296 1748 Romanorum.
1338 1716 1380 1747 Et
1404 1717 1468 1748 iam
1492 1716 1595 1747 dictus
1613 1715 1650 1746 O.
1668 1715 1802 1747 Boemie
1828 1726 1885 1747 rex
1910 1715 1998 1746 dabit
2022 1725 2079 1746 seu

442 1768 542 1799 ceiam
567 1767 743 1809 resignabit
767 1768 956 1809 simpliciter
985 1772 1017 1799 et
1049 1769 1174 1810 precise
1200 1768 1328 1800 domiuo
1354 1769 1392 1800 R.
1417 1769 1486 1809 regi
1511 1768 1730 1799 Romanorum
1760 1770 1863 1799 terras
1894 1770 1926 1798 et
1949 1777 2079 1809 posses-

442 1820 548 1850 siones
580 1820 610 1849 in
635 1819 785 1858 Austria,
819 1830 898 1861 quas
922 1820 1077 1852 hactenus
1110 1821 1315 1862 proprietatis
1340 1821 1391 1851 vel
1422 1820 1509 1852 feudi
1533 1821 1637 1862 tytulo
1666 1821 1767 1851 tenuit
1791 1820 1839 1851 vel
1864 1830 1922 1850 sua
1944 1819 2081 1861 pecunia

441 1871 646 1912 comparavit,
665 1875 696 1901 et
714 1871 845 1902 easdem
863 1876 964 1906 terras
981 1873 1047 1903 sive
1061 1873 1286 1914 possessiones
1305 1873 1452 1904 dominus
1471 1884 1529 1904 rex
1546 1872 1762 1903 Romanorum
1779 1883 1835 1903 suo
1854 1872 1916 1903 filio
1935 1896 1942 1903 .
1960 1877 1981 1902 .⁰
1999 1871 2080 1903 obli-

441 1924 530 1964 gabit
547 1934 602 1964 pro
621 1923 833 1964 ‹pizuli-aginta
850 1924 977 1955 milibus
996 1935 1174 1955 marcarum
1191 1925 1325 1965 argenti,
1352 1936 1430 1966 quas
1456 1925 1559 1956 eidem
1584 1925 1648 1955 filio
1673 1925 1704 1955 in
1723 1924 1932 1955 donacionem
1950 1927 2080 1966 propter

444 1976 572 2016 nuptias
597 1974 775 2016 deputabit.
823 1975 926 2006 Salvis
952 1977 982 2007 in
1007 1979 1142 2018 utroque
1167 1987 1242 2007 casu
1260 1977 1521 2018 archiepiscopis,
1547 1977 1718 2019 episcopis,
1744 1975 1925 2013 comitibus,
1949 1976 2075 2007 baroni-

441 2027 511 2063 bus,
536 2027 798 2058 ministerialibus
821 2031 851 2058 ct
868 2028 937 2058 aliis
954 2028 1136 2059 hominibus
1155 2028 1411 2070 quibuscumque
1431 2029 1509 2068 iure,
1527 2029 1610 2070 quod
1636 2029 1666 2059 in
1684 2029 1804 2067 castris,
1829 2028 2078 2065 municionibus,

442 2079 704 2119 possessionibus
730 2082 761 2109 et
786 2080 904 2115 feudis,
934 2091 995 2121 que
1021 2092 1134 2111 vacare
1160 2085 1316 2122 ceperunt
1341 2081 1463 2112 eisdem
1488 2081 1519 2111 in
1544 2081 1693 2112 districtu
1717 2081 1800 2112 dicte
1826 2084 1927 2120 terre,
1957 2080 2079 2111 habent

443 2141 499 2161 scu
530 2131 684 2161 hactenus
710 2131 903 2163 habuerunt.
950 2132 991 2162 Et
1021 2133 1157 2163 eandem
1190 2136 1308 2163 terram
1334 2133 1481 2163 dominus
1506 2143 1563 2164 rex
1588 2132 1808 2164 Romanorum
1834 2133 1885 2164 vel
1910 2143 2080 2164 successor

442 2183 540 2223 ipsius
567 2183 618 2223 qui
644 2193 698 2223 pro
724 2186 866 2224 tempore
892 2183 987 2214 fuerit
1011 2184 1050 2214 ab
1076 2185 1144 2225 ipso
1168 2185 1233 2215 filio
1263 2195 1319 2215 suo
1339 2210 1344 2216 .
1364 2190 1391 2215 ,⁰
1416 2185 1553 2216 redimet
1582 2196 1638 2227 pro
1670 2185 1808 2227 pecunia
1837 2185 2015 2224 nominata,
2048 2187 2079 2215 et

443 2235 467 2264 si
494 2234 576 2265 idem
608 2234 691 2265 filius
716 2235 784 2265 sinc
810 2235 928 2266 herede
954 2235 1147 2269 decesserit,
1177 2236 1323 2277 predicta
1347 2236 1431 2267 bona
1457 2237 1540 2278 apud
1572 2238 1740 2279 imperium
1771 2237 1982 2268 remanebunt
2018 2247 2076 2268 nec

442 2286 480 2316 ad
508 2296 642 2317 uxorein
669 2286 766 2327 ipsius
792 2287 887 2317 filiam
914 2288 998 2328 regis
1024 2288 1156 2319 Boemie
1181 2289 1351 2329 quicquam
1376 2288 1415 2319 de
1441 2289 1533 2320 bonis
1560 2289 1742 2320 huiusmodi
1767 2289 1964 2321 devolvetur.

549 2339 578 2368 8.
602 2338 682 2368 Item
709 2338 853 2368 dominus
879 2343 987 2369 noster
1012 2339 1048 2370 R.
1068 2339 1285 2370 Romanorum
1312 2351 1368 2371 rex
1393 2340 1499 2371 tradet
1524 2352 1613 2372 suam
1638 2342 1761 2373 filiam.
1779 2346 1800 2372 .⁰
1825 2341 1854 2371 in
1879 2351 2013 2372 uxorem
2032 2365 2039 2371 .
2057 2346 2078 2373 ,ο

443 2389 506 2419 lilio
530 2389 647 2419 domini
667 2390 703 2419 O.
723 2390 808 2430 regis
826 2390 969 2421 Boemie.
1008 2391 1048 2421 l⁴lt
1073 2391 1160 2421 dabit
1186 2403 1243 2423 rex
1262 2391 1478 2422 Romanorum
1504 2392 1568 2423 filio
1594 2393 1678 2434 regis
1704 2393 1839 2424 Boemie
1863 2392 2078 2434 quadraginta

443 2441 525 2471 milia
548 2451 735 2471 marcarum
765 2443 888 2482 argenti
919 2442 1058 2473 dotalicii
1089 2443 1216 2473 nominc
1247 2447 1277 2473 et
1308 2454 1363 2484 pro
1394 2444 1456 2474 illis
1487 2445 1643 2485 obligabit
1677 2445 1737 2475 sibi
1768 2444 1911 2475 redditus
1941 2447 2078 2486 quatuor

443 2493 562 2523 milium
588 2504 765 2523 marcarum
791 2495 910 2532 argenti
935 2495 965 2524 in
991 2498 1075 2525 terra
1093 2495 1223 2525 Auso-ie
1248 2495 1331 2525 ultra
1356 2495 1541 2527 Danubium
1566 2507 1678 2527 versus
1696 2497 1873 2536 Boemiam,
1897 2496 2076 2527 Moraviam

442 2548 472 2575 ct
501 2545 684 2585 Unguriam,
710 2544 862 2575 Clu-musa
888 2549 918 2575 et
944 2546 1033 2577 Stcin
1059 2546 1163 2588 opidis
1188 2558 1259 2577 cum
1284 2548 1347 2577 suis
1373 2548 1555 2579 attinenciis
1580 2549 1749 2580 dumtaxat
1774 2549 1927 2590 exceptis.
1968 2548 2074 2579 Salvis

442 2596 542 2626 eciam
568 2596 597 2626 in
623 2596 680 2625 lioc
707 2607 782 2626 casu
807 2597 1070 2639 archiepiscopis,
1105 2599 1281 2639 episeopis,
1312 2599 1497 2639 comitibus,
1530 2600 1721 2639 baronibus,
1752 2599 2015 2632 ministerialibus
2044 2602 2076 2631 et

546 2665 607 2690 113.
627 2671 649 2691 ³¹¹7
670 2667 777 2698 spatium.
798 2668 900 2698 pum-lis
920 2669 1017 2692 emi-ssia·
1037 2678 1072 2693 or.
1155 2668 1178 2700 l')
1200 2670 1384 2693 1ἰ11·11111111ιυιιί;ι
1404 2679 1440 2694 ω’,
1521 2674 1543 2697 C)
1566 2671 1675 2702 spatium
1691 2671 1792 2702 punctis
1815 2671 1846 2694 ab
1871 2674 1974 2701 utreque
1997 2670 2075 2694 lutere

441 2714 514 2739 spalat
531 2714 619 2739 postlla·
638 2719 674 2734 υν.

2112 683 2135 700 10

2111 944 2133 962 15

2108 1727 2132 1745 :3⁰

2107 1985 2130 2003 ³5

2105 2244 2129 2262 40

2104 2505 2127 2524 *15

530 2760 552 2790 1„
563 2761 602 2793 (γ’.
612 2759 637 2784 111
648 2760 827 2792 srrtzlulioncm
836 2761 897 2786 Nur.
907 2765 943 2794 251,
953 2761 1081 2795 ]1’(;ι].1’111]1,
1095 2762 1136 2794 ΙἸ,
1143 2766 1202 2795 1125,
1215 2763 1483 2797 cuius‹111mq1-‹1pl20n
1501 2772 1545 2790 nce
1555 2763 1672 2790 Viennae
1683 2772 1726 2790 nec
1735 2764 1843 2799 Prayac
1854 2763 2074 2797 milacesnpercst.
2101 2763 2125 2781 ⁵⁰
