2259 3164
109 733 133 751 10

110 994 132 1012 15

109 1255 133 1275 20

109 1515 131 1534 25

109 1777 132 1798 30

109 2037 132 2057 35

110 2299 134 2317 40

109 2557 132 2575 45

536 161 666 188 ADOLFI
686 161 788 188 REGIS
807 161 1124 189 CONSTITUTIONES.
1163 164 1236 190 1296.
1272 164 1319 190 Nr,
1335 164 1392 190 565.
1719 168 1776 197 531

152 254 233 281 dictis
250 253 356 280 civibus
374 252 483 285 sociari,
508 261 569 279 cum
586 254 693 279 rectum
709 253 746 278 sit
762 252 831 278 illud
847 252 988 284 indicium,
1006 253 1079 286 quod
1096 253 1277 287 plurimorum
1294 255 1436 281 sentencia
1453 256 1638 288 confirmatur,
1663 258 1781 290 possunt

152 306 187 332 ab
210 305 307 332 eodem
327 304 419 331 iudice
442 305 547 338 petere,
571 304 645 337 quod
668 303 736 337 ipsis
759 299 826 339 ipse
851 304 933 330 aliam
958 304 1031 330 diem
1047 304 1174 338 partibus
1198 306 1226 330 et
1242 305 1318 338 ipsis,
1342 308 1373 332 ut
1388 307 1478 340 ipsum
1502 307 1633 334 iudicium
1649 308 1781 334 refferant

152 352 236 383 dicto
264 355 389 387 domino,
417 355 587 389 assignat&
616 355 690 388 quod
721 354 848 380 dominus
876 354 1014 388 denegare
1044 364 1099 381 non
1128 358 1228 389 potest.
1278 356 1314 382 Et
1337 358 1447 390 quando
1470 358 1523 391 ipsi
1548 358 1620 384 cives
1644 358 1721 384 missi
1744 359 1779 385 ad

152 408 284 435 iudicium
306 407 395 433 tribus
419 406 525 432 vicibus
548 405 661 437 fuerint,
686 405 709 431 si
731 401 919 437 diseordenth,
942 406 1075 432 iudicium
1099 407 1190 440 ipsum
1214 407 1248 433 ad
1264 408 1419 441 predictum
1443 409 1585 435 dominum
1601 412 1780 443 revertetur,

151 459 199 493 qui
210 460 297 486 fretus
310 458 445 485 bonorum
458 457 574 484 consilio
588 457 738 484 secundum
750 457 896 491 proposita
912 459 940 483 et
956 458 1079 491 allegata
1095 466 1187 484 coram
1203 458 1263 492 ipso
1280 459 1322 485 ius
1339 469 1418 486 suum
1434 461 1573 494 proferat
1588 461 1662 488 inter
1677 464 1779 495 partes.

150 512 174 538 A
197 520 251 544 quo
274 510 333 537 iure
357 509 380 536 si
402 518 467 543 pars
490 509 580 536 altera
603 517 631 535 se
655 508 762 535 senciat
785 508 980 542 agravatahnL
1005 509 1039 534 ad
1063 509 1253 542 *superiorem
1276 511 1418 544 appellare
1441 512 1546 545 poterit
1570 513 1613 538 vel
1636 513 1777 541 maiorem.

260 569 286 597 7.
311 570 402 597 Item*
424 569 517 596 nullus
533 569 615 596 iudex
640 568 763 595 civitatis
779 568 904 602 predicte
927 569 1034 594 nullum
1051 569 1117 602 quid
1141 564 1248 595 facere
1265 572 1360 603 petere
1383 573 1477 604 potest
1493 581 1509 597 a
1526 573 1631 599 civibus
1648 575 1779 607 predictis
1821 592 1826 597 Î‡
1851 592 1856 596 -

150 624 218 650 seu*
239 621 446 648 habitatoribus
469 621 498 647 in
523 621 619 647 eadem
643 620 758 646 civitate
782 629 815 646 ex
839 629 888 646 suo
913 620 1004 646 officio
1028 620 1071 646 vel
1104 621 1273 647 auctoritate
1302 622 1415 655 propria
1437 618 1488 649 vel
1517 623 1570 655 [ad]
1594 625 1717 658 aliquam
1740 626 1779 652 in-

150 674 331 709 quisicionem
354 673 536 704 descendere,
567 672 590 698 si
612 672 756 706 legitimus
778 681 835 698 non
858 673 994 705 appareat
1017 674 1176 704 accusator,
1210 672 1263 698 nisi
1296 673 1378 699 iudex
1402 674 1445 700 vel
1469 674 1527 700 eius
1550 676 1666 702 nuncius
1689 677 1779 710 ipsum

150 724 356 751 malefactorem
375 724 488 756 caperet
507 722 534 748 iu
553 722 613 756 ipso
632 721 734 748 delicto
754 722 823 748 illud
841 722 947 748 notorie
966 722 1152 756 perpetrando
1173 722 1216 749 vel
1235 723 1323 749 eciam
1342 724 1447 749 notorie
1466 727 1638 758 perpetrato.
1665 727 1707 753 vel
1727 727 1780 754 nisi

151 775 273 802 dominus
299 776 367 809 agat
392 774 435 800 vel
460 776 610 808 proponat,
634 773 754 807 aliquem
779 773 933 807 percucisse
953 773 1037 799 alium
1062 774 1095 799 de
1115 774 1313 806 quibuslibet
1331 775 1436 800 armisi
1456 776 1604 803 molentis
1623 778 1665 804 vel
1684 778 1781 806 fecisse

151 826 383 862 presumptionem
402 826 435 852 de
454 825 657 859 percuciendok
676 825 797 858 aliquem
817 825 888 851 infra
908 825 1052 852 civitatem
1071 825 1225 858 predictam
1245 828 1273 851 et
1292 826 1431 852 banleiam
1451 827 1629 854 Bisuntinain.
1661 829 1697 855 Et
1716 831 1781 857 tunc

151 880 183 906 de
202 878 339 905 iudicibus
359 877 510 903 Bisuntinis
529 876 577 910 qui
596 876 699 910 primus
719 878 761 903 est
779 877 805 902 in
821 876 933 903 citando
952 885 1138 910 percussorem
1151 877 1315 910 predictum.
1335 877 1409 904 facto
1423 879 1546 912 legitime
1566 881 1682 913 probato
1696 882 1782 908 habet

151 939 199 964 pro
217 938 266 956 sua
289 929 404 956 emenda
422 928 568 962 sexaginta
586 928 688 955 solidos
708 928 887 962 Stephanien.
912 929 954 954 vel
974 928 1034 962 ipse
1053 927 1235 962 percuciensk
1255 929 1362 955 amittit
1380 938 1511 963 pugnum.
1548 931 1626 957 Alter
1646 940 1707 959 vero
1726 942 1780 959 non

151 981 329 1016 percueiensk
347 989 397 1015 pro
410 980 617 1014 presumptione
637 979 755 1013 probata
768 979 894 1014 legitime
908 981 1017 1006 tenetur
1030 979 1139 1005 domino
1154 979 1279 1013 predicto
1297 979 1325 1005 in
1338 980 1483 1013 sexaginta
1496 981 1591 1008 solidis
1610 982 1667 1009 sine
1682 993 1782 1017 pugno.

150 1034 185 1060 Et
211 1033 233 1059 si
262 1031 393 1059 indicium
414 1026 572 1066 'requiratur
594 1032 622 1058 in
647 1032 791 1066 predictis,
822 1031 875 1066 ipsi
901 1032 974 1058 cives
998 1032 1033 1057 ad
1060 1031 1129 1057 illud
1154 1031 1283 1058 mittendi
1313 1034 1376 1058 sunt
1399 1032 1488 1058 tribus
1511 1033 1618 1059 vicibus
1637 1043 1653 1061 a
1672 1035 1780 1062 domino

150 1084 315 1119 supradicto.

258 1143 284 1172 S.
319 1146 390 1172 Item
415 1140 627 1180 concedimus,
652 1145 725 1178 quod
749 1144 818 1171 dicti
842 1145 914 1171 cives
939 1146 967 1171 et
990 1144 1151 1170 habitantes
1167 1144 1196 1170 in
1213 1145 1308 1171 eadem
1326 1145 1441 1171 civitate
1460 1145 1580 1179 possint
1603 1155 1653 1172 sua
1668 1147 1781 1181 propria

151 1195 317 1222 auctoritate
342 1195 399 1222 sine
425 1195 527 1222 offensa
550 1194 617 1221 iuris
643 1197 671 1221 et
694 1194 793 1221 iudicis
816 1194 889 1221 infra
913 1194 1055 1221 civitatem
1079 1194 1231 1228 predictam
1255 1197 1283 1221 et
1307 1197 1383 1221 extra
1401 1195 1514 1221 eandem
1533 1195 1645 1222 vadiare
1663 1197 1782 1222 forenses

151 1256 199 1281 pro
218 1246 273 1273 suis
292 1246 403 1273 debitis.
448 1247 517 1273 Item
536 1255 585 1280 pro
609 1246 719 1273 delictis
744 1246 812 1280 ipsis
835 1246 942 1272 civibus
967 1246 995 1272 in
1018 1255 1134 1280 persona
1157 1249 1185 1273 et
1207 1247 1288 1273 rebus
1311 1256 1403 1273 eornm
1423 1247 1504 1274 factis
1523 1250 1551 1273 et
1570 1248 1643 1281 ipsos
1662 1249 1781 1275 forenses

151 1307 247 1333 capere
266 1300 294 1325 et
313 1298 437 1325 detinere
456 1298 484 1324 in
505 1297 660 1324 carceribus
679 1297 797 1331 privatis
816 1297 941 1324 homines
960 1297 1125 1324 tailliabiles
1144 1307 1190 1325 seu
1210 1298 1441 1332 exp[l]ectabiles,
1465 1308 1594 1332 personas
1614 1299 1733 1333 ipsorum
1753 1303 1781 1327 et

150 1351 232 1381 bona,
251 1359 300 1384 pro
325 1349 427 1376 debitis
451 1351 479 1375 et
503 1349 613 1375 delictis
637 1358 654 1375 a
679 1349 734 1376 suis
760 1350 877 1376 dominis
902 1349 984 1376 factis
1005 1351 1047 1376 vel
1067 1349 1152 1376 eciam
1172 1350 1348 1383 perpetratis
1392 1350 1426 1376 Et
1444 1353 1559 1384 possunt
1582 1352 1675 1378 eodem
1702 1353 1781 1379 niodo

150 1403 240 1428 tenere
259 1403 287 1428 et
306 1401 449 1435 captivare
468 1401 542 1435 ipsos
561 1401 680 1428 forenses
699 1402 868 1435 generaliter
886 1403 914 1428 et
933 1401 1092 1436 specialiter
1112 1410 1160 1435 pro
1179 1401 1289 1428 delictis
1308 1403 1336 1427 et
1355 1401 1476 1430 iniuriis.
1503 1411 1570 1435 quas
1589 1402 1642 1436 ipsi
1662 1403 1780 1429 forenses

150 1453 255 1479 faciunt
273 1453 301 1478 in
319 1452 495 1486 specialitate
515 1461 562 1479 seu
580 1452 772 1486 generalitate,
792 1462 841 1479 nec
861 1455 989 1479 tenentur
1008 1453 1061 1479 iuri
1081 1461 1176 1486 parere
1195 1453 1239 1478 vel
1258 1453 1397 1479 recredere
1416 1455 1590 1486 preterquam
1610 1463 1658 1488 per
1677 1454 1781 1481 iudices

150 1504 316 1535 Bisuntinos,
336 1512 427 1530 coram
445 1503 545 1537 quibus
559 1503 602 1529 vel
616 1504 703 1530 altero
717 1505 863 1531 eorundem
877 1504 929 1530 iuri
943 1507 1016 1531 stare
1030 1506 1158 1531 tenentur
1170 1513 1255 1537 usque
1269 1504 1304 1530 ad
1319 1505 1457 1530 carculum
1472 1506 1611 1532 sentencie
1625 1506 1780 1533 diffinitive.

150 1556 206 1582 Hoc
231 1556 307 1582 salvo
332 1556 405 1589 quod
429 1556 452 1581 si
477 1555 644 1582 universitas
668 1556 710 1583 vel
733 1556 820 1582 maior
846 1565 910 1590 pars
937 1556 1038 1583 civium
1066 1556 1252 1589 predictorum
1280 1558 1358 1582 extra
1384 1556 1527 1582 civitatem
1546 1557 1698 1590 predictam
1719 1567 1780 1584 cum

149 1607 230 1633 armis
248 1609 276 1634 et
295 1607 432 1633 violencia
451 1607 571 1640 aliquem
591 1608 717 1634 vadiaret
735 1610 763 1634 et
782 1608 814 1634 de
834 1609 885 1634 hoc
905 1608 962 1634 fieri
982 1608 1156 1642 contingeret
1175 1607 1384 1639 recredeucizum
1405 1608 1437 1633 de
1457 1609 1508 1634 hoc
1521 1609 1633 1635 deberet
1652 1609 1694 1635 ius
1714 1609 1779 1641 fieri,

149 1659 195 1685 ubi
214 1659 284 1686 alias
302 1661 330 1686 et
349 1659 518 1692 antiquitusÂ¹
536 1659 594 1686 fieri
615 1659 763 1687 consuevit.

256 1713 284 1742 9.
308 1716 399 1742 Item*
422 1716 527 1742 iudices
552 1716 693 1742 Bisuntini
716 1725 772 1743 non
795 1719 913 1750 possunt
940 1726 991 1743 nec
1013 1717 1116 1743 debent
1140 1725 1242 1750 ponere
1266 1725 1367 1749 penam
1392 1717 1434 1743 vel
1458 1717 1579 1743 bannum
1603 1726 1653 1744 nec
1677 1719 1776 1749 facere,

150 1767 220 1800 quod
232 1768 351 1800 ponatur
371 1766 414 1792 vel
427 1766 623 1800 preconisetur,
642 1775 693 1792 nec
719 1775 816 1800 capere
830 1767 960 1800 pondera,
980 1775 1141 1792 mensuram
1162 1767 1203 1793 vel
1218 1775 1325 1800 panem,
1346 1767 1398 1792 nisi
1417 1767 1468 1792 hoc
1487 1767 1570 1793 fuerit
1589 1768 1621 1793 de
1636 1768 1779 1794 voluntate

150 1819 177 1843 et
194 1817 374 1851 requisicione
394 1817 496 1844 civium
515 1818 709 1852 predictorum.

236 1872 282 1901 10.
306 1875 397 1902 Item*
412 1875 517 1902 iudices
534 1876 671 1902 seculares
685 1875 825 1902 Bisuntini
842 1884 898 1902 non
914 1875 1019 1902 habent
1034 1884 1085 1901 nec
1100 1875 1202 1901 habere
1219 1875 1322 1901 debent
1338 1875 1366 1900 in
1383 1875 1488 1900 civibus
1505 1875 1636 1908 predictis
1654 1876 1777 1909 exceptis

150 1924 236 1951 tribus
261 1925 383 1952 emendis
406 1925 587 1959 pecuniariis,
616 1925 746 1952 videlicet
769 1928 824 1952 tres
849 1926 950 1952 solidos
974 1935 1022 1959 pro
1047 1925 1221 1951 contumacia
1246 1934 1293 1951 seu
1313 1927 1447 1958 propter*
1466 1926 1538 1958 quod
1557 1926 1618 1958 quis
1638 1927 1780 1952 convictus

151 1975 209 2009 [est]
228 1976 256 2002 in
275 1985 357 2003 causa
376 1976 461 2003 civili.
498 1977 623 2003 Secunda
642 1979 684 2003 est
703 1986 802 2004 novem
821 1977 969 2003 solidorum
989 1986 1037 2010 pro
1057 1976 1191 2010 sauguine
1217 1977 1251 2002 ab
1271 1977 1364 2009 aliquo
1384 1978 1457 2003 sacto
1480 1977 1530 2003 alii
1549 1979 1576 2003 et
1596 1977 1725 2010 probato,
1752 1979 1779 2004 in

150 2030 256 2054 tantum
283 2028 356 2061 quod
379 2028 528 2054 diffinitiva
551 2028 689 2055 sententia
716 2038 798 2062 super
821 2029 872 2055 hoc
892 2030 1048 2062 proferatur
1071 2029 1106 2054 ad
1126 2028 1290 2054 instanciam
1309 2027 1423 2054 alterius
1442 2028 1574 2061 parcium,
1594 2037 1647 2055 non
1667 2029 1778 2055 domini.

150 2079 246 2106 Tereia
264 2082 305 2106 est
323 2079 467 2114 sexaginta
486 2080 634 2106 solidorum
653 2090 701 2114 pro
721 2086 823 2107 armam
842 2081 955 2111 moluta,
975 2081 1047 2106 sicut
1066 2080 1191 2113 superius
1210 2082 1251 2106 est
1270 2082 1408 2110 narrata,
1435 2088 1481 2106 seu
1500 2089 1548 2113 pro
1569 2080 1637 2106 falso
1657 2081 1776 2114 pondere

151 2131 192 2156 vel
211 2131 280 2157 falsa
298 2140 424 2157 mensura
443 2132 567 2165 repertis.
603 2132 638 2158 Et
657 2132 787 2165 quociens
806 2141 973 2165 conquerens
994 2132 1053 2158 vult
1071 2132 1215 2161 desistere,
1241 2140 1294 2157 non
1314 2133 1422 2157 tenetur
1441 2131 1549 2157 domino
1572 2132 1607 2157 ad
1626 2132 1776 2159 emendam.

236 2186 282 2214 11.
312 2189 401 2215 Item*
431 2197 525 2215 omnes
556 2189 717 2215 habitantes
744 2189 773 2214 in
804 2189 919 2215 civitate
950 2189 1088 2222 predicta,
1119 2189 1166 2222 qui
1195 2190 1312 2214 utuntur
1342 2188 1519 2214 libertatibus
1547 2190 1575 2214 et
1602 2188 1683 2214 rebus
1707 2198 1776 2215 com-

151 2237 275 2264 munibus
294 2238 419 2264 civitatis
438 2238 573 2272 predicte,
593 2241 656 2265 sunt
674 2241 703 2265 et
722 2248 779 2265 esse
799 2239 901 2266 debent
919 2239 1084 2272 percionarii
1104 2241 1135 2265 ut
1154 2238 1201 2264 alii
1222 2239 1254 2264 de
1274 2238 1459 2266 missionibusv
1479 2247 1547 2271 quas
1567 2238 1638 2263 cives
1658 2239 1776 2265 ordinati

151 2296 198 2321 pro
216 2288 396 2316 universitate
415 2290 541 2324 predicta
560 2290 664 2317 facient
683 2291 711 2316 in
730 2291 860 2317 futurum.

236 2343 282 2371 12.
311 2347 400 2372 Item*
423 2347 647 2381 archiepiscopus
671 2347 834 2373 Bisuntinus
862 2356 913 2373 nec
942 2347 1025 2378 alius,
1058 2345 1124 2379 [qui]
1148 2346 1287 2372 iusticiam
1316 2346 1418 2372 habeat
1447 2346 1474 2372 in
1507 2346 1621 2372 civitate
1644 2347 1777 2380 predicta,

150 2403 201 2421 non
220 2397 329 2429 potest
347 2405 434 2430 neque
453 2397 548 2423 debet
568 2397 661 2423 vinum
676 2397 791 2424 vendere
805 2397 877 2430 quod
891 2397 1010 2423 bannum
1025 2398 1146 2428 vocatur,
1167 2396 1289 2429 exceptis
1302 2396 1445 2422 duodecim
1459 2396 1556 2421 modiis
1575 2396 1610 2421 ad
1624 2404 1775 2421 mensuram

151 2445 330 2478 Bisuntinam,
350 2449 421 2481 quod
436 2448 518 2475 debet
530 2457 587 2474 esse
602 2449 740 2479 mundum,
760 2454 875 2474 sanumn
895 2450 923 2474 et
942 2449 998 2474 tale
1018 2448 1091 2481 quod
1104 2456 1176 2473 anuo
1195 2447 1243 2473 illo
1257 2447 1381 2473 creverit.
1410 2447 1444 2472 Et
1457 2447 1582 2472 vendicio
1603 2446 1677 2472 illius
1690 2447 1774 2472 banni

151 2497 305 2531 incipienda
323 2501 364 2525 est
383 2500 411 2525 in
430 2500 499 2526 festo
519 2500 706 2533 apparicionis
719 2500 826 2526 Domini
847 2510 896 2526 uec
916 2500 998 2526 debet
1016 2499 1097 2526 vendi
1117 2498 1206 2525 viliori
1226 2498 1318 2532 precio
1339 2498 1380 2523 vel
1400 2498 1506 2527 maiori,
1526 2506 1607 2530 quam
1623 2498 1775 2523 venduntur

153 2548 215 2575 vina
232 2549 307 2576 illius
325 2551 390 2576 anni
411 2551 580 2578 vindemiata
600 2561 683 2585 usque
703 2551 730 2577 in
750 2552 821 2578 diem
841 2551 1029 2586 apparicionis
1048 2551 1179 2585 predicte.

237 2604 282 2633 13.
310 2607 381 2634 Item
404 2604 617 2644 promittimus
648 2604 767 2634 civibus
791 2604 1035 2644 prenominatis,
1065 2609 1138 2641 quod
1162 2608 1196 2633 ob
1220 2606 1415 2633 necessitatem
1439 2603 1577 2630 nostram
1601 2605 1644 2630 vel
1667 2605 1774 2637 imperii
1803 2615 1864 2632 014.

151 2654 264 2682 Romani
287 2665 333 2683 seu
356 2658 389 2684 ob
413 2667 594 2692 quancunque
614 2659 698 2685 aliam
718 2668 827 2685 causam
846 2668 898 2685 non
918 2668 1089 2692 possumus
1107 2658 1196 2684 facere
1216 2657 1269 2691 ipsi
1289 2656 1479 2683 universitati.
1507 2654 1612 2680 civibus
1633 2655 1674 2680 vel
1699 2655 1774 2680 liabi-

250 2743 315 2770 565Î‡
334 2745 360 2777 Î’)
374 2746 508 2777 praecedit
524 2747 667 2778 assignetur
691 2746 717 2769 Î¤.
792 2744 815 2774 1Â¹)
834 2746 965 2770 discedant
988 2745 1014 2770 Î¤.
1089 2744 1104 2775 i)
1123 2745 1233 2775 sequitur
1251 2745 1292 2768 vio
1311 2744 1416 2767 deletum
1442 2742 1466 2766 T.
1536 2740 1560 2771 k)
1578 2742 1729 2772 pereussicn.
1749 2741 1775 2766 T.

151 2782 168 2815 1)
186 2787 295 2817 sequitur
313 2792 337 2813 et
360 2788 387 2814 T.
474 2788 506 2820 Î¹Î¹Î¹)
525 2789 636 2820 sequitur
654 2798 669 2812 v
689 2789 770 2813 deleta
789 2789 814 2813 T.
905 2788 929 2820 Â¹Â¹)
949 2797 1010 2813 sane
1028 2788 1053 2812 Î¤.

1523 2832 1571 2858 (37â´Â³

1808 1157 1825 1171 [Â¹.

1806 1730 1823 1744 ÎŸ.

1807 2354 1818 2367 C
1821 2362 1825 2367 Î¹

1819 1882 1869 1899 ,11.

1836 2349 1867 2368 13.
