2259 3116
444 134 504 163 452
833 129 963 155 ADOLFI
986 128 1088 154 REGIS
1108 127 1431 154 CONSTITUTIONES.
1471 127 1544 152 1292.
1580 126 1700 152 N12474.

552 219 596 247 12.
626 217 708 247 Item
726 216 950 256 promittimus,
969 214 1053 255 quod
1071 215 1203 245 tutelam
1221 215 1407 245 monasterii
1422 213 1625 244 Curbeiensis
1642 212 1883 252 archiepiscopo
1902 214 1934 241 et
1951 211 2085 242 ecclesie

444 269 625 300 Coloniensi
649 279 667 298 a
692 268 819 298 domino
836 267 1035 307 R(odolpho)
1052 266 1270 297 Romanorum
1288 276 1364 306 rege
1382 265 1600 295 commissam1
1618 263 1839 294 innovabimus
1864 267 1896 293 et
1919 263 2085 294 confirma-

443 321 546 351 bimus
577 320 697 350 eisdem
727 322 895 359 castraque
925 322 957 349 et
979 318 1170 349 munitiones
1199 318 1333 348 ecclesie
1359 316 1562 347 Uurbeiensis
1586 315 1626 346 ab
1651 315 1722 345 aliis
1745 315 1902 345 violenter
1931 317 2086 355 occupata

444 372 665 403 revocabimus
704 374 736 401 ct
770 370 1032 411 recuperabimus
1067 369 1107 400 ad
1143 369 1310 400 ecclesiam
1348 368 1578 399 Curbciensem
1613 367 1653 397 (le
1689 367 1820 397 consilio
1854 365 2087 407 archiepiscopi

443 424 620 454 memorati.
2117 427 2128 446 ⁵

554 481 597 509 13.
636 479 715 508 Item
740 489 810 508 cum
839 478 1050 516 necessarias,
1074 476 1168 507 utiles
1199 480 1231 506 et
1259 475 1460 506 inevitabiles
1491 478 1638 515 oporteat
1669 473 1987 515 [a1·chi]episcopum,
2016 484 2087 504 suos

445 541 644 561 s11c‹5·essores
678 533 710 559 et
743 529 912 560 ecclesiam
941 528 1165 559 Colonienscm
1198 538 1254 568 pro
1290 527 1418 557 servitio
1448 526 1585 556 Romani
1620 526 1746 566 imperii
1777 524 1884 555 facere
1919 535 2086 565 expensas,

445 583 674 622 promittimus.
700 581 784 621 quod
810 581 915 611 eidem
939 575 1180 619 archiepiscopo
1213 582 1244 609 et
1276 578 1411 609 ecclesie
1438 577 1620 607 Coloniensi
1640 576 1791 608 'dabimus
1814 577 1925 617 viginti
1950 576 2087 617 quinque

444 634 531 663 milia
554 643 733 663 marcarum
758 632 881 673 argenti
906 632 936 661 in
960 642 1087 661 suarum
1112 630 1287 661 subsidium
1310 639 1532 670 expensarum.
1579 628 1621 658 Et
1643 628 1684 658 ad
1707 629 1862 659 maiorem
1884 628 2089 659 securitatem

446 691 477 715 et
502 685 737 715 observantiam
763 684 988 725 premissorum
1006 683 1229 723 promittimus,
1255 681 1339 722 quod
1365 684 1468 711 castra
1484 680 1670 716 Nassauwe,
1695 679 1894 720 Dillenberg,
1920 679 2131 720 Ginsberg,10

446 736 550 777 Segen
585 740 709 776 partem
742 736 866 765 comitis
889 734 1021 765 Henrici
1054 734 1093 764 de
1123 733 1298 763 Nassauwe
1329 743 1400 762 cum
1434 742 1588 762 consensu
1616 731 1717 761 libero
1747 734 1779 761 et
1810 740 1961 771 expresso
1990 731 2087 771 ipsius

445 788 570 818 comitis
593 787 741 825 Heni-ici,
772 787 880 817 uxoris
904 796 960 816 sue
985 789 1017 815 et
1040 785 1215 815 Emekonis
1243 784 1349 814 fratris
1373 784 1435 823 sui,
1467 784 1544 813 item
1568 783 1712 823 Brubag,
1738 782 1899 823 Riveltze,
1922 783 2087 824 Limburg,

446 844 582 869 castrum
609 843 640 869 et
665 838 794 879 opidum
812 838 964 868 Vehnere
990 837 1029 867 (le
1055 847 1210 866 consensu
1235 839 1267 865 et
1290 835 1374 865 bona
1398 834 1562 865 voluntate
1587 834 1788 864 dominorum
1806 834 1962 864 dictarum
1986 835 2087 865 muni-

445 892 566 921 tionum
592 894 643 920 et¹¹
668 889 822 920 heredum
848 888 1022 919 eorundem
1048 888 1107 929 ipsi
1131 887 1387 927 archiepiscopo,
1417 886 1480 916 suis
1504 885 1742 916 successoribus
1773 889 1804 916 et
1833 885 1968 916 ecclesie
1994 885 2087 917 Colo-

446 943 545 972 niensi
574 941 826 980 sublevabimus,
857 951 1049 981 reponemus
1081 942 1113 969 et
1146 939 1396 969 deliberabimus
1430 944 1462 968 et
1490 938 1644 978 assignari
1678 938 1832 968 faciemus
1864 937 2004 968 tenenda
2031 937 2087 969 sub
2107 946 2129 965 1⁵

447 994 596 1033 expensis
624 993 747 1023 nostris.
804 992 846 1022 Et
873 992 1095 1022 nichilominus
1127 991 1357 1031 quinquaginta
1390 993 1455 1020 tam
1483 989 1607 1020 nobiles
1637 1000 1732 1030 quam
1763 989 1893 1029 milites,
1927 989 2027 1019 bonos
2057 992 2089 1020 et

447 1043 568 1084 legales
591 1044 795 1074 fideiussores
819 1054 974 1084 ponemus
999 1043 1119 1074 eisdem
1151 1047 1182 1073 et
1213 1054 1283 1073 cum
1314 1043 1435 1073 eisdem
1459 1042 1699 1073 fideiussoribus
1727 1042 1814 1083 apud
1837 1042 2024 1073 Bunnenses
2047 1042 2087 1073 ab

447 1095 561 1125 eodem
586 1095 837 1136 archiepiscopo,
863 1096 926 1125 suis
950 1095 1185 1125 successoribus
1210 1098 1242 1125 et
1266 1095 1420 1125 ecclesia⁰
1439 1094 1621 1124 Coloniensi
1638 1095 1781 1135 requisiti
1798 1094 1880 1124 infra
1897 1093 2087 1135 quindenam

447 1147 634 1177 intrabimus
664 1146 736 1177 inde¹
770 1158 831 1176 non
866 1147 1037 1185 recessuri,
1067 1157 1231 1187 quousque
1264 1147 1369 1177 onmia
1403 1149 1435 1177 et
1462 1146 1586 1186 singula
1617 1147 1773 1186 premissa
1801 1156 1859 1186 per
1886 1156 1944 1176 nos
1972 1145 2088 1176 fuerint

446 1197 622 1238 adimpleta
646 1198 696 1228 vel
725 1209 820 1238 super
850 1199 926 1238 ipsis
954 1198 1168 1239 adimplendis
1199 1199 1353 1229 securitas
1384 1198 1468 1228 facta
1499 1198 1541 1228 ad
1568 1197 1765 1228 voluntatem
1797 1197 2029 1238 archiepiscopi
2057 1199 2089 1227 et
2105 1207 2129 1226 20

448 1249 582 1280 ecclesie
608 1249 815 1280 Coloniensis.

556 1308 599 1336 14.
635 1306 790 1336 Pretcrca
815 1305 960 1346 eligimus
985 1309 1017 1335 et
1040 1305 1241 1345 arbitramur,
1266 1305 1351 1346 quod
1376 1306 1400 1335 si
1425 1308 1534 1336 contra
1558 1305 1713 1346 premissa
1737 1305 1788 1335 vel
1812 1304 1931 1345 aliquid
1955 1304 2087 1345 premis-

449 1368 554 1386 sorum
580 1357 675 1387 tidem
700 1361 838 1387 nostram
870 1357 955 1398 quod
983 1357 1068 1387 absit
1094 1357 1295 1398 infringendo
1324 1357 1567 1388 deveniremusp
1590 1367 1648 1387 nec
1672 1357 1879 1387 securitatem
1902 1356 1962 1396 ipsi
1985 1355 2087 1386 archi—

449 1409 598 1449 episcopo
624 1409 664 1439 ad
690 1409 885 1439 voluntatem
910 1420 999 1439 suam
1023 1409 1202 1439 faceremus
1226 1420 1322 1450 super
1346 1410 1507 1450 premissis
1524 1408 1670 1439 omnibus
1687 1408 1852 1447 faciendis,
1877 1407 2087 1448 adimplendis

449 1464 481 1489 ct
504 1460 681 1498 servandis,
713 1461 780 1500 ipso
805 1460 889 1490 facto
914 1460 1066 1491 cademus
1090 1471 1108 1490 a
1133 1461 1200 1491 iure
1225 1460 1390 1491 electionis
1420 1463 1451 1491 et
1479 1461 1547 1490 iure
1577 1460 1666 1500 regni
1696 1460 1786 1490 nobis
1817 1470 1874 1500 per
1898 1459 2086 1490 electionem
2105 1469 2127 1488 2⁵

448 1512 612 1551 acquisito.
659 1512 896 1542 Renunciantes
926 1522 1049 1542 exnunc
1074 1515 1108 1542 ut
1132 1516 1249 1542 extunc
1274 1513 1359 1542 omni
1382 1513 1451 1550 iuri,
1477 1511 1562 1553 quod
1586 1511 1677 1542 nobis
1701 1514 1902 1552 competeret
1923 1521 1979 1542 seu
2002 1521 2086 1541 com-

450 1567 559 1603 petere.
585 1566 692 1603 posset
716 1564 745 1593 in
770 1574 867 1602 regno
892 1564 1046 1604 predicto.
1093 1563 1209 1594 Ratum
1235 1567 1267 1594 ct
1291 1567 1416 1604 gratum
1442 1562 1653 1605 [habentesl‘¹,
1687 1563 1772 1604 quod
1800 1563 1960 1603 principes
1986 1563 2034 1593 ius
2056 1562 2087 1592 in

449 1615 605 1644 electione
631 1615 754 1654 imperii
780 1615 936 1645 habentes
961 1615 1001 1645 ad
1026 1616 1214 1645 electionem
1241 1616 1371 1646 alterius
1395 1616 1479 1656 regis
1502 1615 1692 1656 procedant,
1724 1615 1749 1645 si
1773 1615 1832 1645 hoc
1857 1614 1962 1645 eidem
1986 1613 2086 1644 archi-

450 1667 599 1706 episcopo
624 1666 783 1696 vidcbitur
807 1667 971 1707 expedire.

558 1724 600 1751 15.
636 1721 789 1752 Preterca
816 1723 1081 1763 (¹01'‹›n;'{llll'0gni,
1106 1723 1377 1753 consecrationem
1404 1727 1435 1753 et
1460 1723 1707 1753 installationem
1732 1723 1762 1752 in
1787 1722 1864 1753 sede
1882 1722 2024 1763 Aqueusi
2048 1720 2087 1752 ab
2106 1730 2129 1750 ³0

451 1773 563 1802 eodem
589 1772 715 1803 domino
739 1774 979 1814 archiepiscopo
1009 1785 1070 1803 non
1094 1777 1240 1814 petemus
1264 1785 1321 1804 nec
1346 1775 1448 1815 ipsum
1474 1774 1655 1815 aliqualiter
1676 1774 1898 1805 infestabimus
1922 1784 2018 1814 super
2041 1783 2087 1812 eo,

450 1835 614 1864 quousque
640 1824 765 1863 plenam
791 1826 993 1855 securitatem
1020 1826 1189 1855 fecerimus
1214 1826 1319 1856 eidem
1344 1836 1440 1866 super
1464 1826 1610 1856 omnibus
1639 1829 1671 1856 et
1694 1825 1825 1866 singulis
1849 1825 1988 1856 articulis
2010 1824 2087 1856 fide-

451 1874 522 1904 liter
547 1875 767 1915 adimplendis.

559 1934 602 1960 14ἱ,
640 1931 717 1961 ltem
738 1932 958 1971 promittimus,
977 1932 1061 1972 quod
1079 1943 1174 1973 super
1191 1932 1310 1972 debito,
1336 1933 1364 1963 in
1383 1944 1444 1973 quo
1462 1933 1545 1963 idem
1564 1933 1709 1964 dominus
1727 1934 1985 1974 archiepiscopus
2000 1932 2088 1963 nobis

453 1982 620 2012 tenebatur
644 1986 774 2023 propter
798 1983 1011 2013 theolouiumr
1035 1984 1295 2019 Amlernacense,
1327 1983 1452 2026 [quoqu
1477 1984 1568 2014 nobis
1592 1985 1802 2025 obligaverat,
1827 1985 1948 2025 quitum
1973 1984 2087 2015 clama·
2106 1991 2128 2010 8⁵

452 2034 554 2063 bimus
578 2038 609 2063 et
633 2034 783 2065 dicemus.

560 2092 602 2119 Ιῖ.
640 2090 718 2119 ltem
746 2091 966 2130 promittinms.
992 2091 1075 2131 quod
1094 2092 1302 2131 questionem,
1328 2102 1389 2132 que.
1409 2092 1540 2122 vertitur
1557 2092 1638 2122 inter
1655 2092 1791 2123 eundem
1810 2092 1971 2123 dominum
1989 2091 2088 2122 archi—

453 2141 635 2180 episcopum
663 2144 694 2171 et
718 2142 864 2171 comitem
890 2142 1063 2172 llenricum
1095 2143 1134 2173 de
1159 2143 1333 2173 Nassauwe
1358 2144 1627 2182 consanguineum
1658 2148 1798 2174 nostrum
1829 2155 1925 2185 super
1948 2143 2088 2184 dampnis

454 2199 483 2221 et
509 2192 700 2232 deperditis,
732 2193 760 2222 in
786 2204 840 2222 nos
866 2194 1055 2233 recipiemus
1084 2198 1115 2224 ct
1140 2195 1240 2235 ipsum
1266 2194 1449 2225 sedabimus
1474 2195 1635 2225 voluntate
1661 2195 1889 2236 archiepiscopi
1915 2195 2087 2226 memorati.

562 2250 604 2277 IS.
642 2248 721 2277 Item
749 2249 969 2288 promittimus,
995 2249 1078 2289 quod
1098 2249 1226 2280 illustris
1244 2250 1392 2290 principis
1410 2250 1527 2280 domini
1546 2252 1672 2281 Ottonis
1696 2262 1765 2282 cum
1791 2252 1854 2282 telo
1879 2249 2089 2293 marc[h]ionis
2105 2256 2129 2275 ⁴⁰

458 2298 773 2339 l{randenburgensis
802 2300 940 2330 savorem
973 2304 1005 2330 et
1033 2302 1203 2331 amicitiam
1234 2301 1447 2342 captabimus,
1479 2306 1513 2332 ut
1541 2313 1628 2332 suam
1659 2303 1890 2343 promotionem
1921 2302 2089 2333 sentiamus

457 2349 494 2378 ad
521 2350 639 2380 dictum
675 2351 791 2380 domini
823 2352 1068 2392 archiepiscopi.
1101 2352 1212 2382 decani
1239 2353 1466 2393 (folomensis)
1496 2357 1526 2383 ct
1556 2355 1679 2384 comitis
1704 2354 1830 2385 ottonis
1854 2354 1893 2385 de
1918 2353 2088 2392 Eversteyn

457 2401 624 2430 Nx'estfalie
652 2402 829 2432 mart-balei.

563 2459 606 2486 lu.
647 2457 722 2487 ltcm
758 2458 982 2497 promittinms.
1015 2458 1098 2498 quod
1133 2459 1155 2488 si
1191 2459 1280 2489 liberi
1310 2459 1468 2499 quondam
1493 2460 1656 2492 wilhelmi
1686 2462 1791 2492 fratris
1811 2461 1984 2491 NValrami⁸
2011 2468 2087 2489 nunc

455 2508 577 2537 comitis
600 2508 786 2538 luliaeensis
811 2509 945 2539 eundem
972 2510 1118 2539 comitem
1145 2514 1275 2550 propter
1299 2512 1482 2541 comitatum
1508 2512 1718 2543 Iuliaeensem
1744 2517 1775 2543 et
1799 2512 1882 2543 bona
1905 2511 1965 2542 alia
1989 2511 2086 2550 impe·
2104 2521 2127 2539 ⁴5

456 2567 522 2588 tere
548 2570 602 2588 seu
631 2560 780 2590 invadere
806 2560 970 2593 volueriut.
994 2572 1050 2590 nos
1075 2561 1209 2591 eundem
1236 2563 1382 2592 comitem
1405 2563 1611 2594 iuliacensem
1632 2564 1908 2595 manutenebimus
1932 2566 1964 2593 ct
1987 2560 2087 2592 cidem

1669 2606 1683 2615 ,

564 2644 624 2669 ΓΗ.
645 2650 667 2670 Η»
688 2655 752 2669 corr.
773 2656 802 2669 rw
822 2647 887 2677 qnod
908 2657 927 2670 ι·.
1016 2652 1039 2675 ¹¹)
1059 2648 1163 2671 ecclesie
1183 2658 1202 2672 ι’.
1286 2650 1308 2674 Γ)
1328 2650 1509 2673 derenci-emus
1528 2659 1546 2673 ‹·.
1630 2656 1654 2675 Ἢ
1674 2651 1741 2674 'lem-t
1757 2659 1777 2674 c.
1865 2650 1885 2680 r')
1905 2654 2004 2681 propter
2022 2647 2087 2670 theo-

457 2689 551 2711 lunium
573 2689 598 2711 sn
619 2689 672 2711 loeo
693 2699 751 2712 raso
771 2700 789 2713 rx.
879 2691 897 2720 ’·)
918 2692 1002 2714 fratris
1021 2691 1141 2715 Walrami
1162 2701 1240 2723 supra
1262 2693 1353 2716 flamm
1373 2694 1432 2717 mlul.
1453 2704 1472 2717 ις.

561 2753 583 2781 Ι)
606 2751 687 2774 Vltio<
706 2753 894 2777 1>mnuJi«ions<
914 2753 1095 2778 slmvwmmon
1115 2758 1243 2779 serrarum
1265 2764 1316 2779 urm
1337 2759 1379 2780 mc.
