2259 3164
473 150 603 175 ADOLFI
625 150 727 176 REGIS
747 150 1071 177 CONSTITUTIONJIS

163 237 231 277 ipse
266 245 323 266 rex
358 247 414 266 sua
453 236 643 266 auctoritate
678 247 711 267 se
748 237 959 267 intromittere

165 287 281 328 poterit
305 286 344 317 de
370 286 491 317 eisdem
516 286 618 317 feodis
644 292 676 318 et
699 287 798 317 bonis.

133 451 144 469 5
227 441 255 471 3.
279 439 362 470 Item
392 439 542 479 obtinuit⁷
574 440 660 480 quod
690 440 827 471 vasallos
858 441 956 481 ipsius

163 491 288 522 Ottonis
326 491 366 521 de
404 491 590 532 Burgundia
634 492 762 522 racione
801 492 955 522 bonorum

165 542 339 574 eorundem
370 543 533 583 requirere
566 543 665 583 possit
695 543 736 573 ad
767 543 955 573 fidelitatem

163 602 194 625 et
210 594 393 635 homagium
410 594 468 625 sibi
485 594 658 635 prestanda
669 595 678 612 ¹
692 594 841 635 quodque
858 594 956 625 iidem

161 645 271 676 vasalli
294 646 349 676 illa
373 646 433 676 sibi
456 646 495 676 de
519 647 586 676 iure
611 646 717 676 facere
743 650 919 676 teneantur.

121 709 144 727 ιο
226 699 254 727 4.
279 696 361 727 Item
386 697 522 728 obtinuit
544 697 629 728 idem
647 697 792 728 dominus
816 708 874 728 rex
897 707 955 738 per

161 748 349 779 concordem
374 750 584 787 sentenciam,
610 749 694 789 quod
718 748 843 779 illorum
867 749 951 789 prin-

161 800 265 840 cipum
277 799 430 830 nobilium
445 803 476 830 et
492 800 636 837 aliorum,
653 801 706 842 qui
723 800 818 831 feoda
834 800 954 830 habent

160 851 200 882 ab
230 851 363 892 imperio
394 861 452 882 nec
484 852 658 882 existentes
686 853 718 882 in
753 856 836 882 terra
870 852 952 892 peti-

160 905 271 933 verunt
299 902 380 933 infra
411 914 527 933 aunum
558 906 589 933 et
619 903 705 933 diem
733 903 952 933 investituram

120 966 141 984 15
160 954 325 985 feodorum
360 954 510 994 ipsorum,
547 954 661 985 eadem
696 954 792 985 feoda
825 954 884 984 sibi
921 957 953 984 et

159 1006 292 1046 imperio
316 1009 430 1036 vacent
460 1008 492 1035 et
519 1005 603 1046 quod
632 1016 670 1036 ea
700 1006 819 1037 debeat
842 1005 951 1036 vendi-

160 1066 232 1087 care
262 1067 298 1087 ac
325 1067 380 1087 sue
403 1057 565 1087 attrahere
590 1058 741 1098 potestati
766 1067 888 1087 necnon
913 1067 951 1087 ea

160 1108 243 1138 licite
271 1109 422 1147 retinere,
457 1109 517 1139 nisi
550 1119 658 1139 coram
689 1119 741 1145 eo,
777 1108 861 1149 quod
891 1108 951 1139 hoc

159 1160 226 1190 fieri
242 1171 302 1191 non
321 1159 448 1199 debeat,
468 1171 563 1191 causa.
580 1161 738 1201 legittima
756 1159 950 1191 ostendatur.

118 1221 141 1241 20

118 1478 139 1498 25

218 1521 254 1551 In
284 1521 371 1551 cuius
400 1521 446 1550 rei
469 1521 684 1551 testimonium
710 1523 874 1561 presentes
898 1520 949 1551 lit-

157 1576 241 1602 teras
276 1572 371 1613 sigilli
405 1572 504 1602 nostri
538 1572 652 1602 robore
689 1572 821 1602 fecimus
862 1582 947 1602 eom-

157 1624 279 1654 muniri.

220 1683 293 1714 Dat.
318 1693 399 1713 anno
417 1682 555 1716 Domini,
581 1683 650 1713 loco
670 1686 701 1713 et
718 1682 768 1713 die
786 1683 947 1724 predictis.

116 1780 139 1799 30

115 2036 137 2056 35

1113 154 1185 179 1296.
1223 154 1269 179 ΝΥ.
1284 155 1340 180 Ϊιῖιῖ.
1360 154 1418 180 553.
1437 157 1494 180 539.
1742 159 1803 188 525

1015 239 1081 278 ipsc
1106 250 1160 269 sua
1186 241 1375 271 auctoritate
1400 252 1433 271 se
1451 242 1660 273 intromittere
1685 246 1803 284 poterit

1014 289 1053 319 de
1079 290 1210 320 eisdem.
1301 291 1458 332 Quodque
1483 292 1585 322 dictus
1606 294 1802 335 lantgravius

1014 351 1235 381 quemcunque
1275 343 1454 382 requisierit
1492 345 1522 373 in
1560 344 1725 376 ductorem
1772 347 1802 376 in

1010 393 1244 432 possessionem
1270 393 1425 424 dictorum
1452 395 1619 435 bonorum,
1645 396 1702 427 sibi
1727 408 1801 427 con-

1011 443 1125 473 cedere
1161 447 1308 474 teneatur
1346 448 1378 475 et
1412 446 1496 485 quod
1532 447 1669 477 vasallos
1704 448 1802 488 ipsius

1010 495 1136 524 racione
1162 494 1315 526 bonorum
1334 497 1506 527 eorundem
1524 499 1686 538 requirere
1703 501 1802 539 possit

1010 545 1051 575 ad
1075 545 1259 586 homagium
1290 551 1322 576 et
1346 547 1533 578 fidelitatem
1567 549 1625 579 sibi
1657 554 1800 590 prestan-

1011 596 1083 627 dam
1102 597 1251 637 quodque
1276 598 1372 628 iidem
1390 599 1499 629 vasalli
1524 599 1577 629 illa
1594 600 1652 631 sibi
1677 601 1717 631 de
1735 602 1801 631 iure

1008 647 1114 678 facere
1139 652 1316 679 teneantur.

1075 700 1101 729 3.
1127 699 1210 729 Item
1234 700 1369 730 obtinuit
1394 700 1477 731 idem
1495 701 1640 732 dominus
1664 714 1721 734 rex
1746 715 1802 744 per

1009 750 1199 781 concordem
1223 752 1432 784 sentenciam,
1458 753 1541 792 quod
1567 753 1690 784 illorum
1715 756 1800 795 prin-

1009 801 1114 841 cipum
1128 801 1281 832 nobilium
1295 806 1326 832 et
1340 802 1483 842 aliorum,
1501 805 1553 844 qui
1571 805 1665 835 feoda
1682 805 1801 836 habent

1008 852 1048 882 ab
1079 853 1212 892 imperio
1244 864 1301 883 nec
1333 855 1507 885 existentes
1538 857 1567 885 in
1603 859 1686 886 terra
1720 858 1800 897 peti-

1008 906 1120 933 verunt
1144 903 1223 933 infra
1249 915 1365 935 aunum
1390 909 1421 935 et
1445 906 1529 936 diem
1552 918 1646 937 unum
1671 909 1800 939 investi-

1008 957 1111 984 turam
1129 954 1295 985 feodorum
1312 956 1463 996 ipsorum,
1489 957 1604 988 eadem
1627 959 1723 990 feoda,
1741 960 1798 990 sibi

1008 1009 1039 1035 et
1064 1006 1197 1046 imperio
1223 1006 1341 1037 debeat
1364 1007 1533 1039 vendicare
1562 1020 1598 1039 ae
1622 1021 1677 1041 sue
1702 1014 1800 1041 attra-

1007 1057 1084 1087 here
1116 1059 1266 1098 potestati
1302 1069 1424 1089 necnon
1459 1071 1497 1090 ea
1532 1061 1617 1091 licite
1652 1062 1799 1094 retinere.

1007 1109 1066 1138 nisi
1090 1119 1197 1139 coram
1214 1110 1292 1150 ipso,
1318 1111 1401 1150 quod
1427 1111 1486 1141 hoc
1503 1112 1570 1142 fieri
1594 1123 1655 1143 non
1673 1112 1800 1144 debeat.

1007 1170 1103 1190 causa
1127 1160 1284 1208 legittima
1309 1162 1505 1193 ostendatur.

1071 1215 1099 1242 4.
1124 1212 1206 1242 Item
1224 1212 1360 1243 obtinuit
1376 1224 1434 1253 per
1457 1224 1657 1245 communem
1673 1219 1800 1245 seuten-

1007 1265 1097 1304 tiam,
1133 1263 1219 1304 quod
1253 1265 1411 1305 principes
1446 1265 1515 1295 illos
1554 1269 1585 1296 et
1619 1266 1711 1301 alios,
1747 1268 1800 1307 qui

1006 1316 1109 1345 vocati
1134 1314 1173 1344 ad
1198 1315 1418 1355 parlamentad
1436 1317 1552 1357 ipsiuse
1568 1328 1629 1347 non
1647 1319 1799 1349 venerint.

1006 1376 1120 1397 vocare
1145 1367 1244 1406 possit
1274 1366 1315 1396 ad
1346 1378 1434 1397 suam
1460 1370 1658 1408 presenciam
1688 1372 1719 1399 et
1742 1380 1798 1409 pro

1005 1420 1189 1458 contemptu
1213 1419 1376 1458 requirere
1402 1422 1434 1449 et
1458 1420 1600 1460 recipere
1619 1420 1798 1455 emendam,

1006 1480 1066 1510 que
1091 1479 1229 1499 consona
1253 1469 1349 1500 fuerit
1373 1470 1500 1501 racioni.

1068 1520 1105 1550 In
1135 1520 1223 1550 cuius
1248 1521 1293 1550 rei
1317 1522 1534 1552 testimonium
1559 1526 1723 1563 presentes
1748 1523 1797 1553 lit-

1004 1576 1089 1602 teras
1127 1571 1221 1611 sigilli
1260 1573 1357 1602 nostri
1392 1573 1506 1604 robore
1543 1573 1676 1604 fecimus
1712 1584 1797 1604 com-

1004 1623 1126 1654 muniri.

1067 1682 1141 1713 Dat.
1165 1693 1246 1713 anno
1264 1683 1403 1716 Domini.
1428 1683 1479 1713 die
1501 1687 1533 1713 et
1550 1684 1619 1714 loco
1637 1685 1796 1725 predictis

1071 1771 1098 1799 6.
1123 1768 1205 1799 Item
1231 1768 1349 1799 ibidem
1374 1779 1430 1809 per
1451 1770 1644 1800 sentenciam
1670 1774 1717 1800 est
1741 1770 1797 1800 ob-

1006 1824 1142 1853 tentum,
1173 1820 1257 1860 quod
1281 1821 1305 1849 si
1330 1831 1385 1860 pro
1410 1831 1489 1861 pace
1514 1822 1672 1851 communi
1696 1822 1797 1851 iurata

1005 1872 1099 1912 volga
1130 1872 1225 1902 fuerit
1260 1871 1456 1911 proclamata
1491 1875 1522 1902 et
1552 1872 1657 1902 edicta
1688 1876 1797 1903 contra

1005 1922 1197 1964 turbato[res
1221 1923 1309 1963 pacis
1327 1947 1579 1954 ...........
1595 1922 1629 1964 Γ,
1653 1924 1796 1964 quicum-

1005 1985 1066 2015 que
1095 1975 1275 2004 comitivam
1307 1985 1396 2004 suam
1427 1974 1467 2004 ad
1497 1974 1577 2005 hane
1603 1975 1797 2005 subtraxerit

1005 2028 1037 2055 et
1060 2026 1215 2055 auxilium
1238 2036 1301 2055 non
1326 2026 1516 2066 prestiterit„
1541 2026 1593 2056 ille
1619 2026 1707 2066 penis
1731 2029 1795 2055 sta-

1003 2076 1119 2117 [tutis],
1147 2077 1172 2106 si
1197 2075 1226 2117 [q
1247 2102 1251 2107 .
1271 2102 1276 2106 .
1296 2102 1300 2107 .
1321 2102 1326 2106 .
1346 2102 1350 2107 .
1371 2076 1422 2119 .]8,
1452 2076 1593 2119 deb[eat]
1618 2078 1793 2107 subiacere.

1002 2128 1153 2168 Alioquin
1192 2131 1342 2168 tanquam
1382 2128 1516 2159 violator
1554 2130 1641 2169 pacis
1683 2129 1795 2159 haberi

1003 2179 1122 2209 debeat
1151 2183 1182 2209 et
1210 2180 1322 2220 puniri.

1066 2239 1139 2269 Dat.
1164 2242 1198 2269 ut
1222 2250 1326 2279 supra.

114 2373 139 2392 ⁴0
344 2366 419 2398 559.
454 2367 786 2399 PRII'ILEGJUM
805 2367 872 2398 DE
893 2366 1270 2398 PROSCRIPTIONE
1291 2367 1604 2398 PROFERENDA

679 2417 766 2448 VEL
790 2417 1088 2448 RELAXANDA.
1135 2418 1208 2448 Iun.
1225 2418 1275 2447 ⁴28.

264 2477 459 2509 Contulimus
484 2478 699 2517 autoyraplaeon
715 2478 868 2508 tabularii
888 2478 966 2517 reqie‘
981 2477 1272 2516 thsseldorffl'mzsis
1288 2478 1518 2517 ‘Js‘ilicla-Berq’
1536 2480 1605 2508 122.
1650 2478 1792 2517 *S'z'yillnm

150 2537 268 2566 parum
291 2528 409 2560 laesum
427 2530 541 2568 pendet
564 2529 628 2560 loro
650 2530 889 2560 membranaceo.
938 2530 1003 2568 Quo
1026 2530 1155 2559 rmlewnl
1178 2540 1281 2559 omnes
1304 2529 1461 2560 odiamus.
1486 2548 1526 2550 ᾉ
1551 2529 1692 2566 Balanea
1717 2528 1790 2567 Rey.

156 2579 217 2610 Ad.
241 2582 312 2611 315.

116 2658 139 2677 45
258 2656 322 2682 558.
342 2656 364 2689 d)
380 2658 501 2689 plament.
514 2658 546 2682 Β.

618 2659 638 2687 e)
653 2667 667 2682 a
681 2659 758 2690 ipsius
772 2659 797 2681 in
811 2659 864 2682 Ioco
880 2666 937 2681 raso
953 2658 982 2682 l).

1501 2580 1553 2617 (12.
1579 2580 1685 2617 Arest.)

1055 2657 1073 2687 s)
1094 2659 1192 2681 circiter
1207 2660 1239 2681 ’.Ὀ
1260 2658 1356 2681 litterae
1376 2662 1531 2681 &annerum
1546 2657 1575 2681 B.
1647 2658 1670 2686 Β)
1693 2658 1792 2680 circiter

157 2701 183 2723 11
202 2698 297 2724 litterae
316 2706 486 2730 evanuersz
505 2710 539 2725 (m,
554 2702 641 2732 prima
661 2702 744 2725 littera
762 2701 840 2733 fuerie
859 2709 874 2731 q
893 2701 931 2724 rel
951 2710 965 2732 p
983 2702 1020 2725 rel
1041 2700 1058 2728 s,
1078 2702 1194 2731 coysnosci
1214 2701 1350 2731 1·1'.clwtest
1372 2700 1400 2723 le'v

260 2767 283 2799 1)
305 2767 345 2798 Cf·
366 2768 441 2799 infra
460 2777 501 2794 nr.
515 2771 567 2794 573.
