<?xml version="1.0" encoding="UTF-8"?>
<!DOCTYPE html PUBLIC "-//W3C//DTD XHTML 1.0 Transitional//EN"
    "http://www.w3.org/TR/xhtml1/DTD/xhtml1-transitional.dtd">
<html xmlns="http://www.w3.org/1999/xhtml" xml:lang="en" lang="en">
 <head>
  <title>
</title>
<meta http-equiv="Content-Type" content="text/html;charset=utf-8" />
  <meta name='ocr-system' content='tesseract 3.04.00' />
  <meta name='ocr-capabilities' content='ocr_page ocr_carea ocr_par ocr_line ocrx_word'/>
</head>
<body>
  <div class='ocr_page' id='page_1' title='image "./monumentagelegum03geseuoft/monumentagelegum03geseuoft_0398.png"; bbox 0 0 2259 3116; ppageno 0'>
   <div class='ocr_carea' id='block_1_1' title="bbox 405 132 1731 170">
    <p class='ocr_par' dir='ltr' id='par_1_1' title="bbox 405 132 1731 170">
     <span class='ocr_line' id='line_1_1' title="bbox 405 132 1731 170; baseline -0.009 0"><span class='ocrx_word' id='word_1_1' title='bbox 405 141 464 170; x_wconf 85' lang='grc'>360</span> <span class='ocrx_word' id='word_1_2' title='bbox 708 135 864 162; x_wconf 85' lang='lat' dir='ltr'>RUDOLFI</span> <span class='ocrx_word' id='word_1_3' title='bbox 883 135 986 161; x_wconf 82' lang='lat' dir='ltr'>REGIS</span> <span class='ocrx_word' id='word_1_4' title='bbox 1006 133 1323 162; x_wconf 82' lang='lat' dir='ltr'>CONSTITUTIONES.</span> <span class='ocrx_word' id='word_1_5' title='bbox 1361 134 1435 160; x_wconf 79' lang='lat'><strong>1286.</strong></span> <span class='ocrx_word' id='word_1_6' title='bbox 1471 133 1518 158; x_wconf 86' lang='lat' dir='ltr'>Nr.</span> <span class='ocrx_word' id='word_1_7' title='bbox 1531 132 1590 159; x_wconf 78' lang='lat'><strong>378.</strong></span> <span class='ocrx_word' id='word_1_8' title='bbox 1603 132 1660 159; x_wconf 80' lang='lat'><strong>379.</strong></span> <span class='ocrx_word' id='word_1_9' title='bbox 1673 132 1731 158; x_wconf 83' lang='lat'><strong>380.</strong></span> 
     </span>
    </p>
   </div>
   <div class='ocr_carea' id='block_1_2' title="bbox 403 219 2042 887">
    <p class='ocr_par' dir='ltr' id='par_1_2' title="bbox 403 219 2042 784">
     <span class='ocr_line' id='line_1_2' title="bbox 403 219 2038 264; baseline -0.003 -8"><span class='ocrx_word' id='word_1_10' title='bbox 403 225 523 257; x_wconf 84' lang='lat' dir='ltr'>rendo³</span> <span class='ocrx_word' id='word_1_11' title='bbox 548 225 579 255; x_wconf 89' lang='lat' dir='ltr'>in</span> <span class='ocrx_word' id='word_1_12' title='bbox 604 224 732 255; x_wconf 83' lang='lat' dir='ltr'>Christo</span> <span class='ocrx_word' id='word_1_13' title='bbox 763 225 853 264; x_wconf 84' lang='lat' dir='ltr'>patre</span> <span class='ocrx_word' id='word_1_14' title='bbox 884 222 1009 253; x_wconf 89' lang='lat' dir='ltr'>domino</span> <span class='ocrx_word' id='word_1_15' title='bbox 1034 221 1164 252; x_wconf 81' lang='lat' dir='ltr'>Matheo</span> <span class='ocrx_word' id='word_1_16' title='bbox 1193 220 1299 251; x_wconf 89' lang='lat' dir='ltr'>divina</span> <span class='ocrx_word' id='word_1_17' title='bbox 1331 220 1539 262; x_wconf 80' lang='lat' dir='ltr'>providencia</span> <span class='ocrx_word' id='word_1_18' title='bbox 1570 219 1687 250; x_wconf 81' lang='lat' dir='ltr'>Sancte</span> <span class='ocrx_word' id='word_1_19' title='bbox 1716 219 1817 250; x_wconf 89' lang='lat' dir='ltr'>Marie</span> <span class='ocrx_word' id='word_1_20' title='bbox 1847 219 1879 250; x_wconf 93' lang='lat' dir='ltr'>in</span> <span class='ocrx_word' id='word_1_21' title='bbox 1908 219 2038 251; x_wconf 90' lang='lat' dir='ltr'>Porticu</span> 
     </span>
     <span class='ocr_line' id='line_1_3' title="bbox 406 271 2038 317; baseline -0.004 -9"><span class='ocrx_word' id='word_1_22' title='bbox 406 277 558 308; x_wconf 81' lang='lat' dir='ltr'>cardinali</span> <span class='ocrx_word' id='word_1_23' title='bbox 583 276 729 317; x_wconf 85' lang='lat' dir='ltr'>dyacono</span> <span class='ocrx_word' id='word_1_24' title='bbox 755 275 858 305; x_wconf 86' lang='lat' dir='ltr'>amico</span> <span class='ocrx_word' id='word_1_25' title='bbox 882 278 989 305; x_wconf 90' lang='lat' dir='ltr'>nostro</span> <span class='ocrx_word' id='word_1_26' title='bbox 1007 273 1198 304; x_wconf 76' lang='lat' dir='ltr'>karissimo³</span> <span class='ocrx_word' id='word_1_27' title='bbox 1222 283 1318 314; x_wconf 88' lang='lat' dir='ltr'>super</span> <span class='ocrx_word' id='word_1_28' title='bbox 1342 275 1428 303; x_wconf 86' lang='lat' dir='ltr'>terra</span> <span class='ocrx_word' id='word_1_29' title='bbox 1445 272 1561 302; x_wconf 89' lang='lat' dir='ltr'>Tuscie</span> <span class='ocrx_word' id='word_1_30' title='bbox 1587 282 1643 302; x_wconf 84' lang='lat' dir='ltr'>seu</span> <span class='ocrx_word' id='word_1_31' title='bbox 1661 271 1815 302; x_wconf 83' lang='lat' dir='ltr'><strong>vicariatu</strong></span> <span class='ocrx_word' id='word_1_32' title='bbox 1833 271 1977 302; x_wconf 86' lang='lat' dir='ltr'>eiusdem</span> <span class='ocrx_word' id='word_1_33' title='bbox 2002 282 2038 302; x_wconf 88' lang='lat' dir='ltr'>ac</span> 
     </span>
     <span class='ocr_line' id='line_1_4' title="bbox 404 323 2039 370; baseline -0.004 -11"><span class='ocrx_word' id='word_1_34' title='bbox 404 329 506 370; x_wconf 88' lang='lat' dir='ltr'>ipsum</span> <span class='ocrx_word' id='word_1_35' title='bbox 525 328 687 358; x_wconf 90' lang='lat' dir='ltr'>dominum</span> <span class='ocrx_word' id='word_1_36' title='bbox 706 326 894 358; x_wconf 64' lang='lat' dir='ltr'>Matheumb</span> <span class='ocrx_word' id='word_1_37' title='bbox 919 326 1045 356; x_wconf 89' lang='lat' dir='ltr'>nomine</span> <span class='ocrx_word' id='word_1_38' title='bbox 1064 328 1171 355; x_wconf 89' lang='lat' dir='ltr'>nostro</span> <span class='ocrx_word' id='word_1_39' title='bbox 1196 334 1251 366; x_wconf 90' lang='lat' dir='ltr'>per</span> <span class='ocrx_word' id='word_1_40' title='bbox 1268 324 1418 354; x_wconf 80' lang='lat' dir='ltr'>Tusciam</span> <span class='ocrx_word' id='word_1_41' title='bbox 1444 324 1595 354; x_wconf 85' lang='lat' dir='ltr'>vicariurn</span> <span class='ocrx_word' id='word_1_42' title='bbox 1621 323 1833 353; x_wconf 83' lang='lat' dir='ltr'>constituendi</span> <span class='ocrx_word' id='word_1_43' title='bbox 1856 328 1911 354; x_wconf 86' lang='lat' dir='ltr'>acc</span> <span class='ocrx_word' id='word_1_44' title='bbox 1936 324 2039 364; x_wconf 87' lang='lat' dir='ltr'>ipsum</span> 
     </span>
     <span class='ocr_line' id='line_1_5' title="bbox 405 375 2037 422; baseline -0.004 -11"><span class='ocrx_word' id='word_1_45' title='bbox 405 381 435 411; x_wconf 91' lang='lat' dir='ltr'>in</span> <span class='ocrx_word' id='word_1_46' title='bbox 470 380 709 422; x_wconf 85' lang='lat' dir='ltr'>possessionem</span> <span class='ocrx_word' id='word_1_47' title='bbox 746 379 926 418; x_wconf 84' lang='lat' dir='ltr'>civitatum,</span> <span class='ocrx_word' id='word_1_48' title='bbox 963 377 1148 419; x_wconf 89' lang='lat' dir='ltr'>opidorum,</span> <span class='ocrx_word' id='word_1_49' title='bbox 1184 380 1377 412; x_wconf 84' lang='lat' dir='ltr'>castrorum,</span> <span class='ocrx_word' id='word_1_50' title='bbox 1409 376 1554 406; x_wconf 89' lang='lat' dir='ltr'>villarum</span> <span class='ocrx_word' id='word_1_51' title='bbox 1586 378 1617 405; x_wconf 88' lang='lat' dir='ltr'>et</span> <span class='ocrx_word' id='word_1_52' title='bbox 1647 375 1863 405; x_wconf 85' lang='lat' dir='ltr'>municionum</span> <span class='ocrx_word' id='word_1_53' title='bbox 1889 385 2037 416; x_wconf 87' lang='lat' dir='ltr'>quarum-</span> 
     </span>
     <span class='ocr_line' id='line_1_6' title="bbox 404 426 2041 473; baseline -0.004 -10"><span class='ocrx_word' id='word_1_54' title='bbox 404 442 528 473; x_wconf 81' lang='lat' dir='ltr'>cunque</span> <span class='ocrx_word' id='word_1_55' title='bbox 552 436 703 472; x_wconf 83' lang='lat' dir='ltr'>tanquam</span> <span class='ocrx_word' id='word_1_56' title='bbox 728 433 869 461; x_wconf 82' lang='lat' dir='ltr'>nostrum</span> <span class='ocrx_word' id='word_1_57' title='bbox 895 430 1046 460; x_wconf 85' lang='lat' dir='ltr'>vicarium</span> <span class='ocrx_word' id='word_1_58' title='bbox 1071 428 1233 468; x_wconf 85' lang='lat' dir='ltr'>mittendi,</span> <span class='ocrx_word' id='word_1_59' title='bbox 1259 438 1383 459; x_wconf 80' lang='lat' dir='ltr'>necnon</span> <span class='ocrx_word' id='word_1_60' title='bbox 1415 427 1553 458; x_wconf 87' lang='lat' dir='ltr'>faciendi</span> <span class='ocrx_word' id='word_1_61' title='bbox 1588 430 1619 457; x_wconf 89' lang='lat' dir='ltr'>et</span> <span class='ocrx_word' id='word_1_62' title='bbox 1648 426 1836 468; x_wconf 85' lang='lat' dir='ltr'>acceptandi</span> <span class='ocrx_word' id='word_1_63' title='bbox 1861 430 1893 457; x_wconf 88' lang='lat' dir='ltr'>et</span> <span class='ocrx_word' id='word_1_64' title='bbox 1917 426 1947 456; x_wconf 88' lang='lat' dir='ltr'>in</span> <span class='ocrx_word' id='word_1_65' title='bbox 1972 426 2041 456; x_wconf 87' lang='lat' dir='ltr'>ani-</span> 
     </span>
     <span class='ocr_line' id='line_1_7' title="bbox 405 478 2040 519; baseline -0.004 -5"><span class='ocrx_word' id='word_1_66' title='bbox 405 494 489 514; x_wconf 88' lang='lat' dir='ltr'>mam</span> <span class='ocrx_word' id='word_1_67' title='bbox 514 488 653 514; x_wconf 86' lang='lat' dir='ltr'>nostram</span> <span class='ocrx_word' id='word_1_68' title='bbox 680 482 820 519; x_wconf 90' lang='lat' dir='ltr'>iurandi,</span> <span class='ocrx_word' id='word_1_69' title='bbox 855 482 880 512; x_wconf 94' lang='lat' dir='ltr'>si</span> <span class='ocrx_word' id='word_1_70' title='bbox 909 492 1041 512; x_wconf 86' lang='lat' dir='ltr'>necesse</span> <span class='ocrx_word' id='word_1_71' title='bbox 1072 481 1182 516; x_wconf 82' lang='lat' dir='ltr'>fuerit,</span> <span class='ocrx_word' id='word_1_72' title='bbox 1216 484 1246 511; x_wconf 87' lang='lat' dir='ltr'>et</span> <span class='ocrx_word' id='word_1_73' title='bbox 1274 479 1419 510; x_wconf 88' lang='lat' dir='ltr'>firmandi</span> <span class='ocrx_word' id='word_1_74' title='bbox 1449 489 1485 510; x_wconf 85' lang='lat' dir='ltr'>ac</span> <span class='ocrx_word' id='word_1_75' title='bbox 1510 478 1695 509; x_wconf 78' lang='lat' dir='ltr'>stabiliendi</span> <span class='ocrx_word' id='word_1_76' title='bbox 1720 479 1824 508; x_wconf 86' lang='lat' dir='ltr'>onmia</span> <span class='ocrx_word' id='word_1_77' title='bbox 1848 481 1879 508; x_wconf 88' lang='lat' dir='ltr'>et</span> <span class='ocrx_word' id='word_1_78' title='bbox 1903 478 2040 518; x_wconf 85' lang='lat' dir='ltr'>singula,</span> 
     </span>
     <span class='ocr_line' id='line_1_8' title="bbox 405 529 2041 577; baseline -0.005 -10"><span class='ocrx_word' id='word_1_79' title='bbox 405 547 465 577; x_wconf 91' lang='lat' dir='ltr'>que</span> <span class='ocrx_word' id='word_1_80' title='bbox 491 536 575 566; x_wconf 91' lang='lat' dir='ltr'>circa</span> <span class='ocrx_word' id='word_1_81' title='bbox 599 534 717 566; x_wconf 86' lang='lat' dir='ltr'>dictam</span> <span class='ocrx_word' id='word_1_82' title='bbox 741 538 859 565; x_wconf 89' lang='lat' dir='ltr'>terram</span> <span class='ocrx_word' id='word_1_83' title='bbox 885 533 1002 564; x_wconf 86' lang='lat' dir='ltr'>Tuscie</span> <span class='ocrx_word' id='word_1_84' title='bbox 1028 533 1080 564; x_wconf 91' lang='lat' dir='ltr'>vel</span> <span class='ocrx_word' id='word_1_85' title='bbox 1104 532 1291 563; x_wconf 86' lang='lat' dir='ltr'>vicariatum</span> <span class='ocrx_word' id='word_1_86' title='bbox 1316 531 1461 562; x_wconf 87' lang='lat' dir='ltr'>eiusdem</span> <span class='ocrx_word' id='word_1_87' title='bbox 1487 541 1558 561; x_wconf 88' lang='lat' dir='ltr'>cum</span> <span class='ocrx_word' id='word_1_88' title='bbox 1583 530 1727 572; x_wconf 89' lang='lat' dir='ltr'>predicto</span> <span class='ocrx_word' id='word_1_89' title='bbox 1746 530 1872 560; x_wconf 89' lang='lat' dir='ltr'>domino</span> <span class='ocrx_word' id='word_1_90' title='bbox 1890 529 2041 560; x_wconf 80' lang='lat' dir='ltr'>Matheod</span> 
     </span>
     <span class='ocr_line' id='line_1_9' title="bbox 406 576 2042 622; baseline -0.004 -4"><span class='ocrx_word' id='word_1_91' title='bbox 406 589 525 619; x_wconf 86' lang='lat' dir='ltr'>fuerint</span> <span class='ocrx_word' id='word_1_92' title='bbox 541 586 697 621; x_wconf 74' lang='lat' dir='ltr'>facienda,</span> <span class='ocrx_word' id='word_1_93' title='bbox 722 585 887 621; x_wconf 77' lang='lat' dir='ltr'>firmanda,</span> <span class='ocrx_word' id='word_1_94' title='bbox 914 576 1106 616; x_wconf 81' lang='lat' dir='ltr'>stabilienda</span> <span class='ocrx_word' id='word_1_95' title='bbox 1130 595 1167 615; x_wconf 89' lang='lat' dir='ltr'>ac</span> <span class='ocrx_word' id='word_1_96' title='bbox 1192 584 1292 615; x_wconf 87' lang='lat' dir='ltr'>eciam</span> <span class='ocrx_word' id='word_1_97' title='bbox 1320 582 1506 620; x_wconf 85' lang='lat' dir='ltr'>ordinanda,</span> <span class='ocrx_word' id='word_1_98' title='bbox 1531 583 1632 613; x_wconf 88' lang='lat' dir='ltr'>eciam</span> <span class='ocrx_word' id='word_1_99' title='bbox 1657 581 1683 612; x_wconf 86' lang='lat' dir='ltr'>si</span> <span class='ocrx_word' id='word_1_100' title='bbox 1707 581 1890 612; x_wconf 89' lang='lat' dir='ltr'>mandatum</span> <span class='ocrx_word' id='word_1_101' title='bbox 1908 582 2042 622; x_wconf 81' lang='lat' dir='ltr'>exigant</span> 
     </span>
     <span class='ocr_line' id='line_1_10' title="bbox 404 633 2040 682; baseline -0.004 -11"><span class='ocrx_word' id='word_1_102' title='bbox 404 640 555 682; x_wconf 82' lang='lat' dir='ltr'>speciale.</span> <span class='ocrx_word' id='word_1_103' title='bbox 603 637 721 669; x_wconf 82' lang='lat' dir='ltr'>Ratum</span> <span class='ocrx_word' id='word_1_104' title='bbox 753 641 784 668; x_wconf 89' lang='lat' dir='ltr'>et</span> <span class='ocrx_word' id='word_1_105' title='bbox 808 640 933 679; x_wconf 85' lang='lat' dir='ltr'>gratum</span> <span class='ocrx_word' id='word_1_106' title='bbox 958 636 1098 667; x_wconf 89' lang='lat' dir='ltr'>habituri</span> <span class='ocrx_word' id='word_1_107' title='bbox 1127 635 1277 677; x_wconf 88' lang='lat' dir='ltr'>quicquid</span> <span class='ocrx_word' id='word_1_108' title='bbox 1301 635 1385 666; x_wconf 89' lang='lat' dir='ltr'>idem</span> <span class='ocrx_word' id='word_1_109' title='bbox 1410 635 1578 676; x_wconf 86' lang='lat' dir='ltr'>episcopus</span> <span class='ocrx_word' id='word_1_110' title='bbox 1602 634 1804 672; x_wconf 76' lang='lat' dir='ltr'>tractaverit,</span> <span class='ocrx_word' id='word_1_111' title='bbox 1835 633 2040 671; x_wconf 77' lang='lat' dir='ltr'>ordinaverit,</span> 
     </span>
     <span class='ocr_line' id='line_1_11' title="bbox 405 685 2039 732; baseline -0.004 -10"><span class='ocrx_word' id='word_1_112' title='bbox 405 691 530 727; x_wconf 80' lang='lat' dir='ltr'>fecerit,</span> <span class='ocrx_word' id='word_1_113' title='bbox 565 690 724 732; x_wconf 81' lang='lat' dir='ltr'>pepigerit</span> <span class='ocrx_word' id='word_1_114' title='bbox 754 699 790 720; x_wconf 85' lang='lat' dir='ltr'>ac</span> <span class='ocrx_word' id='word_1_115' title='bbox 825 688 998 719; x_wconf 85' lang='lat' dir='ltr'>firmaverit</span> <span class='ocrx_word' id='word_1_116' title='bbox 1031 688 1063 719; x_wconf 90' lang='lat' dir='ltr'>in</span> <span class='ocrx_word' id='word_1_117' title='bbox 1097 687 1275 730; x_wconf 79' lang='lat' dir='ltr'>premissis,</span> <span class='ocrx_word' id='word_1_118' title='bbox 1370 687 1406 717; x_wconf 94' lang='lat' dir='ltr'>In</span> <span class='ocrx_word' id='word_1_119' title='bbox 1443 686 1532 717; x_wconf 88' lang='lat' dir='ltr'>cuius</span> <span class='ocrx_word' id='word_1_120' title='bbox 1567 685 1614 716; x_wconf 88' lang='lat' dir='ltr'>rei</span> <span class='ocrx_word' id='word_1_121' title='bbox 1646 685 1864 716; x_wconf 89' lang='lat' dir='ltr'>testimonium</span> <span class='ocrx_word' id='word_1_122' title='bbox 1904 695 2039 727; x_wconf 84' lang='lat' dir='ltr'>presens</span> 
     </span>
     <span class='ocr_line' id='line_1_12' title="bbox 406 737 1783 784; baseline -0.004 -10"><span class='ocrx_word' id='word_1_123' title='bbox 406 743 559 784; x_wconf 88' lang='lat' dir='ltr'>scriptum</span> <span class='ocrx_word' id='word_1_124' title='bbox 584 741 701 773; x_wconf 84' lang='lat' dir='ltr'>exinde</span> <span class='ocrx_word' id='word_1_125' title='bbox 726 741 884 772; x_wconf 82' lang='lat' dir='ltr'>conscribi</span> <span class='ocrx_word' id='word_1_126' title='bbox 909 744 942 772; x_wconf 91' lang='lat' dir='ltr'>et</span> <span class='ocrx_word' id='word_1_127' title='bbox 964 740 1143 771; x_wconf 83' lang='lat' dir='ltr'>maiestatis</span> <span class='ocrx_word' id='word_1_128' title='bbox 1167 743 1275 770; x_wconf 88' lang='lat' dir='ltr'>nostre</span> <span class='ocrx_word' id='word_1_129' title='bbox 1301 738 1403 780; x_wconf 85' lang='lat' dir='ltr'>sigillo</span> <span class='ocrx_word' id='word_1_130' title='bbox 1427 738 1562 769; x_wconf 82' lang='lat' dir='ltr'>fecimus</span> <span class='ocrx_word' id='word_1_131' title='bbox 1587 737 1783 769; x_wconf 89' lang='lat' dir='ltr'>communiri.</span> 
     </span>
    </p>

    <p class='ocr_par' dir='ltr' id='par_1_3' title="bbox 407 788 2041 887">
     <span class='ocr_line' id='line_1_13' title="bbox 511 788 2041 835; baseline -0.003 -11"><span class='ocrx_word' id='word_1_132' title='bbox 511 794 632 825; x_wconf 85' lang='lat' dir='ltr'>Datum</span> <span class='ocrx_word' id='word_1_133' title='bbox 656 793 687 824; x_wconf 92' lang='lat' dir='ltr'>in</span> <span class='ocrx_word' id='word_1_134' title='bbox 713 794 890 835; x_wconf 65' lang='lat' dir='ltr'>Augustae,</span> <span class='ocrx_word' id='word_1_135' title='bbox 915 792 987 823; x_wconf 87' lang='lat' dir='ltr'>Kal.</span> <span class='ocrx_word' id='word_1_136' title='bbox 1006 791 1190 829; x_wconf 84' lang='lat' dir='ltr'>Februarii,</span> <span class='ocrx_word' id='word_1_137' title='bbox 1219 791 1396 822; x_wconf 89' lang='lat' dir='ltr'>indiccione</span> <span class='ocrx_word' id='word_1_138' title='bbox 1421 790 1537 830; x_wconf 80' lang='lat' dir='ltr'>XIIII,</span> <span class='ocrx_word' id='word_1_139' title='bbox 1563 800 1645 821; x_wconf 89' lang='lat' dir='ltr'>anno</span> <span class='ocrx_word' id='word_1_140' title='bbox 1669 789 1799 820; x_wconf 89' lang='lat' dir='ltr'>Domini</span> <span class='ocrx_word' id='word_1_141' title='bbox 1825 788 2041 821; x_wconf 82' lang='lat' dir='ltr'>MGOLXXX</span> 
     </span>
     <span class='ocr_line' id='line_1_14' title="bbox 407 843 1254 887; baseline -0.005 -10"><span class='ocrx_word' id='word_1_142' title='bbox 407 846 526 885; x_wconf 72' lang='lat' dir='ltr'>sextof,</span> <span class='ocrx_word' id='word_1_143' title='bbox 551 846 640 887; x_wconf 87' lang='lat' dir='ltr'>regni</span> <span class='ocrx_word' id='word_1_144' title='bbox 666 855 741 876; x_wconf 88' lang='lat' dir='ltr'>vero</span> <span class='ocrx_word' id='word_1_145' title='bbox 766 845 866 876; x_wconf 88' lang='lat' dir='ltr'>nostri</span> <span class='ocrx_word' id='word_1_146' title='bbox 890 854 972 875; x_wconf 89' lang='lat' dir='ltr'>anno</span> <span class='ocrx_word' id='word_1_147' title='bbox 998 843 1254 875; x_wconf 46' lang='lat' dir='ltr'>terciodecimo&amp;</span> 
     </span>
    </p>
   </div>
   <div class='ocr_carea' id='block_1_3' title="bbox 532 988 1916 1024">
    <p class='ocr_par' dir='ltr' id='par_1_4' title="bbox 532 988 1916 1024">
     <span class='ocr_line' id='line_1_15' title="bbox 532 988 1916 1024; baseline -0.004 0"><span class='ocrx_word' id='word_1_148' title='bbox 532 992 608 1024; x_wconf 67' lang='lat'>379.</span> <span class='ocrx_word' id='word_1_149' title='bbox 632 991 911 1023; x_wconf 78' lang='lat' dir='ltr'><em>MANDATUM</em></span> <span class='ocrx_word' id='word_1_150' title='bbox 933 989 1232 1022; x_wconf 84' lang='lat' dir='ltr'>CIVITATIBUS</span> <span class='ocrx_word' id='word_1_151' title='bbox 1256 988 1453 1021; x_wconf 86' lang='lat' dir='ltr'>ITALIAE</span> <span class='ocrx_word' id='word_1_152' title='bbox 1473 988 1729 1020; x_wconf 77' lang='lat' dir='ltr'><em>DJRECTUM.</em></span> <span class='ocrx_word' id='word_1_153' title='bbox 1778 988 1868 1020; x_wconf 80' lang='lat' dir='ltr'>Febr.</span> <span class='ocrx_word' id='word_1_154' title='bbox 1888 989 1916 1018; x_wconf 88' lang='lat'>1.</span> 
     </span>
    </p>
   </div>
   <div class='ocr_carea' id='block_1_4' title="bbox 410 1048 2041 1196">
    <p class='ocr_par' dir='ltr' id='par_1_5' title="bbox 410 1048 2041 1196">
     <span class='ocr_line' id='line_1_16' title="bbox 517 1048 2041 1090; baseline -0.003 -6"><span class='ocrx_word' id='word_1_155' title='bbox 517 1053 680 1084; x_wconf 75' lang='lat' dir='ltr'>Servatum</span> <span class='ocrx_word' id='word_1_156' title='bbox 704 1052 815 1083; x_wconf 63' lang='lat' dir='ltr'>ibidem</span> <span class='ocrx_word' id='word_1_157' title='bbox 838 1051 1000 1090; x_wconf 74' lang='lat' dir='ltr'>descripsit</span> <span class='ocrx_word' id='word_1_158' title='bbox 1024 1050 1132 1082; x_wconf 63' lang='lat' dir='ltr'>Hei-re.</span> <span class='ocrx_word' id='word_1_159' title='bbox 1180 1049 1327 1090; x_wconf 60' lang='lat' dir='ltr'>Sigillum</span> <span class='ocrx_word' id='word_1_160' title='bbox 1351 1050 1414 1080; x_wconf 71' lang='lat' dir='ltr'>iam</span> <span class='ocrx_word' id='word_1_161' title='bbox 1438 1049 1525 1079; x_wconf 65' lang='lat' dir='ltr'>deest,</span> <span class='ocrx_word' id='word_1_162' title='bbox 1577 1048 1624 1086; x_wconf 82' lang='lat' dir='ltr'>C&#39;f.</span> <span class='ocrx_word' id='word_1_163' title='bbox 1650 1049 1744 1079; x_wconf 79' lang='lat' dir='ltr'>etiam</span> <span class='ocrx_word' id='word_1_164' title='bbox 1767 1048 1833 1079; x_wconf 79' lang='lat' dir='ltr'>alia</span> <span class='ocrx_word' id='word_1_165' title='bbox 1856 1051 1928 1079; x_wconf 76' lang='lat' dir='ltr'>acta</span> <span class='ocrx_word' id='word_1_166' title='bbox 1949 1049 2041 1080; x_wconf 77' lang='lat' dir='ltr'>varia</span> 
     </span>
     <span class='ocr_line' id='line_1_17' title="bbox 411 1100 2039 1144; baseline -0.003 -7"><span class='ocrx_word' id='word_1_167' title='bbox 411 1106 506 1137; x_wconf 77' lang='lat' dir='ltr'>huius</span> <span class='ocrx_word' id='word_1_168' title='bbox 539 1105 700 1144; x_wconf 70' lang='lat' dir='ltr'>leyationis</span> <span class='ocrx_word' id='word_1_169' title='bbox 735 1104 808 1143; x_wconf 62' lang='lat' dir='ltr'>Ray.</span> <span class='ocrx_word' id='word_1_170' title='bbox 838 1104 910 1142; x_wconf 67' lang='lat' dir='ltr'>irrep.</span> <span class='ocrx_word' id='word_1_171' title='bbox 944 1102 997 1140; x_wconf 87' lang='lat' dir='ltr'>VI,</span> <span class='ocrx_word' id='word_1_172' title='bbox 1024 1103 1215 1134; x_wconf 70' lang='lat'><em>1930—82.</em></span> <span class='ocrx_word' id='word_1_173' title='bbox 1251 1102 1438 1132; x_wconf 64' lang='lat'><em>1935—88.</em></span> <span class='ocrx_word' id='word_1_174' title='bbox 1475 1101 1662 1131; x_wconf 79' lang='lat'><em>1991—96.</em></span> <span class='ocrx_word' id='word_1_175' title='bbox 1701 1119 1738 1122; x_wconf 97' lang='lat'><strong>—</strong></span> <span class='ocrx_word' id='word_1_176' title='bbox 1777 1100 1926 1138; x_wconf 73' lang='lat' dir='ltr'>Biihmer,</span> <span class='ocrx_word' id='word_1_177' title='bbox 1966 1100 2039 1140; x_wconf 63' lang='lat' dir='ltr'>Rea.</span> 
     </span>
     <span class='ocr_line' id='line_1_18' title="bbox 410 1151 1935 1196; baseline -0.003 -8"><span class='ocrx_word' id='word_1_178' title='bbox 410 1158 482 1196; x_wconf 70' lang='lat' dir='ltr'>imp.</span> <span class='ocrx_word' id='word_1_179' title='bbox 504 1157 555 1195; x_wconf 81' lang='lat' dir='ltr'>VI,</span> <span class='ocrx_word' id='word_1_180' title='bbox 574 1157 666 1187; x_wconf 76' lang='lat'><em>1978.</em></span> <span class='ocrx_word' id='word_1_181' title='bbox 1751 1151 1805 1191; x_wconf 89' lang='lat' dir='ltr'>(P.</span> <span class='ocrx_word' id='word_1_182' title='bbox 1829 1152 1935 1192; x_wconf 73' lang='lat' dir='ltr'>deest.)</span> 
     </span>
    </p>
   </div>
   <div class='ocr_carea' id='block_1_5' title="bbox 407 1239 2044 1851">
    <p class='ocr_par' dir='ltr' id='par_1_6' title="bbox 407 1239 2043 1378">
     <span class='ocr_line' id='line_1_19' title="bbox 520 1239 2043 1283; baseline -0.003 -9"><span class='ocrx_word' id='word_1_183' title='bbox 520 1243 679 1274; x_wconf 83' lang='lat' dir='ltr'>Rudolfus</span> <span class='ocrx_word' id='word_1_184' title='bbox 703 1242 765 1273; x_wconf 91' lang='lat' dir='ltr'>Dei</span> <span class='ocrx_word' id='word_1_185' title='bbox 790 1242 899 1283; x_wconf 80' lang='lat' dir='ltr'>gracia</span> <span class='ocrx_word' id='word_1_186' title='bbox 923 1241 1140 1272; x_wconf 82' lang='lat' dir='ltr'>Romanorum</span> <span class='ocrx_word' id='word_1_187' title='bbox 1169 1251 1227 1270; x_wconf 83' lang='lat' dir='ltr'>rex</span> <span class='ocrx_word' id='word_1_188' title='bbox 1256 1250 1382 1281; x_wconf 84' lang='lat' dir='ltr'>semper</span> <span class='ocrx_word' id='word_1_189' title='bbox 1411 1242 1567 1280; x_wconf 85' lang='lat' dir='ltr'>augustus</span> <span class='ocrx_word' id='word_1_190' title='bbox 1590 1239 1749 1270; x_wconf 88' lang='lat' dir='ltr'>universis</span> <span class='ocrx_word' id='word_1_191' title='bbox 1781 1239 1963 1270; x_wconf 69' lang='lat' dir='ltr'>civrtatibus</span> <span class='ocrx_word' id='word_1_192' title='bbox 1986 1249 2043 1281; x_wconf 86' lang='lat' dir='ltr'>per</span> 
     </span>
     <span class='ocr_line' id='line_1_20' title="bbox 407 1290 2043 1333; baseline -0.003 -7"><span class='ocrx_word' id='word_1_193' title='bbox 407 1295 550 1333; x_wconf 81' lang='lat' dir='ltr'>Italiam,</span> <span class='ocrx_word' id='word_1_194' title='bbox 581 1295 730 1325; x_wconf 84' lang='lat' dir='ltr'>Tusciam</span> <span class='ocrx_word' id='word_1_195' title='bbox 764 1298 796 1324; x_wconf 90' lang='lat' dir='ltr'>et</span> <span class='ocrx_word' id='word_1_196' title='bbox 826 1293 1047 1324; x_wconf 82' lang='lat' dir='ltr'>Romaniolam</span> <span class='ocrx_word' id='word_1_197' title='bbox 1077 1293 1142 1323; x_wconf 88' lang='lat' dir='ltr'>suis</span> <span class='ocrx_word' id='word_1_198' title='bbox 1170 1295 1202 1323; x_wconf 91' lang='lat' dir='ltr'>et</span> <span class='ocrx_word' id='word_1_199' title='bbox 1233 1292 1357 1333; x_wconf 87' lang='lat' dir='ltr'>imperii</span> <span class='ocrx_word' id='word_1_200' title='bbox 1380 1291 1518 1322; x_wconf 86' lang='lat' dir='ltr'>Romani</span> <span class='ocrx_word' id='word_1_201' title='bbox 1549 1290 1699 1322; x_wconf 87' lang='lat' dir='ltr'>fidelibus</span> <span class='ocrx_word' id='word_1_202' title='bbox 1727 1291 1866 1332; x_wconf 88' lang='lat' dir='ltr'>graciam</span> <span class='ocrx_word' id='word_1_203' title='bbox 1896 1301 1986 1322; x_wconf 89' lang='lat' dir='ltr'>suam</span> <span class='ocrx_word' id='word_1_204' title='bbox 2011 1293 2043 1322; x_wconf 91' lang='lat' dir='ltr'>et</span> 
     </span>
     <span class='ocr_line' id='line_1_21' title="bbox 408 1347 653 1378; baseline -0.008 0"><span class='ocrx_word' id='word_1_205' title='bbox 408 1358 500 1378; x_wconf 88' lang='lat' dir='ltr'>omne</span> <span class='ocrx_word' id='word_1_206' title='bbox 524 1347 653 1377; x_wconf 90' lang='lat' dir='ltr'>bonum.</span> 
     </span>
    </p>

    <p class='ocr_par' dir='ltr' id='par_1_7' title="bbox 408 1395 2044 1851">
     <span class='ocr_line' id='line_1_22' title="bbox 516 1395 2040 1437; baseline -0.002 -9"><span class='ocrx_word' id='word_1_207' title='bbox 516 1398 594 1429; x_wconf 89' lang='lat' dir='ltr'>Cum</span> <span class='ocrx_word' id='word_1_208' title='bbox 631 1409 688 1428; x_wconf 90' lang='lat' dir='ltr'>nos</span> <span class='ocrx_word' id='word_1_209' title='bbox 723 1397 941 1428; x_wconf 89' lang='lat' dir='ltr'>venerabilem</span> <span class='ocrx_word' id='word_1_210' title='bbox 977 1396 1018 1427; x_wconf 90' lang='lat' dir='ltr'>H.</span> <span class='ocrx_word' id='word_1_211' title='bbox 1058 1397 1271 1427; x_wconf 85' lang='lat' dir='ltr'>Basiliensem</span> <span class='ocrx_word' id='word_1_212' title='bbox 1315 1396 1502 1437; x_wconf 88' lang='lat' dir='ltr'>episcopum</span> <span class='ocrx_word' id='word_1_213' title='bbox 1546 1396 1720 1437; x_wconf 83' lang='lat' dir='ltr'>principem</span> <span class='ocrx_word' id='word_1_214' title='bbox 1763 1398 1795 1426; x_wconf 91' lang='lat' dir='ltr'>et</span> <span class='ocrx_word' id='word_1_215' title='bbox 1833 1395 2040 1426; x_wconf 87' lang='lat' dir='ltr'>secretarium</span> 
     </span>
     <span class='ocr_line' id='line_1_23' title="bbox 410 1447 2043 1489; baseline -0.002 -9"><span class='ocrx_word' id='word_1_216' title='bbox 410 1453 555 1481; x_wconf 81' lang='lat' dir='ltr'>nostrum</span> <span class='ocrx_word' id='word_1_217' title='bbox 582 1449 796 1487; x_wconf 80' lang='lat' dir='ltr'>karissimum,</span> <span class='ocrx_word' id='word_1_218' title='bbox 821 1450 910 1479; x_wconf 89' lang='lat' dir='ltr'>cuius</span> <span class='ocrx_word' id='word_1_219' title='bbox 935 1449 1020 1479; x_wconf 86' lang='lat' dir='ltr'>clara</span> <span class='ocrx_word' id='word_1_220' title='bbox 1044 1449 1123 1479; x_wconf 85' lang='lat' dir='ltr'>fides</span> <span class='ocrx_word' id='word_1_221' title='bbox 1148 1451 1180 1478; x_wconf 90' lang='lat' dir='ltr'>et</span> <span class='ocrx_word' id='word_1_222' title='bbox 1203 1448 1330 1478; x_wconf 82' lang='lat' dir='ltr'>fervens</span> <span class='ocrx_word' id='word_1_223' title='bbox 1348 1447 1479 1478; x_wconf 87' lang='lat' dir='ltr'>devocio</span> <span class='ocrx_word' id='word_1_224' title='bbox 1504 1458 1581 1488; x_wconf 80' lang='lat' dir='ltr'>erga</span> <span class='ocrx_word' id='word_1_225' title='bbox 1605 1458 1662 1478; x_wconf 91' lang='lat' dir='ltr'>nos</span> <span class='ocrx_word' id='word_1_226' title='bbox 1686 1450 1717 1478; x_wconf 85' lang='lat' dir='ltr'>et</span> <span class='ocrx_word' id='word_1_227' title='bbox 1734 1458 1859 1478; x_wconf 84' lang='lat' dir='ltr'>sacrum</span> <span class='ocrx_word' id='word_1_228' title='bbox 1876 1447 2043 1489; x_wconf 87' lang='lat' dir='ltr'>imperium</span> 
     </span>
     <span class='ocr_line' id='line_1_24' title="bbox 408 1499 2041 1541; baseline -0.002 -9"><span class='ocrx_word' id='word_1_229' title='bbox 408 1501 589 1532; x_wconf 88' lang='lat' dir='ltr'>Romanum</span> <span class='ocrx_word' id='word_1_230' title='bbox 615 1500 653 1531; x_wconf 90' lang='lat' dir='ltr'>ad</span> <span class='ocrx_word' id='word_1_231' title='bbox 679 1501 778 1531; x_wconf 86' lang='lat' dir='ltr'>instar</span> <span class='ocrx_word' id='word_1_232' title='bbox 801 1501 949 1531; x_wconf 89' lang='lat' dir='ltr'>luminosi</span> <span class='ocrx_word' id='word_1_233' title='bbox 975 1500 1167 1531; x_wconf 79' lang='lat' dir='ltr'>choruscant</span> <span class='ocrx_word' id='word_1_234' title='bbox 1191 1499 1318 1530; x_wconf 80' lang='lat' dir='ltr'>sideris.</span> <span class='ocrx_word' id='word_1_235' title='bbox 1350 1510 1406 1541; x_wconf 87' lang='lat' dir='ltr'>pro</span> <span class='ocrx_word' id='word_1_236' title='bbox 1432 1499 1549 1530; x_wconf 80' lang='lat' dir='ltr'>nostris</span> <span class='ocrx_word' id='word_1_237' title='bbox 1575 1503 1607 1530; x_wconf 91' lang='lat' dir='ltr'>et</span> <span class='ocrx_word' id='word_1_238' title='bbox 1630 1499 1728 1541; x_wconf 91' lang='lat' dir='ltr'>ipsius</span> <span class='ocrx_word' id='word_1_239' title='bbox 1753 1499 1876 1540; x_wconf 87' lang='lat' dir='ltr'>imperii</span> <span class='ocrx_word' id='word_1_240' title='bbox 1901 1499 2041 1540; x_wconf 86' lang='lat' dir='ltr'>negociis</span> 
     </span>
     <span class='ocr_line' id='line_1_25' title="bbox 410 1550 2041 1594; baseline -0.002 -11"><span class='ocrx_word' id='word_1_241' title='bbox 410 1553 449 1584; x_wconf 86' lang='lat' dir='ltr'>ad</span> <span class='ocrx_word' id='word_1_242' title='bbox 475 1553 575 1594; x_wconf 81' lang='lat' dir='ltr'>pedes</span> <span class='ocrx_word' id='word_1_243' title='bbox 600 1552 793 1583; x_wconf 80' lang='lat' dir='ltr'>sanctissimi</span> <span class='ocrx_word' id='word_1_244' title='bbox 818 1552 916 1593; x_wconf 88' lang='lat' dir='ltr'>patris</span> <span class='ocrx_word' id='word_1_245' title='bbox 942 1552 1040 1582; x_wconf 89' lang='lat' dir='ltr'>nostri</span> <span class='ocrx_word' id='word_1_246' title='bbox 1073 1551 1192 1581; x_wconf 85' lang='lat' dir='ltr'>domini</span> <span class='ocrx_word' id='word_1_247' title='bbox 1217 1550 1352 1581; x_wconf 83' lang='lat' dir='ltr'>Honorii</span> <span class='ocrx_word' id='word_1_248' title='bbox 1387 1551 1501 1581; x_wconf 87' lang='lat' dir='ltr'>summi</span> <span class='ocrx_word' id='word_1_249' title='bbox 1531 1550 1689 1592; x_wconf 89' lang='lat' dir='ltr'>pontificis</span> <span class='ocrx_word' id='word_1_250' title='bbox 1719 1550 1909 1591; x_wconf 82' lang='lat' dir='ltr'>dirigamus,</span> <span class='ocrx_word' id='word_1_251' title='bbox 1939 1550 2041 1581; x_wconf 82' lang='lat' dir='ltr'>fideli-</span> 
     </span>
     <span class='ocr_line' id='line_1_26' title="bbox 411 1602 2041 1644; baseline -0.001 -9"><span class='ocrx_word' id='word_1_252' title='bbox 411 1608 509 1635; x_wconf 79' lang='lat' dir='ltr'>tatem</span> <span class='ocrx_word' id='word_1_253' title='bbox 534 1609 682 1639; x_wconf 84' lang='lat' dir='ltr'>vestram,</span> <span class='ocrx_word' id='word_1_254' title='bbox 707 1604 746 1634; x_wconf 86' lang='lat' dir='ltr'>de</span> <span class='ocrx_word' id='word_1_255' title='bbox 771 1615 832 1644; x_wconf 87' lang='lat' dir='ltr'>qua</span> <span class='ocrx_word' id='word_1_256' title='bbox 856 1603 971 1634; x_wconf 85' lang='lat' dir='ltr'>fiducie</span> <span class='ocrx_word' id='word_1_257' title='bbox 995 1602 1228 1644; x_wconf 85' lang='lat' dir='ltr'>plenitudinem</span> <span class='ocrx_word' id='word_1_258' title='bbox 1254 1602 1451 1639; x_wconf 71' lang='lat' dir='ltr'>obtinemus,</span> <span class='ocrx_word' id='word_1_259' title='bbox 1476 1602 1653 1633; x_wconf 85' lang='lat' dir='ltr'>affectuose</span> <span class='ocrx_word' id='word_1_260' title='bbox 1678 1603 1868 1643; x_wconf 86' lang='lat' dir='ltr'>requirimus</span> <span class='ocrx_word' id='word_1_261' title='bbox 1893 1605 1925 1634; x_wconf 88' lang='lat' dir='ltr'>et</span> <span class='ocrx_word' id='word_1_262' title='bbox 1948 1613 2041 1644; x_wconf 86' lang='lat' dir='ltr'>roga-</span> 
     </span>
     <span class='ocr_line' id='line_1_27' title="bbox 411 1653 2044 1697; baseline -0.001 -11"><span class='ocrx_word' id='word_1_263' title='bbox 411 1667 490 1692; x_wconf 77' lang='lat' dir='ltr'>muS,</span> <span class='ocrx_word' id='word_1_264' title='bbox 516 1656 665 1697; x_wconf 84' lang='lat' dir='ltr'>quatinus</span> <span class='ocrx_word' id='word_1_265' title='bbox 691 1655 867 1697; x_wconf 84' lang='lat' dir='ltr'>predictum</span> <span class='ocrx_word' id='word_1_266' title='bbox 893 1658 1036 1685; x_wconf 86' lang='lat' dir='ltr'>nostrum</span> <span class='ocrx_word' id='word_1_267' title='bbox 1056 1655 1231 1695; x_wconf 87' lang='lat' dir='ltr'>principem</span> <span class='ocrx_word' id='word_1_268' title='bbox 1257 1654 1289 1684; x_wconf 89' lang='lat' dir='ltr'>in</span> <span class='ocrx_word' id='word_1_269' title='bbox 1307 1654 1424 1684; x_wconf 87' lang='lat' dir='ltr'>nostris</span> <span class='ocrx_word' id='word_1_270' title='bbox 1443 1653 1576 1694; x_wconf 81' lang='lat' dir='ltr'>agendis</span> <span class='ocrx_word' id='word_1_271' title='bbox 1601 1657 1633 1684; x_wconf 86' lang='lat' dir='ltr'>et</span> <span class='ocrx_word' id='word_1_272' title='bbox 1649 1654 1773 1695; x_wconf 88' lang='lat' dir='ltr'>imperii</span> <span class='ocrx_word' id='word_1_273' title='bbox 1792 1654 1881 1684; x_wconf 90' lang='lat' dir='ltr'>vobis</span> <span class='ocrx_word' id='word_1_274' title='bbox 1899 1654 2044 1685; x_wconf 88' lang='lat' dir='ltr'>habeatis</span> 
     </span>
     <span class='ocr_line' id='line_1_28' title="bbox 410 1705 2042 1748; baseline -0.001 -10"><span class='ocrx_word' id='word_1_275' title='bbox 410 1708 547 1738; x_wconf 85' lang='lat' dir='ltr'>fideliter</span> <span class='ocrx_word' id='word_1_276' title='bbox 572 1707 811 1738; x_wconf 80' lang='lat' dir='ltr'>recommissum</span> <span class='ocrx_word' id='word_1_277' title='bbox 838 1711 871 1738; x_wconf 86' lang='lat' dir='ltr'>et</span> <span class='ocrx_word' id='word_1_278' title='bbox 896 1708 924 1737; x_wconf 88' lang='lat' dir='ltr'>ei</span> <span class='ocrx_word' id='word_1_279' title='bbox 950 1718 1004 1748; x_wconf 89' lang='lat' dir='ltr'>pro</span> <span class='ocrx_word' id='word_1_280' title='bbox 1030 1710 1140 1737; x_wconf 85' lang='lat' dir='ltr'>nostra</span> <span class='ocrx_word' id='word_1_281' title='bbox 1165 1706 1351 1736; x_wconf 81' lang='lat' dir='ltr'>reverencia</span> <span class='ocrx_word' id='word_1_282' title='bbox 1375 1705 1413 1736; x_wconf 86' lang='lat' dir='ltr'>de</span> <span class='ocrx_word' id='word_1_283' title='bbox 1445 1716 1557 1736; x_wconf 90' lang='lat' dir='ltr'>securo</span> <span class='ocrx_word' id='word_1_284' title='bbox 1588 1705 1764 1743; x_wconf 85' lang='lat' dir='ltr'>conductu,</span> <span class='ocrx_word' id='word_1_285' title='bbox 1792 1709 1887 1748; x_wconf 90' lang='lat' dir='ltr'>prout</span> <span class='ocrx_word' id='word_1_286' title='bbox 1911 1717 1929 1737; x_wconf 84' lang='lat' dir='ltr'>a</span> <span class='ocrx_word' id='word_1_287' title='bbox 1954 1706 2042 1736; x_wconf 82' lang='lat' dir='ltr'>vobis</span> 
     </span>
     <span class='ocr_line' id='line_1_29' title="bbox 411 1757 2044 1800; baseline -0.001 -11"><span class='ocrx_word' id='word_1_288' title='bbox 411 1759 609 1800; x_wconf 82' lang='lat' dir='ltr'>requisierit,</span> <span class='ocrx_word' id='word_1_289' title='bbox 644 1759 812 1800; x_wconf 87' lang='lat' dir='ltr'>providere</span> <span class='ocrx_word' id='word_1_290' title='bbox 843 1759 970 1789; x_wconf 86' lang='lat' dir='ltr'>curetis.</span> <span class='ocrx_word' id='word_1_291' title='bbox 1025 1758 1128 1800; x_wconf 85' lang='lat' dir='ltr'>Super</span> <span class='ocrx_word' id='word_1_292' title='bbox 1161 1758 1327 1799; x_wconf 82' lang='lat' dir='ltr'>premissis</span> <span class='ocrx_word' id='word_1_293' title='bbox 1360 1761 1468 1788; x_wconf 84' lang='lat' dir='ltr'>autem</span> <span class='ocrx_word' id='word_1_294' title='bbox 1503 1761 1535 1788; x_wconf 90' lang='lat' dir='ltr'>et</span> <span class='ocrx_word' id='word_1_295' title='bbox 1566 1757 1636 1787; x_wconf 91' lang='lat' dir='ltr'>aliis</span> <span class='ocrx_word' id='word_1_296' title='bbox 1665 1757 1771 1788; x_wconf 84' lang='lat' dir='ltr'>verbis</span> <span class='ocrx_word' id='word_1_297' title='bbox 1801 1757 1959 1794; x_wconf 81' lang='lat' dir='ltr'>eiusdem,</span> <span class='ocrx_word' id='word_1_298' title='bbox 1995 1757 2044 1787; x_wconf 89' lang='lat' dir='ltr'>cui</span> 
     </span>
     <span class='ocr_line' id='line_1_30' title="bbox 411 1809 2042 1851; baseline 0 -10"><span class='ocrx_word' id='word_1_299' title='bbox 411 1810 515 1841; x_wconf 83' lang='lat' dir='ltr'>cordis</span> <span class='ocrx_word' id='word_1_300' title='bbox 540 1811 639 1841; x_wconf 82' lang='lat' dir='ltr'>nostri</span> <span class='ocrx_word' id='word_1_301' title='bbox 665 1814 790 1841; x_wconf 86' lang='lat' dir='ltr'>secreta</span> <span class='ocrx_word' id='word_1_302' title='bbox 816 1813 930 1840; x_wconf 82' lang='lat' dir='ltr'>cuncta</span> <span class='ocrx_word' id='word_1_303' title='bbox 955 1813 1028 1840; x_wconf 89' lang='lat' dir='ltr'>sunt</span> <span class='ocrx_word' id='word_1_304' title='bbox 1052 1810 1195 1850; x_wconf 83' lang='lat' dir='ltr'>cognita,</span> <span class='ocrx_word' id='word_1_305' title='bbox 1219 1809 1314 1840; x_wconf 87' lang='lat' dir='ltr'>fidem</span> <span class='ocrx_word' id='word_1_306' title='bbox 1339 1809 1519 1840; x_wconf 86' lang='lat' dir='ltr'>adhibeatis</span> <span class='ocrx_word' id='word_1_307' title='bbox 1544 1809 1706 1840; x_wconf 88' lang='lat' dir='ltr'>credulam</span> <span class='ocrx_word' id='word_1_308' title='bbox 1732 1814 1892 1851; x_wconf 79' lang='lat' dir='ltr'>tamquam</span> <span class='ocrx_word' id='word_1_309' title='bbox 1917 1810 2042 1849; x_wconf 84' lang='lat' dir='ltr'>nostris,</span> 
     </span>
    </p>
   </div>
   <div class='ocr_carea' id='block_1_6' title="bbox 411 1861 2043 1945">
    <p class='ocr_par' dir='ltr' id='par_1_8' title="bbox 411 1861 2043 1945">
     <span class='ocr_line' id='line_1_31' title="bbox 411 1861 2043 1903; baseline -0.001 -10"><span class='ocrx_word' id='word_1_310' title='bbox 411 1863 517 1893; x_wconf 83' lang='lat' dir='ltr'>taliter</span> <span class='ocrx_word' id='word_1_311' title='bbox 541 1862 707 1902; x_wconf 81' lang='lat' dir='ltr'>facientes,</span> <span class='ocrx_word' id='word_1_312' title='bbox 732 1862 814 1903; x_wconf 89' lang='lat' dir='ltr'>quod</span> <span class='ocrx_word' id='word_1_313' title='bbox 839 1861 913 1892; x_wconf 84' lang='lat' dir='ltr'>fidei</span> <span class='ocrx_word' id='word_1_314' title='bbox 938 1865 1044 1893; x_wconf 85' lang='lat' dir='ltr'>vestre</span> <span class='ocrx_word' id='word_1_315' title='bbox 1070 1861 1358 1903; x_wconf 82' lang='lat' dir='ltr'>promptitudinem</span> <span class='ocrx_word' id='word_1_316' title='bbox 1383 1872 1445 1892; x_wconf 90' lang='lat' dir='ltr'>non</span> <span class='ocrx_word' id='word_1_317' title='bbox 1470 1862 1618 1892; x_wconf 88' lang='lat' dir='ltr'>inmerito</span> <span class='ocrx_word' id='word_1_318' title='bbox 1643 1864 1811 1892; x_wconf 85' lang='lat' dir='ltr'>teneamur</span> <span class='ocrx_word' id='word_1_319' title='bbox 1827 1861 2043 1902; x_wconf 89' lang='lat' dir='ltr'>multipliciter</span> 
     </span>
     <span class='ocr_line' id='line_1_32' title="bbox 415 1914 648 1945; baseline 0.004 -1"><span class='ocrx_word' id='word_1_320' title='bbox 415 1914 648 1945; x_wconf 81' lang='lat' dir='ltr'>commendare.</span> 
     </span>
    </p>
   </div>
   <div class='ocr_carea' id='block_1_7' title="bbox 411 1964 2043 2047">
    <p class='ocr_par' dir='ltr' id='par_1_9' title="bbox 411 1964 2043 2047">
     <span class='ocr_line' id='line_1_33' title="bbox 517 1964 2043 2007; baseline -0.001 -12"><span class='ocrx_word' id='word_1_321' title='bbox 517 1966 631 1996; x_wconf 85' lang='lat' dir='ltr'>Datum</span> <span class='ocrx_word' id='word_1_322' title='bbox 658 1966 818 2007; x_wconf 81' lang='lat' dir='ltr'>Auguste.</span> <span class='ocrx_word' id='word_1_323' title='bbox 844 1965 916 1998; x_wconf 85' lang='lat' dir='ltr'>Kal.</span> <span class='ocrx_word' id='word_1_324' title='bbox 941 1965 1052 2004; x_wconf 56' lang='lat' dir='ltr'>Febr„</span> <span class='ocrx_word' id='word_1_325' title='bbox 1077 1965 1138 1996; x_wconf 91' lang='lat' dir='ltr'>ind.</span> <span class='ocrx_word' id='word_1_326' title='bbox 1162 1965 1277 2002; x_wconf 82' lang='lat' dir='ltr'>XIIII,</span> <span class='ocrx_word' id='word_1_327' title='bbox 1309 1976 1391 1995; x_wconf 80' lang='lat' dir='ltr'>aimo</span> <span class='ocrx_word' id='word_1_328' title='bbox 1416 1964 1546 1995; x_wconf 87' lang='lat' dir='ltr'>Domini</span> <span class='ocrx_word' id='word_1_329' title='bbox 1573 1964 1790 1995; x_wconf 78' lang='lat' dir='ltr'>MCCLXXX</span> <span class='ocrx_word' id='word_1_330' title='bbox 1814 1968 1920 2002; x_wconf 82' lang='lat' dir='ltr'>sexto,</span> <span class='ocrx_word' id='word_1_331' title='bbox 1952 1964 2043 2005; x_wconf 89' lang='lat' dir='ltr'>regni</span> 
     </span>
     <span class='ocr_line' id='line_1_34' title="bbox 411 2017 833 2047; baseline 0 0"><span class='ocrx_word' id='word_1_332' title='bbox 411 2027 485 2047; x_wconf 87' lang='lat' dir='ltr'>vcro</span> <span class='ocrx_word' id='word_1_333' title='bbox 510 2018 609 2047; x_wconf 83' lang='lat' dir='ltr'>nostri</span> <span class='ocrx_word' id='word_1_334' title='bbox 635 2028 716 2047; x_wconf 77' lang='lat' dir='ltr'>anno</span> <span class='ocrx_word' id='word_1_335' title='bbox 741 2017 833 2047; x_wconf 85' lang='lat' dir='ltr'>XIII.</span> 
     </span>
    </p>
   </div>
   <div class='ocr_carea' id='block_1_8' title="bbox 412 2162 2041 2369">
    <p class='ocr_par' dir='ltr' id='par_1_10' title="bbox 543 2162 1922 2195">
     <span class='ocr_line' id='line_1_35' title="bbox 543 2162 1922 2195; baseline 0.003 -4"><span class='ocrx_word' id='word_1_336' title='bbox 543 2162 619 2194; x_wconf 64' lang='lat'>380.</span> <span class='ocrx_word' id='word_1_337' title='bbox 645 2163 865 2194; x_wconf 71' lang='lat' dir='ltr'>EPISTULA</span> <span class='ocrx_word' id='word_1_338' title='bbox 892 2163 1091 2194; x_wconf 63' lang='lat' dir='ltr'><em>HONORII</em></span> <span class='ocrx_word' id='word_1_339' title='bbox 1115 2164 1172 2194; x_wconf 68' lang='grc' dir='ltr'>[Γ.</span> <span class='ocrx_word' id='word_1_340' title='bbox 1199 2163 1416 2195; x_wconf 68' lang='lat' dir='ltr'><em>RNDOLFO</em></span> <span class='ocrx_word' id='word_1_341' title='bbox 1440 2164 1557 2195; x_wconf 76' lang='lat' dir='ltr'><em>REGI</em></span> <span class='ocrx_word' id='word_1_342' title='bbox 1578 2164 1726 2195; x_wconf 66' lang='lat' dir='ltr'><strong><em>MISSA.</em></strong></span> <span class='ocrx_word' id='word_1_343' title='bbox 1772 2164 1854 2194; x_wconf 64' lang='lat' dir='ltr'>Mai.</span> <span class='ocrx_word' id='word_1_344' title='bbox 1871 2165 1922 2195; x_wconf 70' lang='lat'>31.</span> 
     </span>
    </p>

    <p class='ocr_par' dir='ltr' id='par_1_11' title="bbox 412 2224 2041 2369">
     <span class='ocr_line' id='line_1_36' title="bbox 518 2224 2041 2265; baseline 0.001 -12"><span class='ocrx_word' id='word_1_345' title='bbox 518 2224 742 2262; x_wconf 57' lang='lat' dir='ltr'>Atclnyrapltma</span> <span class='ocrx_word' id='word_1_346' title='bbox 765 2224 953 2263; x_wconf 65' lang='lat' dir='ltr'>‘IVfit-:lmrgs</span> <span class='ocrx_word' id='word_1_347' title='bbox 985 2225 1143 2265; x_wconf 65' lang='lat' dir='ltr'>[Ioehsfifit</span> <span class='ocrx_word' id='word_1_348' title='bbox 1167 2225 1402 2255; x_wconf 62' lang='lat' dir='ltr'>Rcsclzssaclwn’</span> <span class='ocrx_word' id='word_1_349' title='bbox 1425 2226 1501 2262; x_wconf 54' lang='grc' dir='ltr'>[αδ-(3.</span> <span class='ocrx_word' id='word_1_350' title='bbox 1525 2226 1546 2256; x_wconf 72' lang='grc'>,2</span> <span class='ocrx_word' id='word_1_351' title='bbox 1568 2228 1722 2256; x_wconf 70' lang='lat' dir='ltr'>serratum</span> <span class='ocrx_word' id='word_1_352' title='bbox 1746 2236 1801 2256; x_wconf 72' lang='lat' dir='ltr'>nos·</span> <span class='ocrx_word' id='word_1_353' title='bbox 1827 2224 1886 2264; x_wconf 69' lang='lat' dir='ltr'>ipsi</span> <span class='ocrx_word' id='word_1_354' title='bbox 1909 2224 2041 2262; x_wconf 73' lang='lat' dir='ltr'>descrip-</span> 
     </span>
     <span class='ocr_line' id='line_1_37' title="bbox 412 2275 2041 2316; baseline 0 -11"><span class='ocrx_word' id='word_1_355' title='bbox 412 2276 518 2305; x_wconf 72' lang='lat' dir='ltr'>simus.</span> <span class='ocrx_word' id='word_1_356' title='bbox 566 2276 682 2305; x_wconf 52' lang='lat' dir='ltr'>Penas-t</span> <span class='ocrx_word' id='word_1_357' title='bbox 707 2276 791 2306; x_wconf 56' lang='lat' dir='ltr'>balla</span> <span class='ocrx_word' id='word_1_358' title='bbox 813 2276 959 2315; x_wconf 70' lang='lat' dir='ltr'>plumbea</span> <span class='ocrx_word' id='word_1_359' title='bbox 983 2277 1035 2315; x_wconf 72' lang='lat' dir='ltr'>filo</span> <span class='ocrx_word' id='word_1_360' title='bbox 1059 2278 1199 2315; x_wconf 61' lang='lat' dir='ltr'>(metistis,</span> <span class='ocrx_word' id='word_1_361' title='bbox 1249 2280 1335 2316; x_wconf 53' lang='lat' dir='ltr'>(gnae</span> <span class='ocrx_word' id='word_1_362' title='bbox 1358 2278 1542 2308; x_wconf 67' lang='lat' dir='ltr'>comm-dant</span> <span class='ocrx_word' id='word_1_363' title='bbox 1570 2288 1668 2316; x_wconf 72' lang='lat' dir='ltr'>snpra</span> <span class='ocrx_word' id='word_1_364' title='bbox 1697 2289 1766 2308; x_wconf 75' lang='lat' dir='ltr'>cum</span> <span class='ocrx_word' id='word_1_365' title='bbox 1788 2287 1836 2307; x_wconf 76' lang='lat' dir='ltr'>nr.</span> <span class='ocrx_word' id='word_1_366' title='bbox 1855 2279 1903 2313; x_wconf 73' lang='lat'>7¹7,</span> <span class='ocrx_word' id='word_1_367' title='bbox 1932 2275 2041 2306; x_wconf 75' lang='lat' dir='ltr'>litteris</span> 
     </span>
     <span class='ocr_line' id='line_1_38' title="bbox 415 2327 1935 2369; baseline 0.001 -12"><span class='ocrx_word' id='word_1_368' title='bbox 415 2327 586 2357; x_wconf 56' lang='lat' dir='ltr'>›mmm-ihus</span> <span class='ocrx_word' id='word_1_369' title='bbox 610 2328 791 2357; x_wconf 52' lang='lat' dir='ltr'>faramunde</span> <span class='ocrx_word' id='word_1_370' title='bbox 814 2329 1002 2360; x_wconf 67' lang='lat' dir='ltr'>‹emm-imus.</span> <span class='ocrx_word' id='word_1_371' title='bbox 1027 2347 1066 2350; x_wconf 97' lang='lat'><strong>—</strong></span> <span class='ocrx_word' id='word_1_372' title='bbox 1091 2329 1235 2365; x_wconf 57' lang='lat' dir='ltr'>Isalmzer,</span> <span class='ocrx_word' id='word_1_373' title='bbox 1265 2329 1334 2368; x_wconf 60' lang='grc' dir='ltr'><em>[ἴσῃ.</em></span> <span class='ocrx_word' id='word_1_374' title='bbox 1354 2329 1423 2368; x_wconf 75' lang='lat' dir='ltr'>imp.</span> <span class='ocrx_word' id='word_1_375' title='bbox 1444 2329 1496 2367; x_wconf 80' lang='lat' dir='ltr'>VI,</span> <span class='ocrx_word' id='word_1_376' title='bbox 1511 2332 1604 2360; x_wconf 68' lang='lat'><em>2025.</em></span> <span class='ocrx_word' id='word_1_377' title='bbox 1752 2329 1804 2369; x_wconf 83' lang='lat' dir='ltr'>(P.</span> <span class='ocrx_word' id='word_1_378' title='bbox 1830 2329 1935 2364; x_wconf 70' lang='lat' dir='ltr'>deest.)</span> 
     </span>
    </p>
   </div>
   <div class='ocr_carea' id='block_1_9' title="bbox 414 2413 2038 2506">
    <p class='ocr_par' dir='ltr' id='par_1_12' title="bbox 414 2413 2038 2506">
     <span class='ocr_line' id='line_1_39' title="bbox 519 2413 2038 2456; baseline 0.001 -13"><span class='ocrx_word' id='word_1_379' title='bbox 519 2413 681 2443; x_wconf 77' lang='lat' dir='ltr'>Honorius</span> <span class='ocrx_word' id='word_1_380' title='bbox 707 2413 874 2454; x_wconf 73' lang='lat' dir='ltr'>opiscopus</span> <span class='ocrx_word' id='word_1_381' title='bbox 900 2425 1009 2444; x_wconf 76' lang='lat' dir='ltr'>servus</span> <span class='ocrx_word' id='word_1_382' title='bbox 1035 2425 1195 2444; x_wconf 77' lang='lat' dir='ltr'>servorum</span> <span class='ocrx_word' id='word_1_383' title='bbox 1221 2414 1282 2444; x_wconf 71' lang='lat' dir='ltr'>Dei</span> <span class='ocrx_word' id='word_1_384' title='bbox 1307 2415 1470 2445; x_wconf 81' lang='lat' dir='ltr'>carissimo</span> <span class='ocrx_word' id='word_1_385' title='bbox 1495 2415 1524 2444; x_wconf 89' lang='lat' dir='ltr'>in</span> <span class='ocrx_word' id='word_1_386' title='bbox 1543 2415 1671 2445; x_wconf 78' lang='lat' dir='ltr'>Clu-isto</span> <span class='ocrx_word' id='word_1_387' title='bbox 1696 2416 1759 2445; x_wconf 79' lang='lat' dir='ltr'>lilio</span> <span class='ocrx_word' id='word_1_388' title='bbox 1785 2415 1820 2445; x_wconf 78' lang='lat' dir='ltr'>R.</span> <span class='ocrx_word' id='word_1_389' title='bbox 1838 2415 1902 2456; x_wconf 78' lang='lat' dir='ltr'>regi</span> <span class='ocrx_word' id='word_1_390' title='bbox 1924 2414 2038 2445; x_wconf 77' lang='lat' dir='ltr'>Roma-</span> 
     </span>
     <span class='ocr_line' id='line_1_40' title="bbox 414 2464 1411 2506; baseline 0.003 -12"><span class='ocrx_word' id='word_1_391' title='bbox 414 2475 525 2494; x_wconf 83' lang='lat' dir='ltr'>norum</span> <span class='ocrx_word' id='word_1_392' title='bbox 551 2465 666 2494; x_wconf 85' lang='lat' dir='ltr'>illustri</span> <span class='ocrx_word' id='word_1_393' title='bbox 692 2464 828 2494; x_wconf 77' lang='lat' dir='ltr'>salutem</span> <span class='ocrx_word' id='word_1_394' title='bbox 854 2468 886 2495; x_wconf 75' lang='lat' dir='ltr'>ct</span> <span class='ocrx_word' id='word_1_395' title='bbox 911 2465 1120 2506; x_wconf 75' lang='lat' dir='ltr'>apostolicam</span> <span class='ocrx_word' id='word_1_396' title='bbox 1145 2465 1411 2497; x_wconf 78' lang='lat' dir='ltr'>benedictionem.</span> 
     </span>
    </p>
   </div>
   <div class='ocr_carea' id='block_1_10' title="bbox 413 2526 2041 2698">
    <p class='ocr_par' dir='ltr' id='par_1_13' title="bbox 413 2526 2041 2698">
     <span class='ocr_line' id='line_1_41' title="bbox 520 2526 2040 2565; baseline 0.002 -11"><span class='ocrx_word' id='word_1_397' title='bbox 520 2526 568 2565; x_wconf 81' lang='lat' dir='ltr'>(l)</span> <span class='ocrx_word' id='word_1_398' title='bbox 595 2529 786 2555; x_wconf 63' lang='lat' dir='ltr'>Sa‹‘·‹·1·1l‹›ci111n</span> <span class='ocrx_word' id='word_1_399' title='bbox 815 2531 839 2555; x_wconf 67' lang='lat' dir='ltr'>ct</span> <span class='ocrx_word' id='word_1_400' title='bbox 863 2529 1033 2563; x_wconf 57' lang='lat' dir='ltr'>imperium*</span> <span class='ocrx_word' id='word_1_401' title='bbox 1057 2530 1160 2556; x_wconf 83' lang='lat' dir='ltr'>mutuis</span> <span class='ocrx_word' id='word_1_402' title='bbox 1189 2530 1319 2556; x_wconf 76' lang='lat' dir='ltr'>auxiliis*</span> <span class='ocrx_word' id='word_1_403' title='bbox 1344 2531 1499 2565; x_wconf 73' lang='lat' dir='ltr'>indigere</span> <span class='ocrx_word' id='word_1_404' title='bbox 1528 2532 1690 2558; x_wconf 75' lang='lat' dir='ltr'>alterutrius</span> <span class='ocrx_word' id='word_1_405' title='bbox 1719 2532 1894 2559; x_wconf 79' lang='lat' dir='ltr'>considerata</span> <span class='ocrx_word' id='word_1_406' title='bbox 1918 2531 2040 2558; x_wconf 72' lang='lat' dir='ltr'>carentia,</span> 
     </span>
     <span class='ocr_line' id='line_1_42' title="bbox 413 2581 2041 2618; baseline 0.001 -11"><span class='ocrx_word' id='word_1_407' title='bbox 413 2581 556 2607; x_wconf 63' lang='lat' dir='ltr'>evidenter</span> <span class='ocrx_word' id='word_1_408' title='bbox 581 2581 703 2606; x_wconf 76' lang='lat' dir='ltr'>insinuat</span> <span class='ocrx_word' id='word_1_409' title='bbox 727 2583 755 2606; x_wconf 66' lang='lat' dir='ltr'>ct</span> <span class='ocrx_word' id='word_1_410' title='bbox 779 2581 951 2614; x_wconf 53' lang='lat' dir='ltr'>‹quergent-ia</span> <span class='ocrx_word' id='word_1_411' title='bbox 976 2582 1074 2608; x_wconf 67' lang='lat' dir='ltr'>exinde</span> <span class='ocrx_word' id='word_1_412' title='bbox 1099 2582 1259 2608; x_wconf 73' lang='lat' dir='ltr'>discrimina</span> <span class='ocrx_word' id='word_1_413' title='bbox 1282 2583 1471 2610; x_wconf 70' lang='lat' dir='ltr'>manifestant.</span> <span class='ocrx_word' id='word_1_414' title='bbox 1517 2584 1666 2618; x_wconf 79' lang='lat' dir='ltr'>Imperium</span> <span class='ocrx_word' id='word_1_415' title='bbox 1689 2593 1809 2618; x_wconf 82' lang='lat' dir='ltr'>namque</span> <span class='ocrx_word' id='word_1_416' title='bbox 1838 2584 1866 2610; x_wconf 91' lang='lat' dir='ltr'>in</span> <span class='ocrx_word' id='word_1_417' title='bbox 1889 2583 2041 2618; x_wconf 79' lang='lat' dir='ltr'>apostolice</span> 
     </span>
     <span class='ocr_line' id='line_1_43' title="bbox 514 2662 2039 2698; baseline 0.001 -11"><span class='ocrx_word' id='word_1_418' title='bbox 514 2662 577 2687; x_wconf 71' lang='lat'>378.</span> <span class='ocrx_word' id='word_1_419' title='bbox 598 2665 620 2690; x_wconf 66' lang='grc' dir='ltr'>η)</span> <span class='ocrx_word' id='word_1_420' title='bbox 637 2663 689 2687; x_wconf 76' lang='lat' dir='ltr'>loco</span> <span class='ocrx_word' id='word_1_421' title='bbox 705 2663 1010 2687; x_wconf 58' lang='lat' dir='ltr'>reverend«,—lmrissinm</span> <span class='ocrx_word' id='word_1_422' title='bbox 1024 2663 1052 2687; x_wconf 71' lang='lat'>⁶2:</span> <span class='ocrx_word' id='word_1_423' title='bbox 1072 2665 1201 2695; x_wconf 74' lang='lat' dir='ltr'>egregio</span> <span class='ocrx_word' id='word_1_424' title='bbox 1220 2665 1287 2689; x_wconf 69' lang='lat' dir='ltr'>viro</span> <span class='ocrx_word' id='word_1_425' title='bbox 1308 2666 1381 2689; x_wconf 82' lang='lat' dir='ltr'>Urso</span> <span class='ocrx_word' id='word_1_426' title='bbox 1401 2666 1435 2690; x_wconf 68' lang='lat' dir='ltr'>ile</span> <span class='ocrx_word' id='word_1_427' title='bbox 1455 2667 1582 2690; x_wconf 81' lang='lat' dir='ltr'>Ursinis</span> <span class='ocrx_word' id='word_1_428' title='bbox 1601 2671 1710 2691; x_wconf 82' lang='lat' dir='ltr'>nostro</span> <span class='ocrx_word' id='word_1_429' title='bbox 1729 2671 1757 2691; x_wconf 84' lang='lat' dir='ltr'>et</span> <span class='ocrx_word' id='word_1_430' title='bbox 1775 2667 1898 2698; x_wconf 77' lang='lat' dir='ltr'>imperii</span> <span class='ocrx_word' id='word_1_431' title='bbox 1916 2665 2039 2691; x_wconf 81' lang='lat' dir='ltr'>Romani</span> 
     </span>
    </p>
   </div>
   <div class='ocr_carea' id='block_1_11' title="bbox 414 2705 2039 2781">
    <p class='ocr_par' dir='ltr' id='par_1_14' title="bbox 414 2705 2039 2781">
     <span class='ocr_line' id='line_1_44' title="bbox 414 2705 2039 2739; baseline 0.004 -11"><span class='ocrx_word' id='word_1_432' title='bbox 414 2706 511 2729; x_wconf 69' lang='lat' dir='ltr'>fidele</span> <span class='ocrx_word' id='word_1_433' title='bbox 530 2706 659 2731; x_wconf 80' lang='lat' dir='ltr'>dilecto.</span> <span class='ocrx_word' id='word_1_434' title='bbox 748 2705 771 2734; x_wconf 77' lang='grc' dir='ltr'>Ι”)</span> <span class='ocrx_word' id='word_1_435' title='bbox 792 2707 844 2730; x_wconf 75' lang='lat' dir='ltr'>luco</span> <span class='ocrx_word' id='word_1_436' title='bbox 863 2706 927 2729; x_wconf 79' lang='lat' dir='ltr'>‹loin-</span> <span class='ocrx_word' id='word_1_437' title='bbox 942 2707 1021 2730; x_wconf 76' lang='lat' dir='ltr'>Matli.</span> <span class='ocrx_word' id='word_1_438' title='bbox 1037 2706 1064 2731; x_wconf 71' lang='lat'>2:</span> <span class='ocrx_word' id='word_1_439' title='bbox 1087 2708 1201 2732; x_wconf 75' lang='lat' dir='ltr'>Ursum.</span> <span class='ocrx_word' id='word_1_440' title='bbox 1272 2708 1293 2738; x_wconf 76' lang='lat' dir='ltr'>c)</span> <span class='ocrx_word' id='word_1_441' title='bbox 1313 2713 1337 2732; x_wconf 80' lang='lat' dir='ltr'>et</span> <span class='ocrx_word' id='word_1_442' title='bbox 1355 2708 1377 2732; x_wconf 73' lang='grc'>2.</span> <span class='ocrx_word' id='word_1_443' title='bbox 1449 2707 1472 2739; x_wconf 69' lang='lat'>⁸¹)</span> <span class='ocrx_word' id='word_1_444' title='bbox 1492 2709 1545 2733; x_wconf 68' lang='lat' dir='ltr'>luco</span> <span class='ocrx_word' id='word_1_445' title='bbox 1565 2710 1629 2734; x_wconf 85' lang='lat' dir='ltr'>dom.</span> <span class='ocrx_word' id='word_1_446' title='bbox 1648 2711 1728 2734; x_wconf 84' lang='lat' dir='ltr'>Math.</span> <span class='ocrx_word' id='word_1_447' title='bbox 1741 2710 1770 2734; x_wconf 76' lang='lat'>2:</span> <span class='ocrx_word' id='word_1_448' title='bbox 1792 2711 1874 2735; x_wconf 85' lang='lat' dir='ltr'>Urso.</span> <span class='ocrx_word' id='word_1_449' title='bbox 1946 2709 1969 2739; x_wconf 79' lang='lat'>⁰)</span> <span class='ocrx_word' id='word_1_450' title='bbox 1988 2709 2039 2732; x_wconf 77' lang='lat' dir='ltr'>low</span> 
     </span>
     <span class='ocr_line' id='line_1_45' title="bbox 415 2747 1204 2781; baseline 0.005 -10"><span class='ocrx_word' id='word_1_451' title='bbox 415 2749 438 2771; x_wconf 86' lang='lat' dir='ltr'>in</span> <span class='ocrx_word' id='word_1_452' title='bbox 459 2749 575 2779; x_wconf 67' lang='lat' dir='ltr'>Augusta</span> <span class='ocrx_word' id='word_1_453' title='bbox 596 2748 623 2771; x_wconf 71' lang='lat'>2:</span> <span class='ocrx_word' id='word_1_454' title='bbox 645 2750 767 2779; x_wconf 58' lang='lat' dir='ltr'>Augusto.</span> <span class='ocrx_word' id='word_1_455' title='bbox 856 2747 874 2780; x_wconf 79' lang='lat' dir='ltr'>s)</span> <span class='ocrx_word' id='word_1_456' title='bbox 896 2749 927 2772; x_wconf 70' lang='lat' dir='ltr'>Vl</span> <span class='ocrx_word' id='word_1_457' title='bbox 947 2748 969 2773; x_wconf 79' lang='grc'>2.</span> <span class='ocrx_word' id='word_1_458' title='bbox 1058 2751 1082 2781; x_wconf 73' lang='lat' dir='ltr'>b&#39;)</span> <span class='ocrx_word' id='word_1_459' title='bbox 1102 2751 1162 2774; x_wconf 74' lang='lat' dir='ltr'>XlIl</span> <span class='ocrx_word' id='word_1_460' title='bbox 1182 2750 1204 2775; x_wconf 74' lang='grc'>2.</span> 
     </span>
    </p>
   </div>
   <div class='ocr_carea' id='block_1_12' title="bbox 2068 699 2092 717">
    <p class='ocr_par' dir='ltr' id='par_1_15' title="bbox 2068 699 2092 717">
     <span class='ocr_line' id='line_1_46' title="bbox 2068 699 2092 717; baseline 0 0"><span class='ocrx_word' id='word_1_461' title='bbox 2068 699 2092 717; x_wconf 85' lang='grc'>10</span> 
     </span>
    </p>
   </div>
   <div class='ocr_carea' id='block_1_13' title="bbox 2070 1063 2091 1081">
    <p class='ocr_par' dir='ltr' id='par_1_16' title="bbox 2070 1063 2091 1081">
     <span class='ocr_line' id='line_1_47' title="bbox 2070 1063 2091 1081; baseline 0 0"><span class='ocrx_word' id='word_1_462' title='bbox 2070 1063 2091 1081; x_wconf 79' lang='lat'>15</span> 
     </span>
    </p>
   </div>
   <div class='ocr_carea' id='block_1_14' title="bbox 2070 1614 2092 1633">
    <p class='ocr_par' dir='ltr' id='par_1_17' title="bbox 2070 1614 2092 1633">
     <span class='ocr_line' id='line_1_48' title="bbox 2070 1614 2092 1633; baseline 0 0"><span class='ocrx_word' id='word_1_463' title='bbox 2070 1614 2092 1633; x_wconf 68' lang='lat'>25</span> 
     </span>
    </p>
   </div>
   <div class='ocr_carea' id='block_1_15' title="bbox 2069 1873 2092 1891">
    <p class='ocr_par' dir='ltr' id='par_1_18' title="bbox 2069 1873 2092 1891">
     <span class='ocr_line' id='line_1_49' title="bbox 2069 1873 2092 1891; baseline 0 0"><span class='ocrx_word' id='word_1_464' title='bbox 2069 1873 2092 1891; x_wconf 82' lang='lat'>30</span> 
     </span>
    </p>
   </div>
   <div class='ocr_carea' id='block_1_16' title="bbox 2066 2539 2089 2557">
    <p class='ocr_par' dir='ltr' id='par_1_19' title="bbox 2066 2539 2089 2557">
     <span class='ocr_line' id='line_1_50' title="bbox 2066 2539 2089 2557; baseline 0 0"><span class='ocrx_word' id='word_1_465' title='bbox 2066 2539 2089 2557; x_wconf 69' lang='lat'>40</span> 
     </span>
    </p>
   </div>
   <div class='ocr_carea' id='block_1_17' title="bbox 2189 1201 2219 1952">
    <p class='ocr_par' dir='ltr' id='par_1_20' title="bbox 2189 1201 2219 1952">
     <span class='ocr_line' id='line_1_51' title="bbox 2189 1201 2219 1952; baseline 0 0"><span class='ocrx_word' id='word_1_466' title='bbox 2189 1201 2219 1952; x_wconf 95' lang='lat' dir='ltr'> </span> 
     </span>
    </p>
   </div>
  </div>
 </body>
</html>
