<?xml version="1.0" encoding="UTF-8"?>
<!DOCTYPE html PUBLIC "-//W3C//DTD XHTML 1.0 Transitional//EN"
    "http://www.w3.org/TR/xhtml1/DTD/xhtml1-transitional.dtd">
<html xmlns="http://www.w3.org/1999/xhtml" xml:lang="en" lang="en">
 <head>
  <title>
</title>
<meta http-equiv="Content-Type" content="text/html;charset=utf-8" />
  <meta name='ocr-system' content='tesseract 3.04.00' />
  <meta name='ocr-capabilities' content='ocr_page ocr_carea ocr_par ocr_line ocrx_word'/>
</head>
<body>
  <div class='ocr_page' id='page_1' title='image "./monumentagelegum03geseuoft/monumentagelegum03geseuoft_0137.png"; bbox 0 0 2259 3164; ppageno 0'>
   <div class='ocr_carea' id='block_1_1' title="bbox 89 1027 112 1045">
    <p class='ocr_par' dir='ltr' id='par_1_1' title="bbox 89 1027 112 1045">
     <span class='ocr_line' id='line_1_1' title="bbox 89 1027 112 1045; baseline -0.043 0"><span class='ocrx_word' id='word_1_1' title='bbox 89 1027 112 1045; x_wconf 83' lang='lat'>10</span> 
     </span>
    </p>
   </div>
   <div class='ocr_carea' id='block_1_2' title="bbox 85 1426 107 1444">
    <p class='ocr_par' dir='ltr' id='par_1_2' title="bbox 85 1426 107 1444">
     <span class='ocr_line' id='line_1_2' title="bbox 85 1426 107 1444; baseline 0 0"><span class='ocrx_word' id='word_1_2' title='bbox 85 1426 107 1444; x_wconf 73' lang='lat'>15</span> 
     </span>
    </p>
   </div>
   <div class='ocr_carea' id='block_1_3' title="bbox 83 1727 108 1746">
    <p class='ocr_par' dir='ltr' id='par_1_3' title="bbox 83 1727 108 1746">
     <span class='ocr_line' id='line_1_3' title="bbox 83 1727 108 1746; baseline 0 0"><span class='ocrx_word' id='word_1_3' title='bbox 83 1727 108 1746; x_wconf 85' lang='lat'>20</span> 
     </span>
    </p>
   </div>
   <div class='ocr_carea' id='block_1_4' title="bbox 83 1987 107 2006">
    <p class='ocr_par' dir='ltr' id='par_1_4' title="bbox 83 1987 107 2006">
     <span class='ocr_line' id='line_1_4' title="bbox 83 1987 107 2006; baseline 0 0"><span class='ocrx_word' id='word_1_4' title='bbox 83 1987 107 2006; x_wconf 81' lang='lat'>25</span> 
     </span>
    </p>
   </div>
   <div class='ocr_carea' id='block_1_5' title="bbox 83 2245 107 2265">
    <p class='ocr_par' dir='ltr' id='par_1_5' title="bbox 83 2245 107 2265">
     <span class='ocr_line' id='line_1_5' title="bbox 83 2245 107 2265; baseline 0.042 -1"><span class='ocrx_word' id='word_1_5' title='bbox 83 2245 107 2265; x_wconf 87' lang='grc'>30</span> 
     </span>
    </p>
   </div>
   <div class='ocr_carea' id='block_1_6' title="bbox 83 2506 106 2525">
    <p class='ocr_par' dir='ltr' id='par_1_6' title="bbox 83 2506 106 2525">
     <span class='ocr_line' id='line_1_6' title="bbox 83 2506 106 2525; baseline 0 0"><span class='ocrx_word' id='word_1_6' title='bbox 83 2506 106 2525; x_wconf 80' lang='lat'>³5</span> 
     </span>
    </p>
   </div>
   <div class='ocr_carea' id='block_1_7' title="bbox 479 196 1757 242">
    <p class='ocr_par' dir='ltr' id='par_1_7' title="bbox 479 196 1757 242">
     <span class='ocr_line' id='line_1_7' title="bbox 479 196 1757 242; baseline 0.011 -19"><span class='ocrx_word' id='word_1_7' title='bbox 479 196 636 223; x_wconf 80' lang='lat' dir='ltr'>RUDOLFI</span> <span class='ocrx_word' id='word_1_8' title='bbox 655 197 758 224; x_wconf 72' lang='lat' dir='ltr'>REGIS</span> <span class='ocrx_word' id='word_1_9' title='bbox 777 199 1094 228; x_wconf 45' lang='lat' dir='ltr'>‹YONSTITUTJONHR</span> <span class='ocrx_word' id='word_1_10' title='bbox 1133 205 1204 230; x_wconf 59' lang='lat'>1270.</span> <span class='ocrx_word' id='word_1_11' title='bbox 1241 205 1286 231; x_wconf 58' lang='grc' dir='ltr'>ΝΥ.</span> <span class='ocrx_word' id='word_1_12' title='bbox 1303 208 1356 233; x_wconf 70' lang='lat'>108.</span> <span class='ocrx_word' id='word_1_13' title='bbox 1373 210 1425 233; x_wconf 60' lang='lat' dir='ltr'>wil.</span> <span class='ocrx_word' id='word_1_14' title='bbox 1717 213 1757 242; x_wconf 72' lang='grc'>99</span> 
     </span>
    </p>
   </div>
   <div class='ocr_carea' id='block_1_8' title="bbox 137 282 1763 696">
    <p class='ocr_par' dir='ltr' id='par_1_8' title="bbox 137 282 1763 696">
     <span class='ocr_line' id='line_1_8' title="bbox 141 282 1761 331; baseline 0.007 -15"><span class='ocrx_word' id='word_1_15' title='bbox 141 285 181 316; x_wconf 85' lang='lat' dir='ltr'>de</span> <span class='ocrx_word' id='word_1_16' title='bbox 204 284 295 316; x_wconf 85' lang='lat' dir='ltr'>dictis</span> <span class='ocrx_word' id='word_1_17' title='bbox 318 282 506 315; x_wconf 85' lang='lat' dir='ltr'>Exarehatu</span> <span class='ocrx_word' id='word_1_18' title='bbox 530 288 562 315; x_wconf 89' lang='lat' dir='ltr'>et</span> <span class='ocrx_word' id='word_1_19' title='bbox 585 284 778 327; x_wconf 89' lang='lat' dir='ltr'>Penthapoli</span> <span class='ocrx_word' id='word_1_20' title='bbox 804 286 923 328; x_wconf 88' lang='lat' dir='ltr'>absque</span> <span class='ocrx_word' id='word_1_21' title='bbox 948 292 1054 319; x_wconf 90' lang='lat' dir='ltr'>nostro</span> <span class='ocrx_word' id='word_1_22' title='bbox 1077 291 1208 331; x_wconf 86' lang='lat' dir='ltr'>speciali</span> <span class='ocrx_word' id='word_1_23' title='bbox 1232 294 1379 324; x_wconf 81' lang='lat' dir='ltr'>mandato</span> <span class='ocrx_word' id='word_1_24' title='bbox 1405 306 1438 325; x_wconf 80' lang='lat' dir='ltr'>se</span> <span class='ocrx_word' id='word_1_25' title='bbox 1463 295 1501 326; x_wconf 89' lang='lat' dir='ltr'>de</span> <span class='ocrx_word' id='word_1_26' title='bbox 1528 300 1633 327; x_wconf 84' lang='lat' dir='ltr'>cetero</span> <span class='ocrx_word' id='word_1_27' title='bbox 1659 297 1761 327; x_wconf 84' lang='lat' dir='ltr'>nulla-</span> 
     </span>
     <span class='ocr_line' id='line_1_9' title="bbox 139 335 1761 385; baseline 0.007 -17"><span class='ocrx_word' id='word_1_28' title='bbox 139 339 231 368; x_wconf 86' lang='lat' dir='ltr'>tenus</span> <span class='ocrx_word' id='word_1_29' title='bbox 254 335 480 375; x_wconf 76' lang='lat' dir='ltr'>intromittant,</span> <span class='ocrx_word' id='word_1_30' title='bbox 511 337 607 367; x_wconf 89' lang='lat' dir='ltr'>immo</span> <span class='ocrx_word' id='word_1_31' title='bbox 637 338 885 369; x_wconf 85' lang='lat' dir='ltr'>comunitatibus</span> <span class='ocrx_word' id='word_1_32' title='bbox 923 341 1105 371; x_wconf 83' lang='lat' dir='ltr'>memoratis</span> <span class='ocrx_word' id='word_1_33' title='bbox 1138 353 1195 383; x_wconf 88' lang='lat' dir='ltr'>per</span> <span class='ocrx_word' id='word_1_34' title='bbox 1224 347 1294 375; x_wconf 78' lang='lat' dir='ltr'>tuas</span> <span class='ocrx_word' id='word_1_35' title='bbox 1323 348 1469 385; x_wconf 79' lang='lat' dir='ltr'>patentes</span> <span class='ocrx_word' id='word_1_36' title='bbox 1497 347 1618 378; x_wconf 74' lang='lat' dir='ltr'>litteras</span> <span class='ocrx_word' id='word_1_37' title='bbox 1646 347 1761 379; x_wconf 85' lang='lat' dir='ltr'>dilecto</span> 
     </span>
     <span class='ocr_line' id='line_1_10' title="bbox 139 387 1761 439; baseline 0.007 -21"><span class='ocrx_word' id='word_1_38' title='bbox 139 388 202 419; x_wconf 86' lang='lat' dir='ltr'>filio</span> <span class='ocrx_word' id='word_1_39' title='bbox 225 387 378 429; x_wconf 86' lang='lat' dir='ltr'>magistro</span> <span class='ocrx_word' id='word_1_40' title='bbox 395 387 559 419; x_wconf 85' lang='lat' dir='ltr'>Bernardo</span> <span class='ocrx_word' id='word_1_41' title='bbox 585 387 624 419; x_wconf 87' lang='lat' dir='ltr'>de</span> <span class='ocrx_word' id='word_1_42' title='bbox 642 388 815 421; x_wconf 82' lang='lat' dir='ltr'>Castaneto</span> <span class='ocrx_word' id='word_1_43' title='bbox 832 390 981 422; x_wconf 88' lang='lat' dir='ltr'>Albiensi</span> <span class='ocrx_word' id='word_1_44' title='bbox 1006 393 1119 432; x_wconf 79' lang='lat' dir='ltr'>electo,</span> <span class='ocrx_word' id='word_1_45' title='bbox 1144 398 1250 425; x_wconf 87' lang='lat' dir='ltr'>nostro</span> <span class='ocrx_word' id='word_1_46' title='bbox 1275 398 1305 425; x_wconf 88' lang='lat' dir='ltr'>et</span> <span class='ocrx_word' id='word_1_47' title='bbox 1330 396 1412 426; x_wconf 86' lang='lat' dir='ltr'>sedis</span> <span class='ocrx_word' id='word_1_48' title='bbox 1437 399 1611 438; x_wconf 79' lang='lat' dir='ltr'>apostolice</span> <span class='ocrx_word' id='word_1_49' title='bbox 1636 400 1761 439; x_wconf 77' lang='lat' dir='ltr'>nuncio,</span> 
     </span>
     <span class='ocr_line' id='line_1_11' title="bbox 139 439 1762 490; baseline 0.007 -21"><span class='ocrx_word' id='word_1_50' title='bbox 139 443 246 471; x_wconf 88' lang='lat' dir='ltr'>nostro</span> <span class='ocrx_word' id='word_1_51' title='bbox 263 440 390 471; x_wconf 91' lang='lat' dir='ltr'>nomine</span> <span class='ocrx_word' id='word_1_52' title='bbox 409 439 620 481; x_wconf 80' lang='lat' dir='ltr'>assignandas</span> <span class='ocrx_word' id='word_1_53' title='bbox 637 440 845 479; x_wconf 71' lang='lat' dir='ltr'>denuncians,</span> <span class='ocrx_word' id='word_1_54' title='bbox 858 442 1036 474; x_wconf 86' lang='lat' dir='ltr'>iuramenta</span> <span class='ocrx_word' id='word_1_55' title='bbox 1053 444 1197 485; x_wconf 88' lang='lat' dir='ltr'>predicta</span> <span class='ocrx_word' id='word_1_56' title='bbox 1214 450 1343 487; x_wconf 82' lang='lat' dir='ltr'>recepta</span> <span class='ocrx_word' id='word_1_57' title='bbox 1359 448 1456 479; x_wconf 77' lang='lat' dir='ltr'>fuisse</span> <span class='ocrx_word' id='word_1_58' title='bbox 1474 450 1512 479; x_wconf 81' lang='lat' dir='ltr'>ab</span> <span class='ocrx_word' id='word_1_59' title='bbox 1531 450 1605 490; x_wconf 85' lang='lat' dir='ltr'>ipsis</span> <span class='ocrx_word' id='word_1_60' title='bbox 1620 451 1762 481; x_wconf 86' lang='lat' dir='ltr'>comuni-</span> 
     </span>
     <span class='ocr_line' id='line_1_12' title="bbox 138 491 1763 542; baseline 0.006 -20"><span class='ocrx_word' id='word_1_61' title='bbox 138 491 255 523; x_wconf 82' lang='lat' dir='ltr'>tatibus</span> <span class='ocrx_word' id='word_1_62' title='bbox 271 502 329 533; x_wconf 89' lang='lat' dir='ltr'>per</span> <span class='ocrx_word' id='word_1_63' title='bbox 345 501 485 523; x_wconf 85' lang='lat' dir='ltr'>errorem</span> <span class='ocrx_word' id='word_1_64' title='bbox 509 502 568 522; x_wconf 88' lang='lat' dir='ltr'>nec</span> <span class='ocrx_word' id='word_1_65' title='bbox 592 495 623 523; x_wconf 88' lang='lat' dir='ltr'>te</span> <span class='ocrx_word' id='word_1_66' title='bbox 641 496 743 523; x_wconf 86' lang='lat' dir='ltr'>ratam</span> <span class='ocrx_word' id='word_1_67' title='bbox 761 493 913 525; x_wconf 80' lang='lat' dir='ltr'>habuisse</span> <span class='ocrx_word' id='word_1_68' title='bbox 931 497 1148 536; x_wconf 73' lang='lat' dir='ltr'>receptionem</span> <span class='ocrx_word' id='word_1_69' title='bbox 1166 497 1345 529; x_wconf 79' lang='lat' dir='ltr'>huiusmodi</span> <span class='ocrx_word' id='word_1_70' title='bbox 1370 500 1418 530; x_wconf 86' lang='lat' dir='ltr'>vel</span> <span class='ocrx_word' id='word_1_71' title='bbox 1436 500 1563 539; x_wconf 75' lang='lat' dir='ltr'>habere,</span> <span class='ocrx_word' id='word_1_72' title='bbox 1591 501 1763 542; x_wconf 84' lang='lat' dir='ltr'>diligenter</span> 
     </span>
     <span class='ocr_line' id='line_1_13' title="bbox 139 542 1763 591; baseline 0.007 -18"><span class='ocrx_word' id='word_1_73' title='bbox 139 543 318 574; x_wconf 84' lang='lat' dir='ltr'>exhorteris</span> <span class='ocrx_word' id='word_1_74' title='bbox 343 542 488 581; x_wconf 83' lang='lat' dir='ltr'>easdem,</span> <span class='ocrx_word' id='word_1_75' title='bbox 518 546 553 574; x_wconf 93' lang='lat' dir='ltr'>ut</span> <span class='ocrx_word' id='word_1_76' title='bbox 584 543 644 574; x_wconf 91' lang='lat' dir='ltr'>hoc</span> <span class='ocrx_word' id='word_1_77' title='bbox 673 554 736 575; x_wconf 89' lang='lat' dir='ltr'>non</span> <span class='ocrx_word' id='word_1_78' title='bbox 759 545 907 577; x_wconf 85' lang='lat' dir='ltr'>obstante</span> <span class='ocrx_word' id='word_1_79' title='bbox 933 546 1025 577; x_wconf 88' lang='lat' dir='ltr'>nobis</span> <span class='ocrx_word' id='word_1_80' title='bbox 1050 551 1081 578; x_wconf 87' lang='lat' dir='ltr'>et</span> <span class='ocrx_word' id='word_1_81' title='bbox 1105 549 1220 579; x_wconf 83' lang='lat' dir='ltr'>nostris</span> <span class='ocrx_word' id='word_1_82' title='bbox 1246 550 1366 580; x_wconf 84' lang='lat' dir='ltr'>nunciis</span> <span class='ocrx_word' id='word_1_83' title='bbox 1391 551 1533 591; x_wconf 82' lang='lat' dir='ltr'>plenarie</span> <span class='ocrx_word' id='word_1_84' title='bbox 1558 552 1708 583; x_wconf 81' lang='lat' dir='ltr'>obediant</span> <span class='ocrx_word' id='word_1_85' title='bbox 1731 556 1763 583; x_wconf 87' lang='lat' dir='ltr'>et</span> 
     </span>
     <span class='ocr_line' id='line_1_14' title="bbox 137 594 1762 644; baseline 0.006 -19"><span class='ocrx_word' id='word_1_86' title='bbox 137 594 304 626; x_wconf 83' lang='lat' dir='ltr'>intendant</span> <span class='ocrx_word' id='word_1_87' title='bbox 326 605 384 625; x_wconf 89' lang='lat' dir='ltr'>nee</span> <span class='ocrx_word' id='word_1_88' title='bbox 407 595 671 636; x_wconf 83' lang='lat' dir='ltr'>impedimentum</span> <span class='ocrx_word' id='word_1_89' title='bbox 696 596 823 637; x_wconf 79' lang='lat' dir='ltr'>aliquod</span> <span class='ocrx_word' id='word_1_90' title='bbox 848 601 992 638; x_wconf 84' lang='lat' dir='ltr'>prestare</span> <span class='ocrx_word' id='word_1_91' title='bbox 1017 604 1213 639; x_wconf 72' lang='lat' dir='ltr'>presumant,</span> <span class='ocrx_word' id='word_1_92' title='bbox 1237 601 1404 641; x_wconf 79' lang='lat' dir='ltr'>quominus</span> <span class='ocrx_word' id='word_1_93' title='bbox 1430 602 1469 633; x_wconf 89' lang='lat' dir='ltr'>de</span> <span class='ocrx_word' id='word_1_94' title='bbox 1494 604 1576 644; x_wconf 76' lang='lat' dir='ltr'>ipsis,</span> <span class='ocrx_word' id='word_1_95' title='bbox 1603 607 1697 644; x_wconf 88' lang='lat' dir='ltr'>prout</span> <span class='ocrx_word' id='word_1_96' title='bbox 1722 603 1762 634; x_wconf 88' lang='lat' dir='ltr'>ad</span> 
     </span>
     <span class='ocr_line' id='line_1_15' title="bbox 137 646 1761 696; baseline 0.005 -18"><span class='ocrx_word' id='word_1_97' title='bbox 137 657 195 678; x_wconf 91' lang='lat' dir='ltr'>nos</span> <span class='ocrx_word' id='word_1_98' title='bbox 218 647 358 688; x_wconf 81' lang='lat' dir='ltr'>pertinet</span> <span class='ocrx_word' id='word_1_99' title='bbox 381 649 414 678; x_wconf 89' lang='lat' dir='ltr'>et</span> <span class='ocrx_word' id='word_1_100' title='bbox 437 646 476 678; x_wconf 90' lang='lat' dir='ltr'>de</span> <span class='ocrx_word' id='word_1_101' title='bbox 501 647 634 678; x_wconf 88' lang='lat' dir='ltr'>consilio</span> <span class='ocrx_word' id='word_1_102' title='bbox 658 647 794 678; x_wconf 81' lang='lat' dir='ltr'>fratrum</span> <span class='ocrx_word' id='word_1_103' title='bbox 814 653 994 680; x_wconf 86' lang='lat' dir='ltr'>nostrorum</span> <span class='ocrx_word' id='word_1_104' title='bbox 1012 650 1181 691; x_wconf 81' lang='lat' dir='ltr'>disponere</span> <span class='ocrx_word' id='word_1_105' title='bbox 1199 652 1403 693; x_wconf 73' lang='lat' dir='ltr'>intendimus,</span> <span class='ocrx_word' id='word_1_106' title='bbox 1428 654 1526 685; x_wconf 87' lang='lat' dir='ltr'>libere</span> <span class='ocrx_word' id='word_1_107' title='bbox 1544 655 1761 696; x_wconf 78' lang='lat' dir='ltr'>disponamus.</span> 
     </span>
    </p>
   </div>
   <div class='ocr_carea' id='block_1_9' title="bbox 242 706 1000 750">
    <p class='ocr_par' dir='ltr' id='par_1_9' title="bbox 242 706 1000 750">
     <span class='ocr_line' id='line_1_16' title="bbox 242 706 1000 750; baseline 0.004 -13"><span class='ocrx_word' id='word_1_108' title='bbox 242 706 361 738; x_wconf 89' lang='lat' dir='ltr'>Datum</span> <span class='ocrx_word' id='word_1_109' title='bbox 384 706 548 746; x_wconf 82' lang='lat' dir='ltr'>Laterani,</span> <span class='ocrx_word' id='word_1_110' title='bbox 572 707 663 738; x_wconf 90' lang='lat' dir='ltr'><strong>XVI.</strong></span> <span class='ocrx_word' id='word_1_111' title='bbox 681 707 848 740; x_wconf 80' lang='lat' dir='ltr'>Kalendas</span> <span class='ocrx_word' id='word_1_112' title='bbox 872 709 1000 750; x_wconf 85' lang='lat' dir='ltr'>Aprilis.</span> 
     </span>
    </p>
   </div>
   <div class='ocr_carea' id='block_1_10' title="bbox 326 1020 1570 1163">
    <p class='ocr_par' dir='ltr' id='par_1_10' title="bbox 326 1020 1570 1163">
     <span class='ocr_line' id='line_1_17' title="bbox 326 1020 1570 1079; baseline 0.003 -6"><span class='ocrx_word' id='word_1_113' title='bbox 326 1023 422 1074; x_wconf 79' lang='lat'>109.</span> <span class='ocrx_word' id='word_1_114' title='bbox 462 1020 917 1075; x_wconf 75' lang='lat' dir='ltr'>SENTENTIA</span> <span class='ocrx_word' id='word_1_115' title='bbox 949 1022 1054 1075; x_wconf 91' lang='lat' dir='ltr'>DE</span> <span class='ocrx_word' id='word_1_116' title='bbox 1090 1022 1361 1077; x_wconf 82' lang='lat' dir='ltr'>FEUDO</span> <span class='ocrx_word' id='word_1_117' title='bbox 1401 1025 1570 1079; x_wconf 81' lang='lat' dir='ltr'>NON</span> 
     </span>
     <span class='ocr_line' id='line_1_18' title="bbox 720 1099 1177 1163; baseline 0.002 -12"><span class='ocrx_word' id='word_1_118' title='bbox 720 1099 1177 1163; x_wconf 76' lang='lat' dir='ltr'><strong>REQUISITO.</strong></span> 
     </span>
    </p>
   </div>
   <div class='ocr_carea' id='block_1_11' title="bbox 793 1202 1124 1238">
    <p class='ocr_par' dir='ltr' id='par_1_11' title="bbox 793 1202 1124 1238">
     <span class='ocr_line' id='line_1_19' title="bbox 793 1202 1124 1238; baseline 0.003 -1"><span class='ocrx_word' id='word_1_119' title='bbox 793 1202 898 1237; x_wconf 67' lang='lat'>1976.</span> <span class='ocrx_word' id='word_1_120' title='bbox 940 1203 1043 1237; x_wconf 83' lang='lat' dir='ltr'>Mart.</span> <span class='ocrx_word' id='word_1_121' title='bbox 1066 1202 1124 1238; x_wconf 74' lang='lat'>029.</span> 
     </span>
    </p>
   </div>
   <div class='ocr_carea' id='block_1_12' title="bbox 132 1309 1759 1405">
    <p class='ocr_par' dir='ltr' id='par_1_12' title="bbox 132 1309 1759 1405">
     <span class='ocr_line' id='line_1_20' title="bbox 238 1309 1759 1351; baseline 0.002 -11"><span class='ocrx_word' id='word_1_122' title='bbox 238 1309 464 1349; x_wconf 66' lang='lat' dir='ltr'>Autoyraphon</span> <span class='ocrx_word' id='word_1_123' title='bbox 482 1309 696 1348; x_wconf 72' lang='lat' dir='ltr'>Confluentiac</span> <span class='ocrx_word' id='word_1_124' title='bbox 716 1311 747 1341; x_wconf 73' lang='grc' dir='ltr'>ἱη</span> <span class='ocrx_word' id='word_1_125' title='bbox 764 1311 919 1342; x_wconf 72' lang='lat' dir='ltr'>tabulario</span> <span class='ocrx_word' id='word_1_126' title='bbox 936 1312 1018 1351; x_wconf 62' lang='lat' dir='ltr'>respit)</span> <span class='ocrx_word' id='word_1_127' title='bbox 1033 1314 1186 1342; x_wconf 63' lang='lat' dir='ltr'>serratim)</span> <span class='ocrx_word' id='word_1_128' title='bbox 1205 1311 1318 1341; x_wconf 62' lang='lat' dir='ltr'>itm-mn</span> <span class='ocrx_word' id='word_1_129' title='bbox 1340 1310 1534 1349; x_wconf 67' lang='lat' dir='ltr'>cmztulimzcs,</span> <span class='ocrx_word' id='word_1_130' title='bbox 1559 1313 1648 1343; x_wconf 74' lang='lat' dir='ltr'>euius</span> <span class='ocrx_word' id='word_1_131' title='bbox 1670 1313 1759 1343; x_wconf 76' lang='lat' dir='ltr'>dorso</span> 
     </span>
     <span class='ocr_line' id='line_1_21' title="bbox 132 1361 1759 1405; baseline 0.002 -14"><span class='ocrx_word' id='word_1_132' title='bbox 132 1361 317 1400; x_wconf 70' lang='lat' dir='ltr'>inscriptam</span> <span class='ocrx_word' id='word_1_133' title='bbox 340 1364 383 1392; x_wconf 75' lang='lat' dir='ltr'>est</span> <span class='ocrx_word' id='word_1_134' title='bbox 406 1372 504 1392; x_wconf 74' lang='lat' dir='ltr'>mmm</span> <span class='ocrx_word' id='word_1_135' title='bbox 527 1373 654 1393; x_wconf 67' lang='lat' dir='ltr'>comem:</span> <span class='ocrx_word' id='word_1_136' title='bbox 684 1362 917 1405; x_wconf 52' lang='lat' dir='ltr'>Confirmatlip)</span> <span class='ocrx_word' id='word_1_137' title='bbox 948 1364 1032 1403; x_wconf 78' lang='lat' dir='ltr'>regis</span> <span class='ocrx_word' id='word_1_138' title='bbox 1062 1363 1099 1394; x_wconf 85' lang='lat' dir='ltr'>R.</span> <span class='ocrx_word' id='word_1_139' title='bbox 1130 1363 1294 1393; x_wconf 81' lang='lat' dir='ltr'>sentencie</span> <span class='ocrx_word' id='word_1_140' title='bbox 1324 1362 1500 1403; x_wconf 80' lang='lat' dir='ltr'>principum</span> <span class='ocrx_word' id='word_1_141' title='bbox 1542 1375 1635 1405; x_wconf 88' lang='lat' dir='ltr'>super</span> <span class='ocrx_word' id='word_1_142' title='bbox 1664 1365 1759 1395; x_wconf 87' lang='lat' dir='ltr'>feodo</span> 
     </span>
    </p>
   </div>
   <div class='ocr_carea' id='block_1_13' title="bbox 132 1413 1758 1559">
    <p class='ocr_par' dir='ltr' id='par_1_13' title="bbox 132 1413 1758 1559">
     <span class='ocr_line' id='line_1_22' title="bbox 133 1413 1755 1455; baseline 0.002 -12"><span class='ocrx_word' id='word_1_143' title='bbox 133 1413 300 1444; x_wconf 83' lang='lat' dir='ltr'>retinendo</span> <span class='ocrx_word' id='word_1_144' title='bbox 326 1423 387 1444; x_wconf 90' lang='lat' dir='ltr'>non</span> <span class='ocrx_word' id='word_1_145' title='bbox 412 1414 565 1455; x_wconf 86' lang='lat' dir='ltr'>requisito</span> <span class='ocrx_word' id='word_1_146' title='bbox 590 1415 671 1445; x_wconf 84' lang='lat' dir='ltr'>infra</span> <span class='ocrx_word' id='word_1_147' title='bbox 695 1425 823 1446; x_wconf 87' lang='lat' dir='ltr'>annum.</span> <span class='ocrx_word' id='word_1_148' title='bbox 884 1415 926 1445; x_wconf 61' lang='grc' dir='ltr'>ΞΟ.</span> <span class='ocrx_word' id='word_1_149' title='bbox 973 1415 1089 1445; x_wconf 62' lang='lat' dir='ltr'>Pendet</span> <span class='ocrx_word' id='word_1_150' title='bbox 1119 1413 1254 1453; x_wconf 60' lang='lat' dir='ltr'>sissintm</span> <span class='ocrx_word' id='word_1_151' title='bbox 1285 1413 1401 1444; x_wconf 72' lang='lat' dir='ltr'>Zacsmn</span> <span class='ocrx_word' id='word_1_152' title='bbox 1428 1413 1491 1444; x_wconf 76' lang='lat' dir='ltr'>Zoro</span> <span class='ocrx_word' id='word_1_153' title='bbox 1519 1416 1755 1447; x_wconf 55' lang='lat' dir='ltr'>mama-mascaro.</span> 
     </span>
     <span class='ocr_line' id='line_1_23' title="bbox 137 1463 1758 1506; baseline 0.002 -12"><span class='ocrx_word' id='word_1_154' title='bbox 137 1463 183 1502; x_wconf 82' lang='lat' dir='ltr'>Cf.</span> <span class='ocrx_word' id='word_1_155' title='bbox 208 1464 244 1495; x_wconf 76' lang='lat' dir='ltr'>cle</span> <span class='ocrx_word' id='word_1_156' title='bbox 270 1464 329 1495; x_wconf 74' lang='lat' dir='ltr'>hac</span> <span class='ocrx_word' id='word_1_157' title='bbox 355 1466 509 1496; x_wconf 74' lang='lat' dir='ltr'>sententia</span> <span class='ocrx_word' id='word_1_158' title='bbox 536 1465 688 1505; x_wconf 63' lang='lat' dir='ltr'>Homeyrr</span> <span class='ocrx_word' id='word_1_159' title='bbox 711 1466 840 1506; x_wconf 66' lang='lat' dir='ltr'>‘System</span> <span class='ocrx_word' id='word_1_160' title='bbox 868 1466 919 1496; x_wconf 76' lang='lat' dir='ltr'>‹ch</span> <span class='ocrx_word' id='word_1_161' title='bbox 948 1466 1145 1496; x_wconf 59' lang='lat' dir='ltr'>LeJJnrcchts’</span> <span class='ocrx_word' id='word_1_162' title='bbox 1165 1477 1196 1504; x_wconf 75' lang='lat' dir='ltr'>p.</span> <span class='ocrx_word' id='word_1_163' title='bbox 1215 1467 1286 1497; x_wconf 67' lang='lat'>473.</span> <span class='ocrx_word' id='word_1_164' title='bbox 1311 1466 1379 1496; x_wconf 70' lang='lat'>513.</span> <span class='ocrx_word' id='word_1_165' title='bbox 1405 1465 1466 1494; x_wconf 65' lang='lat'>592</span> <span class='ocrx_word' id='word_1_166' title='bbox 1478 1476 1521 1505; x_wconf 78' lang='lat' dir='ltr'>sq.</span> <span class='ocrx_word' id='word_1_167' title='bbox 1551 1486 1586 1488; x_wconf 97' lang='lat'><strong>—</strong></span> <span class='ocrx_word' id='word_1_168' title='bbox 1616 1467 1758 1505; x_wconf 64' lang='lat' dir='ltr'>Bolum,</span> 
     </span>
     <span class='ocr_line' id='line_1_24' title="bbox 132 1514 1656 1559; baseline 0.002 -13"><span class='ocrx_word' id='word_1_169' title='bbox 132 1514 204 1555; x_wconf 74' lang='lat' dir='ltr'>Rey.</span> <span class='ocrx_word' id='word_1_170' title='bbox 223 1516 293 1555; x_wconf 69' lang='lat' dir='ltr'>imp.</span> <span class='ocrx_word' id='word_1_171' title='bbox 320 1516 372 1554; x_wconf 73' lang='lat' dir='ltr'>VI,</span> <span class='ocrx_word' id='word_1_172' title='bbox 390 1518 461 1548; x_wconf 75' lang='lat'>536.</span> <span class='ocrx_word' id='word_1_173' title='bbox 1492 1517 1545 1555; x_wconf 90' lang='lat' dir='ltr'>(P.</span> <span class='ocrx_word' id='word_1_174' title='bbox 1569 1520 1656 1559; x_wconf 64' lang='lat'><em>4002)</em></span> 
     </span>
    </p>
   </div>
   <div class='ocr_carea' id='block_1_14' title="bbox 132 1610 1759 2637">
    <p class='ocr_par' dir='ltr' id='par_1_14' title="bbox 133 1610 1759 1705">
     <span class='ocr_line' id='line_1_25' title="bbox 237 1610 1759 1654; baseline 0.001 -12"><span class='ocrx_word' id='word_1_175' title='bbox 237 1610 395 1642; x_wconf 85' lang='lat' dir='ltr'>Rudolfus</span> <span class='ocrx_word' id='word_1_176' title='bbox 419 1611 480 1643; x_wconf 89' lang='lat' dir='ltr'>Dei</span> <span class='ocrx_word' id='word_1_177' title='bbox 513 1612 622 1653; x_wconf 84' lang='lat' dir='ltr'>gracia</span> <span class='ocrx_word' id='word_1_178' title='bbox 638 1611 853 1643; x_wconf 85' lang='lat' dir='ltr'>Romanorum</span> <span class='ocrx_word' id='word_1_179' title='bbox 884 1623 941 1643; x_wconf 84' lang='lat' dir='ltr'>rex</span> <span class='ocrx_word' id='word_1_180' title='bbox 967 1622 1094 1654; x_wconf 87' lang='lat' dir='ltr'>semper</span> <span class='ocrx_word' id='word_1_181' title='bbox 1117 1615 1273 1652; x_wconf 84' lang='lat' dir='ltr'>augustus</span> <span class='ocrx_word' id='word_1_182' title='bbox 1298 1612 1453 1642; x_wconf 82' lang='lat' dir='ltr'>universis</span> <span class='ocrx_word' id='word_1_183' title='bbox 1479 1611 1602 1653; x_wconf 89' lang='lat' dir='ltr'>imperii</span> <span class='ocrx_word' id='word_1_184' title='bbox 1626 1612 1759 1644; x_wconf 83' lang='lat' dir='ltr'>Romani</span> 
     </span>
     <span class='ocr_line' id='line_1_26' title="bbox 133 1662 1441 1705; baseline 0 -12"><span class='ocrx_word' id='word_1_185' title='bbox 133 1662 280 1694; x_wconf 87' lang='lat' dir='ltr'>fidelibus</span> <span class='ocrx_word' id='word_1_186' title='bbox 304 1666 472 1705; x_wconf 83' lang='lat' dir='ltr'>presentes</span> <span class='ocrx_word' id='word_1_187' title='bbox 496 1664 620 1694; x_wconf 82' lang='lat' dir='ltr'>litteras</span> <span class='ocrx_word' id='word_1_188' title='bbox 644 1664 838 1705; x_wconf 85' lang='lat' dir='ltr'>inspecturis</span> <span class='ocrx_word' id='word_1_189' title='bbox 863 1664 1002 1704; x_wconf 80' lang='lat' dir='ltr'>graciam</span> <span class='ocrx_word' id='word_1_190' title='bbox 1028 1674 1117 1694; x_wconf 87' lang='lat' dir='ltr'>suam</span> <span class='ocrx_word' id='word_1_191' title='bbox 1143 1667 1174 1694; x_wconf 92' lang='lat' dir='ltr'>et</span> <span class='ocrx_word' id='word_1_192' title='bbox 1198 1674 1289 1694; x_wconf 89' lang='lat' dir='ltr'>omne</span> <span class='ocrx_word' id='word_1_193' title='bbox 1314 1663 1441 1693; x_wconf 82' lang='lat' dir='ltr'>bonum.</span> 
     </span>
    </p>

    <p class='ocr_par' dir='ltr' id='par_1_15' title="bbox 132 1714 1759 2637">
     <span class='ocr_line' id='line_1_27' title="bbox 240 1714 1759 1757; baseline -0.001 -11"><span class='ocrx_word' id='word_1_194' title='bbox 240 1714 465 1746; x_wconf 79' lang='lat' dir='ltr'>Existentibus</span> <span class='ocrx_word' id='word_1_195' title='bbox 490 1716 583 1746; x_wconf 89' lang='lat' dir='ltr'>nobis</span> <span class='ocrx_word' id='word_1_196' title='bbox 608 1715 692 1757; x_wconf 87' lang='lat' dir='ltr'>apud</span> <span class='ocrx_word' id='word_1_197' title='bbox 708 1715 905 1757; x_wconf 86' lang='lat' dir='ltr'>Bopardiam</span> <span class='ocrx_word' id='word_1_198' title='bbox 930 1715 1096 1751; x_wconf 82' lang='lat' dir='ltr'>dominica,</span> <span class='ocrx_word' id='word_1_199' title='bbox 1122 1725 1183 1756; x_wconf 85' lang='lat' dir='ltr'>qua</span> <span class='ocrx_word' id='word_1_200' title='bbox 1207 1718 1353 1745; x_wconf 80' lang='lat' dir='ltr'>cantatur</span> <span class='ocrx_word' id='word_1_201' title='bbox 1370 1714 1505 1745; x_wconf 88' lang='lat' dir='ltr'>Domine</span> <span class='ocrx_word' id='word_1_202' title='bbox 1531 1725 1570 1745; x_wconf 87' lang='lat' dir='ltr'>ne</span> <span class='ocrx_word' id='word_1_203' title='bbox 1595 1714 1697 1755; x_wconf 83' lang='lat' dir='ltr'>longe,</span> <span class='ocrx_word' id='word_1_204' title='bbox 1722 1726 1759 1745; x_wconf 84' lang='lat' dir='ltr'>ae</span> 
     </span>
     <span class='ocr_line' id='line_1_28' title="bbox 133 1766 1758 1808; baseline -0.001 -11"><span class='ocrx_word' id='word_1_205' title='bbox 133 1766 364 1798; x_wconf 89' lang='lat' dir='ltr'>venerabilium</span> <span class='ocrx_word' id='word_1_206' title='bbox 389 1791 419 1798; x_wconf 92' lang='lat'>..</span> <span class='ocrx_word' id='word_1_207' title='bbox 445 1767 635 1808; x_wconf 84' lang='lat' dir='ltr'>Maguntini,</span> <span class='ocrx_word' id='word_1_208' title='bbox 662 1792 692 1798; x_wconf 84' lang='lat'>..</span> <span class='ocrx_word' id='word_1_209' title='bbox 717 1767 926 1798; x_wconf 86' lang='lat' dir='ltr'>Treverensis</span> <span class='ocrx_word' id='word_1_210' title='bbox 951 1770 982 1797; x_wconf 89' lang='lat' dir='ltr'>et</span> <span class='ocrx_word' id='word_1_211' title='bbox 1008 1790 1038 1797; x_wconf 85' lang='lat'>..</span> <span class='ocrx_word' id='word_1_212' title='bbox 1064 1766 1265 1797; x_wconf 86' lang='lat' dir='ltr'>Coloniensis</span> <span class='ocrx_word' id='word_1_213' title='bbox 1290 1766 1603 1807; x_wconf 81' lang='lat' dir='ltr'>archiepiscoporum</span> <span class='ocrx_word' id='word_1_214' title='bbox 1628 1766 1758 1796; x_wconf 63' lang='lat' dir='ltr'>dilecto&lt;</span> 
     </span>
     <span class='ocr_line' id='line_1_29' title="bbox 132 1817 1759 1860; baseline -0.001 -12"><span class='ocrx_word' id='word_1_215' title='bbox 132 1827 201 1848; x_wconf 87' lang='lat' dir='ltr'>rum</span> <span class='ocrx_word' id='word_1_216' title='bbox 224 1821 404 1849; x_wconf 87' lang='lat' dir='ltr'>nostrorum</span> <span class='ocrx_word' id='word_1_217' title='bbox 422 1819 601 1860; x_wconf 81' lang='lat' dir='ltr'>principum</span> <span class='ocrx_word' id='word_1_218' title='bbox 621 1819 818 1859; x_wconf 85' lang='lat' dir='ltr'>aliorumque</span> <span class='ocrx_word' id='word_1_219' title='bbox 838 1819 999 1855; x_wconf 87' lang='lat' dir='ltr'>comitum,</span> <span class='ocrx_word' id='word_1_220' title='bbox 1024 1822 1219 1858; x_wconf 77' lang='lat' dir='ltr'>magnatum.</span> <span class='ocrx_word' id='word_1_221' title='bbox 1244 1817 1397 1848; x_wconf 87' lang='lat' dir='ltr'>nobilium</span> <span class='ocrx_word' id='word_1_222' title='bbox 1423 1820 1453 1847; x_wconf 89' lang='lat' dir='ltr'>et</span> <span class='ocrx_word' id='word_1_223' title='bbox 1471 1817 1593 1858; x_wconf 86' lang='lat' dir='ltr'>imperii</span> <span class='ocrx_word' id='word_1_224' title='bbox 1620 1817 1759 1847; x_wconf 84' lang='lat' dir='ltr'>fidelium</span> 
     </span>
     <span class='ocr_line' id='line_1_30' title="bbox 133 1868 1758 1912; baseline -0.001 -13"><span class='ocrx_word' id='word_1_225' title='bbox 133 1868 261 1910; x_wconf 85' lang='lat' dir='ltr'>copiosa</span> <span class='ocrx_word' id='word_1_226' title='bbox 295 1874 424 1902; x_wconf 86' lang='lat' dir='ltr'>caterva</span> <span class='ocrx_word' id='word_1_227' title='bbox 458 1871 578 1901; x_wconf 87' lang='lat' dir='ltr'>ibidem</span> <span class='ocrx_word' id='word_1_228' title='bbox 611 1870 836 1912; x_wconf 85' lang='lat' dir='ltr'>presentibus,</span> <span class='ocrx_word' id='word_1_229' title='bbox 872 1870 912 1900; x_wconf 86' lang='lat' dir='ltr'>ad</span> <span class='ocrx_word' id='word_1_230' title='bbox 946 1870 1132 1900; x_wconf 69' lang='lat' dir='ltr'>instanciam</span> <span class='ocrx_word' id='word_1_231' title='bbox 1163 1869 1329 1899; x_wconf 85' lang='lat' dir='ltr'>memorati</span> <span class='ocrx_word' id='word_1_232' title='bbox 1356 1893 1362 1899; x_wconf 94' lang='lat'>.</span> <span class='ocrx_word' id='word_1_233' title='bbox 1386 1893 1393 1900; x_wconf 88' lang='lat'>.</span> <span class='ocrx_word' id='word_1_234' title='bbox 1417 1868 1626 1899; x_wconf 79' lang='lat' dir='ltr'>Treverensis</span> <span class='ocrx_word' id='word_1_235' title='bbox 1656 1868 1758 1898; x_wconf 84' lang='lat' dir='ltr'>archi·</span> 
     </span>
     <span class='ocr_line' id='line_1_31' title="bbox 134 1919 1756 1963; baseline -0.001 -12"><span class='ocrx_word' id='word_1_236' title='bbox 134 1921 273 1963; x_wconf 86' lang='lat' dir='ltr'>episcopi</span> <span class='ocrx_word' id='word_1_237' title='bbox 298 1932 355 1963; x_wconf 87' lang='lat' dir='ltr'>per</span> <span class='ocrx_word' id='word_1_238' title='bbox 378 1922 519 1954; x_wconf 85' lang='lat' dir='ltr'>nobilem</span> <span class='ocrx_word' id='word_1_239' title='bbox 546 1923 646 1953; x_wconf 87' lang='lat' dir='ltr'>virum</span> <span class='ocrx_word' id='word_1_240' title='bbox 672 1921 890 1952; x_wconf 69' lang='lat' dir='ltr'>Ileinhardum</span> <span class='ocrx_word' id='word_1_241' title='bbox 915 1921 954 1952; x_wconf 87' lang='lat' dir='ltr'>de</span> <span class='ocrx_word' id='word_1_242' title='bbox 979 1921 1157 1962; x_wconf 75' lang='lat' dir='ltr'>Hagenoya</span> <span class='ocrx_word' id='word_1_243' title='bbox 1181 1920 1333 1951; x_wconf 86' lang='lat' dir='ltr'>dilectum</span> <span class='ocrx_word' id='word_1_244' title='bbox 1358 1923 1499 1950; x_wconf 85' lang='lat' dir='ltr'>nostrum</span> <span class='ocrx_word' id='word_1_245' title='bbox 1524 1919 1650 1950; x_wconf 86' lang='lat' dir='ltr'>fidelem</span> <span class='ocrx_word' id='word_1_246' title='bbox 1675 1920 1756 1961; x_wconf 84' lang='lat' dir='ltr'>peti-</span> 
     </span>
     <span class='ocr_line' id='line_1_32' title="bbox 134 1971 1758 2016; baseline -0.002 -12"><span class='ocrx_word' id='word_1_247' title='bbox 134 1977 200 2004; x_wconf 88' lang='lat' dir='ltr'>tum</span> <span class='ocrx_word' id='word_1_248' title='bbox 222 1975 282 2006; x_wconf 90' lang='lat' dir='ltr'>fuit</span> <span class='ocrx_word' id='word_1_249' title='bbox 311 1985 381 2005; x_wconf 88' lang='lat' dir='ltr'>cum</span> <span class='ocrx_word' id='word_1_250' title='bbox 406 1975 564 2005; x_wconf 79' lang='lat' dir='ltr'>instancia</span> <span class='ocrx_word' id='word_1_251' title='bbox 588 1984 644 2016; x_wconf 88' lang='lat' dir='ltr'>per</span> <span class='ocrx_word' id='word_1_252' title='bbox 668 1984 868 2004; x_wconf 86' lang='lat' dir='ltr'>communem</span> <span class='ocrx_word' id='word_1_253' title='bbox 893 1974 1032 2003; x_wconf 86' lang='lat' dir='ltr'>omnium</span> <span class='ocrx_word' id='word_1_254' title='bbox 1063 1973 1260 2003; x_wconf 81' lang='lat' dir='ltr'>sentenciam</span> <span class='ocrx_word' id='word_1_255' title='bbox 1290 1971 1434 2010; x_wconf 82' lang='lat' dir='ltr'>diffiniri,</span> <span class='ocrx_word' id='word_1_256' title='bbox 1466 1971 1539 2012; x_wconf 91' lang='lat' dir='ltr'>quid</span> <span class='ocrx_word' id='word_1_257' title='bbox 1572 1971 1648 2001; x_wconf 90' lang='lat' dir='ltr'>iuris</span> <span class='ocrx_word' id='word_1_258' title='bbox 1687 1982 1758 2001; x_wconf 87' lang='lat' dir='ltr'>esse</span> 
     </span>
     <span class='ocr_line' id='line_1_33' title="bbox 133 2023 1756 2067; baseline -0.002 -11"><span class='ocrx_word' id='word_1_259' title='bbox 133 2025 263 2065; x_wconf 86' lang='lat' dir='ltr'>debeat,</span> <span class='ocrx_word' id='word_1_260' title='bbox 292 2027 317 2058; x_wconf 90' lang='lat' dir='ltr'>si</span> <span class='ocrx_word' id='word_1_261' title='bbox 346 2027 503 2058; x_wconf 88' lang='lat' dir='ltr'>vassallus</span> <span class='ocrx_word' id='word_1_262' title='bbox 532 2027 631 2067; x_wconf 87' lang='lat' dir='ltr'>ipsius</span> <span class='ocrx_word' id='word_1_263' title='bbox 662 2026 805 2057; x_wconf 82' lang='lat' dir='ltr'>existens</span> <span class='ocrx_word' id='word_1_264' title='bbox 835 2026 864 2055; x_wconf 93' lang='lat' dir='ltr'>in</span> <span class='ocrx_word' id='word_1_265' title='bbox 897 2025 1059 2066; x_wconf 88' lang='lat' dir='ltr'>provincia</span> <span class='ocrx_word' id='word_1_266' title='bbox 1093 2027 1124 2055; x_wconf 87' lang='lat' dir='ltr'>et</span> <span class='ocrx_word' id='word_1_267' title='bbox 1154 2024 1340 2054; x_wconf 82' lang='lat' dir='ltr'>facultatem</span> <span class='ocrx_word' id='word_1_268' title='bbox 1372 2023 1493 2053; x_wconf 86' lang='lat' dir='ltr'>habens</span> <span class='ocrx_word' id='word_1_269' title='bbox 1522 2023 1625 2063; x_wconf 88' lang='lat' dir='ltr'>ipsum</span> <span class='ocrx_word' id='word_1_270' title='bbox 1653 2023 1756 2053; x_wconf 79' lang='lat' dir='ltr'>archi-</span> 
     </span>
     <span class='ocr_line' id='line_1_34' title="bbox 133 2074 1756 2120; baseline -0.003 -12"><span class='ocrx_word' id='word_1_271' title='bbox 133 2078 315 2120; x_wconf 85' lang='lat' dir='ltr'>episcopum</span> <span class='ocrx_word' id='word_1_272' title='bbox 341 2078 479 2110; x_wconf 88' lang='lat' dir='ltr'>adeundi</span> <span class='ocrx_word' id='word_1_273' title='bbox 503 2079 543 2109; x_wconf 87' lang='lat' dir='ltr'>ab</span> <span class='ocrx_word' id='word_1_274' title='bbox 568 2078 636 2119; x_wconf 91' lang='lat' dir='ltr'>ipso</span> <span class='ocrx_word' id='word_1_275' title='bbox 662 2078 744 2108; x_wconf 87' lang='lat' dir='ltr'>infra</span> <span class='ocrx_word' id='word_1_276' title='bbox 768 2077 862 2107; x_wconf 90' lang='lat' dir='ltr'>unius</span> <span class='ocrx_word' id='word_1_277' title='bbox 887 2077 961 2106; x_wconf 87' lang='lat' dir='ltr'>anni</span> <span class='ocrx_word' id='word_1_278' title='bbox 987 2076 1129 2117; x_wconf 76' lang='lat' dir='ltr'>spacium</span> <span class='ocrx_word' id='word_1_279' title='bbox 1155 2075 1282 2106; x_wconf 89' lang='lat' dir='ltr'>feodum</span> <span class='ocrx_word' id='word_1_280' title='bbox 1307 2085 1367 2105; x_wconf 89' lang='lat' dir='ltr'>non</span> <span class='ocrx_word' id='word_1_281' title='bbox 1392 2075 1531 2115; x_wconf 87' lang='lat' dir='ltr'>requirit.</span> <span class='ocrx_word' id='word_1_282' title='bbox 1572 2074 1612 2104; x_wconf 88' lang='lat' dir='ltr'>Et</span> <span class='ocrx_word' id='word_1_283' title='bbox 1635 2074 1756 2104; x_wconf 87' lang='lat' dir='ltr'>delibe-</span> 
     </span>
     <span class='ocr_line' id='line_1_35' title="bbox 133 2125 1757 2171; baseline -0.003 -11"><span class='ocrx_word' id='word_1_284' title='bbox 133 2133 201 2160; x_wconf 86' lang='lat' dir='ltr'>rato</span> <span class='ocrx_word' id='word_1_285' title='bbox 225 2130 381 2161; x_wconf 82' lang='lat' dir='ltr'>dictorum</span> <span class='ocrx_word' id='word_1_286' title='bbox 407 2155 414 2162; x_wconf 94' lang='lat'>.</span> <span class='ocrx_word' id='word_1_287' title='bbox 432 2155 438 2162; x_wconf 88' lang='lat'><em>.</em></span> <span class='ocrx_word' id='word_1_288' title='bbox 463 2130 645 2171; x_wconf 83' lang='lat' dir='ltr'>Maguntini</span> <span class='ocrx_word' id='word_1_289' title='bbox 676 2133 707 2160; x_wconf 90' lang='lat' dir='ltr'>et</span> <span class='ocrx_word' id='word_1_290' title='bbox 733 2153 762 2160; x_wconf 91' lang='lat'>..</span> <span class='ocrx_word' id='word_1_291' title='bbox 788 2128 990 2159; x_wconf 84' lang='lat' dir='ltr'>Coloniensis</span> <span class='ocrx_word' id='word_1_292' title='bbox 1021 2127 1333 2168; x_wconf 85' lang='lat' dir='ltr'>archiepiscoporum</span> <span class='ocrx_word' id='word_1_293' title='bbox 1365 2136 1401 2156; x_wconf 83' lang='lat' dir='ltr'>ac</span> <span class='ocrx_word' id='word_1_294' title='bbox 1435 2126 1564 2156; x_wconf 82' lang='lat' dir='ltr'>aliorum</span> <span class='ocrx_word' id='word_1_295' title='bbox 1594 2125 1757 2161; x_wconf 80' lang='lat' dir='ltr'>baronum,</span> 
     </span>
     <span class='ocr_line' id='line_1_36' title="bbox 133 2179 1757 2223; baseline -0.002 -12"><span class='ocrx_word' id='word_1_296' title='bbox 133 2185 329 2222; x_wconf 85' lang='lat' dir='ltr'>magnatum,</span> <span class='ocrx_word' id='word_1_297' title='bbox 354 2182 507 2213; x_wconf 89' lang='lat' dir='ltr'>nobilium</span> <span class='ocrx_word' id='word_1_298' title='bbox 533 2186 564 2212; x_wconf 85' lang='lat' dir='ltr'>et</span> <span class='ocrx_word' id='word_1_299' title='bbox 587 2182 714 2223; x_wconf 89' lang='lat' dir='ltr'>imperii</span> <span class='ocrx_word' id='word_1_300' title='bbox 739 2182 882 2213; x_wconf 85' lang='lat' dir='ltr'>fidelium</span> <span class='ocrx_word' id='word_1_301' title='bbox 907 2185 982 2212; x_wconf 87' lang='lat' dir='ltr'>tunc</span> <span class='ocrx_word' id='word_1_302' title='bbox 1006 2182 1207 2222; x_wconf 85' lang='lat' dir='ltr'>presencium</span> <span class='ocrx_word' id='word_1_303' title='bbox 1234 2181 1364 2211; x_wconf 87' lang='lat' dir='ltr'>consilio</span> <span class='ocrx_word' id='word_1_304' title='bbox 1390 2183 1439 2210; x_wconf 87' lang='lat' dir='ltr'>est</span> <span class='ocrx_word' id='word_1_305' title='bbox 1456 2179 1695 2211; x_wconf 79' lang='lat' dir='ltr'>sentencialiter</span> <span class='ocrx_word' id='word_1_306' title='bbox 1718 2179 1757 2209; x_wconf 84' lang='lat' dir='ltr'>ab</span> 
     </span>
     <span class='ocr_line' id='line_1_37' title="bbox 133 2231 1756 2276; baseline -0.003 -11"><span class='ocrx_word' id='word_1_307' title='bbox 133 2234 279 2265; x_wconf 80' lang='lat' dir='ltr'>omnibus</span> <span class='ocrx_word' id='word_1_308' title='bbox 296 2235 519 2276; x_wconf 82' lang='lat' dir='ltr'>approbatum,</span> <span class='ocrx_word' id='word_1_309' title='bbox 544 2233 629 2275; x_wconf 87' lang='lat' dir='ltr'>quod</span> <span class='ocrx_word' id='word_1_310' title='bbox 647 2234 749 2265; x_wconf 87' lang='lat' dir='ltr'>dictus</span> <span class='ocrx_word' id='word_1_311' title='bbox 767 2234 1029 2274; x_wconf 81' lang='lat' dir='ltr'>archiepiscopus</span> <span class='ocrx_word' id='word_1_312' title='bbox 1047 2232 1173 2263; x_wconf 87' lang='lat' dir='ltr'>feodum</span> <span class='ocrx_word' id='word_1_313' title='bbox 1191 2231 1372 2262; x_wconf 86' lang='lat' dir='ltr'>huiusmodi</span> <span class='ocrx_word' id='word_1_314' title='bbox 1389 2244 1407 2262; x_wconf 82' lang='lat' dir='ltr'>a</span> <span class='ocrx_word' id='word_1_315' title='bbox 1424 2231 1562 2261; x_wconf 78' lang='lat' dir='ltr'>vassallo</span> <span class='ocrx_word' id='word_1_316' title='bbox 1581 2231 1641 2260; x_wconf 81' lang='lat' dir='ltr'>sibi</span> <span class='ocrx_word' id='word_1_317' title='bbox 1658 2234 1756 2261; x_wconf 81' lang='lat' dir='ltr'>retra-</span> 
     </span>
     <span class='ocr_line' id='line_1_38' title="bbox 132 2281 1756 2326; baseline -0.002 -11"><span class='ocrx_word' id='word_1_318' title='bbox 132 2285 209 2317; x_wconf 87' lang='lat' dir='ltr'>here</span> <span class='ocrx_word' id='word_1_319' title='bbox 233 2286 341 2317; x_wconf 80' lang='lat' dir='ltr'>valeat</span> <span class='ocrx_word' id='word_1_320' title='bbox 364 2286 573 2317; x_wconf 87' lang='lat' dir='ltr'>detinendum</span> <span class='ocrx_word' id='word_1_321' title='bbox 597 2286 690 2316; x_wconf 90' lang='lat' dir='ltr'>unius</span> <span class='ocrx_word' id='word_1_322' title='bbox 724 2286 797 2316; x_wconf 82' lang='lat' dir='ltr'>anni</span> <span class='ocrx_word' id='word_1_323' title='bbox 827 2285 936 2326; x_wconf 86' lang='lat' dir='ltr'>spacio</span> <span class='ocrx_word' id='word_1_324' title='bbox 967 2285 1035 2315; x_wconf 90' lang='lat' dir='ltr'>sine</span> <span class='ocrx_word' id='word_1_325' title='bbox 1065 2284 1303 2325; x_wconf 80' lang='lat' dir='ltr'>possessionum</span> <span class='ocrx_word' id='word_1_326' title='bbox 1336 2281 1517 2313; x_wconf 88' lang='lat' dir='ltr'>huiusmodi</span> <span class='ocrx_word' id='word_1_327' title='bbox 1544 2285 1575 2312; x_wconf 88' lang='lat' dir='ltr'>et</span> <span class='ocrx_word' id='word_1_328' title='bbox 1600 2282 1756 2312; x_wconf 79' lang='lat' dir='ltr'>fructuum</span> 
     </span>
     <span class='ocr_line' id='line_1_39' title="bbox 132 2333 1756 2379; baseline -0.003 -12"><span class='ocrx_word' id='word_1_329' title='bbox 132 2337 315 2368; x_wconf 85' lang='lat' dir='ltr'>earumdem</span> <span class='ocrx_word' id='word_1_330' title='bbox 340 2337 482 2379; x_wconf 85' lang='lat' dir='ltr'>qualibet</span> <span class='ocrx_word' id='word_1_331' title='bbox 508 2338 637 2375; x_wconf 87' lang='lat' dir='ltr'>lesione,</span> <span class='ocrx_word' id='word_1_332' title='bbox 662 2340 697 2367; x_wconf 89' lang='lat' dir='ltr'>ut</span> <span class='ocrx_word' id='word_1_333' title='bbox 720 2337 801 2367; x_wconf 86' lang='lat' dir='ltr'>infra</span> <span class='ocrx_word' id='word_1_334' title='bbox 825 2336 898 2367; x_wconf 86' lang='lat' dir='ltr'>dicti</span> <span class='ocrx_word' id='word_1_335' title='bbox 916 2336 1065 2377; x_wconf 87' lang='lat' dir='ltr'>temporis</span> <span class='ocrx_word' id='word_1_336' title='bbox 1086 2335 1239 2376; x_wconf 85' lang='lat' dir='ltr'>spacium,</span> <span class='ocrx_word' id='word_1_337' title='bbox 1264 2334 1412 2365; x_wconf 85' lang='lat' dir='ltr'>veniente</span> <span class='ocrx_word' id='word_1_338' title='bbox 1430 2333 1565 2364; x_wconf 83' lang='lat' dir='ltr'>vassallo</span> <span class='ocrx_word' id='word_1_339' title='bbox 1583 2336 1614 2364; x_wconf 87' lang='lat' dir='ltr'>ot</span> <span class='ocrx_word' id='word_1_340' title='bbox 1631 2333 1756 2364; x_wconf 82' lang='lat' dir='ltr'>feodum</span> 
     </span>
     <span class='ocr_line' id='line_1_40' title="bbox 133 2385 1755 2430; baseline -0.003 -11"><span class='ocrx_word' id='word_1_341' title='bbox 133 2388 296 2420; x_wconf 88' lang='lat' dir='ltr'>obtinente</span> <span class='ocrx_word' id='word_1_342' title='bbox 313 2390 466 2430; x_wconf 73' lang='lat' dir='ltr'>legitime,</span> <span class='ocrx_word' id='word_1_343' title='bbox 490 2389 575 2420; x_wconf 85' lang='lat' dir='ltr'>idem</span> <span class='ocrx_word' id='word_1_344' title='bbox 598 2389 727 2420; x_wconf 85' lang='lat' dir='ltr'>feodum</span> <span class='ocrx_word' id='word_1_345' title='bbox 744 2399 835 2419; x_wconf 89' lang='lat' dir='ltr'>suum</span> <span class='ocrx_word' id='word_1_346' title='bbox 852 2388 972 2428; x_wconf 87' lang='lat' dir='ltr'>absque</span> <span class='ocrx_word' id='word_1_347' title='bbox 991 2387 1203 2417; x_wconf 85' lang='lat' dir='ltr'>diminucione</span> <span class='ocrx_word' id='word_1_348' title='bbox 1222 2389 1400 2427; x_wconf 78' lang='lat' dir='ltr'>recuperet,</span> <span class='ocrx_word' id='word_1_349' title='bbox 1424 2385 1506 2416; x_wconf 86' lang='lat' dir='ltr'>ultra</span> <span class='ocrx_word' id='word_1_350' title='bbox 1523 2385 1594 2415; x_wconf 88' lang='lat' dir='ltr'>anni</span> <span class='ocrx_word' id='word_1_351' title='bbox 1613 2385 1755 2425; x_wconf 78' lang='lat' dir='ltr'>spacium</span> 
     </span>
     <span class='ocr_line' id='line_1_41' title="bbox 132 2436 1756 2477; baseline -0.004 -7"><span class='ocrx_word' id='word_1_352' title='bbox 132 2441 314 2472; x_wconf 86' lang='lat' dir='ltr'>nullatenus</span> <span class='ocrx_word' id='word_1_353' title='bbox 357 2441 544 2472; x_wconf 87' lang='lat' dir='ltr'>audiendus.</span> <span class='ocrx_word' id='word_1_354' title='bbox 595 2441 751 2472; x_wconf 80' lang='lat' dir='ltr'>Preterea</span> <span class='ocrx_word' id='word_1_355' title='bbox 792 2443 840 2471; x_wconf 88' lang='lat' dir='ltr'>est</span> <span class='ocrx_word' id='word_1_356' title='bbox 877 2439 1116 2470; x_wconf 79' lang='lat' dir='ltr'>sentencialiter</span> <span class='ocrx_word' id='word_1_357' title='bbox 1157 2438 1341 2477; x_wconf 79' lang='lat' dir='ltr'>diffinitum,</span> <span class='ocrx_word' id='word_1_358' title='bbox 1383 2437 1466 2477; x_wconf 87' lang='lat' dir='ltr'>quod</span> <span class='ocrx_word' id='word_1_359' title='bbox 1510 2436 1567 2466; x_wconf 85' lang='lat' dir='ltr'>etsi</span> <span class='ocrx_word' id='word_1_360' title='bbox 1602 2436 1756 2466; x_wconf 69' lang='lat' dir='ltr'>vassallus</span> 
     </span>
     <span class='ocr_line' id='line_1_42' title="bbox 135 2487 1754 2530; baseline -0.004 -8"><span class='ocrx_word' id='word_1_361' title='bbox 135 2491 261 2523; x_wconf 88' lang='lat' dir='ltr'>feodum</span> <span class='ocrx_word' id='word_1_362' title='bbox 285 2492 469 2524; x_wconf 84' lang='lat' dir='ltr'>huiusmodi</span> <span class='ocrx_word' id='word_1_363' title='bbox 494 2493 524 2523; x_wconf 92' lang='lat' dir='ltr'>in</span> <span class='ocrx_word' id='word_1_364' title='bbox 550 2493 647 2523; x_wconf 86' lang='lat' dir='ltr'>alium</span> <span class='ocrx_word' id='word_1_365' title='bbox 672 2492 882 2529; x_wconf 82' lang='lat' dir='ltr'>transtulerit,</span> <span class='ocrx_word' id='word_1_366' title='bbox 906 2491 1133 2521; x_wconf 86' lang='lat' dir='ltr'>nichilominus</span> <span class='ocrx_word' id='word_1_367' title='bbox 1163 2493 1269 2520; x_wconf 83' lang='lat' dir='ltr'>tamen</span> <span class='ocrx_word' id='word_1_368' title='bbox 1295 2489 1362 2530; x_wconf 78' lang='lat' dir='ltr'>ipse</span> <span class='ocrx_word' id='word_1_369' title='bbox 1386 2488 1645 2529; x_wconf 68' lang='lat' dir='ltr'>archiepiscopus</span> <span class='ocrx_word' id='word_1_370' title='bbox 1672 2487 1754 2516; x_wconf 75' lang='lat' dir='ltr'>feodi</span> 
     </span>
     <span class='ocr_line' id='line_1_43' title="bbox 133 2538 1754 2581; baseline -0.005 -8"><span class='ocrx_word' id='word_1_371' title='bbox 133 2542 278 2575; x_wconf 88' lang='lat' dir='ltr'>dominus</span> <span class='ocrx_word' id='word_1_372' title='bbox 296 2544 335 2575; x_wconf 87' lang='lat' dir='ltr'>ad</span> <span class='ocrx_word' id='word_1_373' title='bbox 352 2556 386 2576; x_wconf 90' lang='lat' dir='ltr'>se</span> <span class='ocrx_word' id='word_1_374' title='bbox 404 2544 533 2575; x_wconf 89' lang='lat' dir='ltr'>feodum</span> <span class='ocrx_word' id='word_1_375' title='bbox 550 2544 733 2574; x_wconf 89' lang='lat' dir='ltr'>huiusmodi</span> <span class='ocrx_word' id='word_1_376' title='bbox 752 2542 915 2574; x_wconf 86' lang='lat' dir='ltr'>revocabit</span> <span class='ocrx_word' id='word_1_377' title='bbox 941 2542 999 2572; x_wconf 87' lang='lat' dir='ltr'>sub</span> <span class='ocrx_word' id='word_1_378' title='bbox 1025 2541 1116 2571; x_wconf 88' lang='lat' dir='ltr'>modo</span> <span class='ocrx_word' id='word_1_379' title='bbox 1142 2545 1173 2571; x_wconf 84' lang='lat' dir='ltr'>et</span> <span class='ocrx_word' id='word_1_380' title='bbox 1190 2541 1298 2575; x_wconf 86' lang='lat' dir='ltr'>forma,</span> <span class='ocrx_word' id='word_1_381' title='bbox 1324 2541 1375 2581; x_wconf 90' lang='lat' dir='ltr'>qui</span> <span class='ocrx_word' id='word_1_382' title='bbox 1401 2539 1439 2569; x_wconf 80' lang='lat' dir='ltr'>de</span> <span class='ocrx_word' id='word_1_383' title='bbox 1458 2538 1593 2568; x_wconf 77' lang='lat' dir='ltr'>vassallo</span> <span class='ocrx_word' id='word_1_384' title='bbox 1612 2539 1754 2577; x_wconf 65' lang='lat' dir='ltr'>superius</span> 
     </span>
     <span class='ocr_line' id='line_1_44' title="bbox 133 2588 1753 2637; baseline -0.006 -11"><span class='ocrx_word' id='word_1_385' title='bbox 133 2599 205 2626; x_wconf 84' lang='lat' dir='ltr'>sunt</span> <span class='ocrx_word' id='word_1_386' title='bbox 222 2596 377 2637; x_wconf 83' lang='lat' dir='ltr'>expressi.</span> <span class='ocrx_word' id='word_1_387' title='bbox 413 2595 455 2626; x_wconf 90' lang='lat' dir='ltr'>Et</span> <span class='ocrx_word' id='word_1_388' title='bbox 478 2596 504 2626; x_wconf 86' lang='lat' dir='ltr'>si</span> <span class='ocrx_word' id='word_1_389' title='bbox 529 2596 568 2627; x_wconf 91' lang='lat' dir='ltr'>ob</span> <span class='ocrx_word' id='word_1_390' title='bbox 585 2595 764 2637; x_wconf 83' lang='lat' dir='ltr'>potenciam</span> <span class='ocrx_word' id='word_1_391' title='bbox 784 2594 979 2636; x_wconf 82' lang='lat' dir='ltr'>possessoris</span> <span class='ocrx_word' id='word_1_392' title='bbox 1004 2592 1089 2623; x_wconf 86' lang='lat' dir='ltr'>feodi</span> <span class='ocrx_word' id='word_1_393' title='bbox 1107 2592 1189 2622; x_wconf 80' lang='lat' dir='ltr'>idem</span> <span class='ocrx_word' id='word_1_394' title='bbox 1207 2591 1466 2632; x_wconf 66' lang='lat' dir='ltr'>archiepiscopus</span> <span class='ocrx_word' id='word_1_395' title='bbox 1493 2588 1571 2619; x_wconf 85' lang='lat' dir='ltr'>illud</span> <span class='ocrx_word' id='word_1_396' title='bbox 1590 2589 1753 2618; x_wconf 63' lang='lat' dir='ltr'>commode</span> 
     </span>
    </p>
   </div>
   <div class='ocr_carea' id='block_1_15' title="bbox 82 2640 1753 2686">
    <p class='ocr_par' dir='ltr' id='par_1_16' title="bbox 82 2640 1753 2686">
     <span class='ocr_line' id='line_1_45' title="bbox 82 2640 1753 2686; baseline -0.007 -7"><span class='ocrx_word' id='word_1_397' title='bbox 82 2644 102 2653; x_wconf 52' lang='lat'>⁸</span> <span class='ocrx_word' id='word_1_398' title='bbox 133 2657 283 2678; x_wconf 85' lang='lat' dir='ltr'>revocare</span> <span class='ocrx_word' id='word_1_399' title='bbox 308 2658 370 2678; x_wconf 91' lang='lat' dir='ltr'>non</span> <span class='ocrx_word' id='word_1_400' title='bbox 387 2648 504 2686; x_wconf 85' lang='lat' dir='ltr'>valeat,</span> <span class='ocrx_word' id='word_1_401' title='bbox 531 2650 578 2678; x_wconf 89' lang='lat' dir='ltr'>est</span> <span class='ocrx_word' id='word_1_402' title='bbox 602 2647 759 2677; x_wconf 89' lang='lat' dir='ltr'>communi</span> <span class='ocrx_word' id='word_1_403' title='bbox 785 2646 925 2677; x_wconf 89' lang='lat' dir='ltr'>omnium</span> <span class='ocrx_word' id='word_1_404' title='bbox 950 2644 1114 2675; x_wconf 79' lang='lat' dir='ltr'>sentencia</span> <span class='ocrx_word' id='word_1_405' title='bbox 1132 2643 1354 2685; x_wconf 76' lang='lat' dir='ltr'>approbatum,</span> <span class='ocrx_word' id='word_1_406' title='bbox 1380 2640 1461 2682; x_wconf 81' lang='lat' dir='ltr'>qnod</span> <span class='ocrx_word' id='word_1_407' title='bbox 1487 2651 1540 2670; x_wconf 77' lang='lat' dir='ltr'>nos</span> <span class='ocrx_word' id='word_1_408' title='bbox 1565 2640 1753 2669; x_wconf 69' lang='lat' dir='ltr'>alu-torimle</span> 
     </span>
    </p>
   </div>
   <div class='ocr_carea' id='block_1_16' title="bbox 83 2764 108 2782">
    <p class='ocr_par' dir='ltr' id='par_1_17' title="bbox 83 2764 108 2782">
     <span class='ocr_line' id='line_1_46' title="bbox 83 2764 108 2782; baseline 0 0"><span class='ocrx_word' id='word_1_409' title='bbox 83 2764 108 2782; x_wconf 75' lang='lat'>4⁰</span> 
     </span>
    </p>
   </div>
   <div class='ocr_carea' id='block_1_17' title="bbox 133 2691 1752 2788">
    <p class='ocr_par' dir='ltr' id='par_1_18' title="bbox 133 2691 1752 2788">
     <span class='ocr_line' id='line_1_47' title="bbox 133 2691 1752 2740; baseline -0.007 -11"><span class='ocrx_word' id='word_1_410' title='bbox 133 2698 223 2739; x_wconf 85' lang='lat' dir='ltr'>regia</span> <span class='ocrx_word' id='word_1_411' title='bbox 245 2699 306 2740; x_wconf 90' lang='lat' dir='ltr'>ipsi</span> <span class='ocrx_word' id='word_1_412' title='bbox 323 2699 566 2740; x_wconf 83' lang='lat' dir='ltr'>archiepiscopo</span> <span class='ocrx_word' id='word_1_413' title='bbox 592 2698 632 2729; x_wconf 88' lang='lat' dir='ltr'>ad</span> <span class='ocrx_word' id='word_1_414' title='bbox 656 2698 870 2729; x_wconf 85' lang='lat' dir='ltr'>temeritatem</span> <span class='ocrx_word' id='word_1_415' title='bbox 895 2700 927 2727; x_wconf 90' lang='lat' dir='ltr'>et</span> <span class='ocrx_word' id='word_1_416' title='bbox 945 2696 1133 2727; x_wconf 85' lang='lat' dir='ltr'>violenciam</span> <span class='ocrx_word' id='word_1_417' title='bbox 1159 2693 1338 2725; x_wconf 77' lang='lat' dir='ltr'>huiusmodi</span> <span class='ocrx_word' id='word_1_418' title='bbox 1358 2691 1587 2732; x_wconf 61' lang='lat' dir='ltr'>rum-inwndam</span> <span class='ocrx_word' id='word_1_419' title='bbox 1606 2691 1752 2720; x_wconf 53' lang='lat' dir='ltr'>assistere</span> 
     </span>
     <span class='ocr_line' id='line_1_48' title="bbox 134 2742 1751 2788; baseline -0.007 -6"><span class='ocrx_word' id='word_1_420' title='bbox 134 2749 320 2782; x_wconf 79' lang='lat' dir='ltr'>debeamus.</span> <span class='ocrx_word' id='word_1_421' title='bbox 365 2750 432 2781; x_wconf 90' lang='lat' dir='ltr'>Nos</span> <span class='ocrx_word' id='word_1_422' title='bbox 463 2754 569 2781; x_wconf 85' lang='lat' dir='ltr'>autem</span> <span class='ocrx_word' id='word_1_423' title='bbox 594 2749 774 2780; x_wconf 89' lang='lat' dir='ltr'>huiusmodi</span> <span class='ocrx_word' id='word_1_424' title='bbox 799 2748 980 2779; x_wconf 79' lang='lat' dir='ltr'>sentencias</span> <span class='ocrx_word' id='word_1_425' title='bbox 1005 2750 1114 2788; x_wconf 85' lang='lat' dir='ltr'>utpote</span> <span class='ocrx_word' id='word_1_426' title='bbox 1141 2747 1198 2776; x_wconf 85' lang='lat' dir='ltr'>rite</span> <span class='ocrx_word' id='word_1_427' title='bbox 1224 2750 1255 2775; x_wconf 86' lang='lat' dir='ltr'>et</span> <span class='ocrx_word' id='word_1_428' title='bbox 1280 2743 1514 2775; x_wconf 67' lang='lat' dir='ltr'>1·a‹·i··ual,›iliter</span> <span class='ocrx_word' id='word_1_429' title='bbox 1539 2742 1751 2782; x_wconf 59' lang='lat' dir='ltr'>promulgatas</span> 
     </span>
    </p>
   </div>
   <div class='ocr_carea' id='block_1_18' title="bbox 135 2794 1750 2867">
    <p class='ocr_par' dir='ltr' id='par_1_19' title="bbox 135 2794 1750 2867">
     <span class='ocr_line' id='line_1_49' title="bbox 135 2794 1750 2842; baseline -0.007 -10"><span class='ocrx_word' id='word_1_430' title='bbox 135 2804 241 2842; x_wconf 79' lang='lat' dir='ltr'>gratas</span> <span class='ocrx_word' id='word_1_431' title='bbox 270 2802 426 2834; x_wconf 83' lang='lat' dir='ltr'>habentes</span> <span class='ocrx_word' id='word_1_432' title='bbox 456 2806 488 2833; x_wconf 84' lang='lat' dir='ltr'>et</span> <span class='ocrx_word' id='word_1_433' title='bbox 518 2805 602 2833; x_wconf 83' lang='lat' dir='ltr'>ratas</span> <span class='ocrx_word' id='word_1_434' title='bbox 638 2812 674 2831; x_wconf 80' lang='lat' dir='ltr'>ac</span> <span class='ocrx_word' id='word_1_435' title='bbox 705 2801 791 2842; x_wconf 83' lang='lat' dir='ltr'>ipsas</span> <span class='ocrx_word' id='word_1_436' title='bbox 823 2799 1047 2840; x_wconf 77' lang='lat' dir='ltr'>¹nichilominus</span> <span class='ocrx_word' id='word_1_437' title='bbox 1083 2797 1312 2838; x_wconf 71' lang='lat' dir='ltr'>approbantes.</span> <span class='ocrx_word' id='word_1_438' title='bbox 1350 2806 1402 2825; x_wconf 62' lang='lat' dir='ltr'>eus</span> <span class='ocrx_word' id='word_1_439' title='bbox 1441 2794 1639 2833; x_wconf 60' lang='lat' dir='ltr'>presentibus</span> <span class='ocrx_word' id='word_1_440' title='bbox 1678 2803 1750 2821; x_wconf 64' lang='lat' dir='ltr'>von-</span> 
     </span>
     <span class='ocr_line' id='line_1_50' title="bbox 1511 2844 1548 2867; baseline -0.081 0"><span class='ocrx_word' id='word_1_441' title='bbox 1511 2844 1548 2867; x_wconf 63' lang='grc'>13·</span> 
     </span>
    </p>
   </div>
  </div>
 </body>
</html>
