2259 3116
433 170 494 198 5133
790 163 921 190 ADOLFI
941 164 1044 190 REGIS
1064 165 1390 191 CONSTITL'TIONES.
1430 165 1502 190 1297.
1539 164 1588 190 ΝΥ.
1601 165 1659 190 574.
1679 165 1736 190 575.

434 252 508 283 inde
534 252 774 283 deliberacione
799 251 933 292 provida
958 251 1201 293 pertractandis.
1293 251 1341 293 (2)
1364 251 1406 282 Et
1430 252 1504 292 quia
1528 253 1636 281 contra
1661 260 1771 291 regem
1796 250 1930 281 Francie
1954 260 2082 282 manum

433 314 598 344 apponere
624 315 685 334 non
710 303 898 344 possumusd
923 314 994 334 cum
1019 304 1225 334 connivencia
1249 314 1307 334 nec
1333 303 1499 335 debemus,
1524 305 1695 343 antequam
1720 304 1831 332 mutuo
1856 301 2084 343 colloquamur,

434 366 493 385 nec
524 355 674 396 expedite
706 355 819 386 honori
848 355 899 385 vel
929 355 1061 386 utilitati
1088 355 1254 395 utriusque
1282 359 1440 395 nostrum,
1465 353 1719 396 predestinatum
1756 353 1854 384 animi
1883 354 1983 384 nostri
2012 365 2085 394 pro-

434 407 573 447 positum
599 410 707 437 contra
734 418 806 437 eum
830 407 964 438 ulterius
989 407 1152 448 protelari,
1178 407 1252 447 quin
1277 407 1388 447 pocius
1413 407 1533 437 factum
1556 405 1701 446 aggredi,
1724 407 1760 435 ut
1783 415 1834 435 res
1851 405 2032 436 desideratf
2055 409 2086 436 et

434 459 589 498 temporis
613 459 820 499 expostulatg
844 458 1002 499 aptitudo,
1027 458 1259 489 excellenciam
1275 462 1413 489 vestram
1431 458 1622 499 requirimus
1645 460 1677 487 et
1693 457 1867 496 hortamur,
1894 455 2084 499 [quatinus]¹¹
2119 466 2130 484 ⁵

435 509 476 539 ad
508 510 695 540 comitatum
720 509 921 550 Hoylandie,
952 510 992 540 ad
1021 520 1116 551 quem
1145 520 1275 540 securus
1299 510 1389 540 vobis
1413 512 1503 551 patet
1526 518 1690 548 accessuS‚
1720 511 1859 539 vestram
1888 509 2086 548 presenciam

435 561 636 601 quamtocius
653 561 836 601 conferatis,
861 565 896 591 ut
922 561 1042 592 ibidem
1067 562 1097 591 in
1122 560 1225 592 terrai
1249 561 1433 601 spectabilis
1457 561 1536 591 viri¹
1561 560 1671 601 generi
1693 560 1790 590 vestri
1814 563 1846 590 et
1863 560 2086 600 consanguinei

437 611 568 644 nosti-ik.
603 613 656 652 qui
687 622 800 642 revera
830 612 918 643 locus
948 612 989 643 ad
1013 612 1046 643 id
1069 613 1172 653 magis
1196 615 1290 652 aptus
1314 611 1464 651 habetur,
1495 612 1653 653 possimus
1675 610 1800 641 mutuo¹
1823 614 1932 642 nostra
1955 612 2086 652 negocia

435 666 653 703 pertractare.
689 663 846 704 nobisque
883 674 941 704 per
975 664 1114 694 celerem
1149 664 1298 694 nuncium
1330 663 1528 694 voluntatem
1557 666 1697 693 vestram
1727 662 1880 693 intimetis
1908 665 1941 693 et
1963 663 2088 703 quando

436 714 527 745 vobis
558 725 727 745 occurrere
759 714 951 753 debeamus,
980 715 1112 755 paratim
1136 714 1168 744 id
1193 715 1311 755 exequi
1334 715 1423 745 iuxta
1448 717 1566 745 votum.
1613 713 1655 744 Et
1678 714 1754 744 licet
1778 713 1947 754 expedicio
1976 713 2088 745 festina
2109 723 2131 740 10

435 766 563 806 negocii
586 765 793 806 persuadeat,
820 769 856 796 ut
879 767 984 796 statim
1010 767 1077 796 sine
1095 766 1191 796 armis
1214 766 1427 806 personaliter
1443 766 1588 804 veniatis,
1614 765 1747 805 expedit
1764 768 1882 805 tamen,
1905 768 1941 795 ut
1963 775 1982 796 a
1999 768 2088 806 tergo

436 828 508 847 cum
541 820 646 847 vestra
676 818 794 848 milicia
825 821 857 848 et
885 818 956 848 aliis
986 817 1174 848 necessariis
1207 818 1355 847 continuo
1386 817 1493 847 taliter
1520 827 1577 847 vos
1604 817 1738 857 paretiS,
1773 820 1808 847 ut
1834 816 1864 846 in
1894 817 2088 848 execucione

435 869 718 900 deliberandorum
752 872 864 899 mutuo
894 880 980 899 mora
1014 868 1139 909 longior
1167 879 1229 898 non
1260 872 1420 909 queratur.
1468 868 1551 899 Nam
1579 879 1636 909 pro
1665 871 1756 908 parte
1786 870 1894 898 nostra
1924 868 2090 898 invenietis

434 931 491 950 nos
516 921 560 951 sic
585 921 758 953 accinctos.
786 920 894 961 quodn
918 920 1110 951 dilacionem
1135 920 1275 960 aliquam
1300 931 1363 950 non
1388 920 1448 950 erit
1471 920 1687 950 necessarium
1711 920 1879 960 interponi.
1919 918 2089 960 Speramus

435 972 569 1011 etenim,
605 972 691 1012 quod
728 972 856 1002 favente
885 972 979 1002 nobis
1009 971 1145 1002 dextera
1182 971 1287 1002 divine
1316 972 1454 1011 virtutis,
1490 971 1664 1002 dummodo
1698 971 1832 1001 viriliter
1865 970 2090 1011 aggrediamur
2109 983 2130 1002 ιε

435 1023 616 1063 negocium,
640 1023 737 1063 potiri
762 1023 939 1053 debeamus
966 1022 1166 1053 beatitudine
1191 1033 1395 1053 successuum
1420 1023 1609 1062 votivorum,
1633 1023 1775 1063 negociis
1793 1021 1868 1064 [et]¹¹
1885 1023 2088 1053 circumstan-

434 1075 490 1104 ciis
519 1074 659 1115 undique
689 1074 898 1115 perlustratis.
992 1074 1041 1115 (3)
1073 1073 1225 1104 Ceterum
1250 1074 1291 1104 ad
1315 1076 1479 1104 nostram⁰
1503 1074 1649 1115 pervenit
1672 1074 1824 1105 noticiam
1851 1076 1883 1104 et
1907 1074 1965 1105 sub
1989 1074 2087 1105 forma

435 1126 645 1156 scinceritatis
671 1130 703 1156 et
728 1126 890 1156 amicicie.
923 1136 985 1166 qua
1018 1126 1107 1156 vobis
1136 1126 1355 1166 astringimur,
1391 1125 1601 1156 consiliatoris
1631 1128 1740 1166 partes
1763 1126 1953 1156 assumimus
1977 1126 2007 1156 in
2030 1125 2089 1156 hoc

435 1188 511 1207 casu
542 1176 680 1207 fideliter
711 1177 928 1208 consulentes,
958 1187 1029 1207 cum
1059 1178 1105 1207 rei
1128 1177 1247 1207 veritas
1275 1188 1309 1208 se
1334 1178 1377 1207 sic
1402 1177 1537 1217 habeat,
1562 1177 1647 1218 quod
1671 1178 1797 1208 unicum
1821 1177 1969 1208 habeatis
1992 1177 2089 1208 filium

435 1228 525 1258 vobis
556 1229 586 1258 iu
616 1238 715 1269 regno
748 1233 779 1258 et
803 1228 874 1258 aliis
904 1229 1017 1258 vestris
1046 1228 1278 1269 principatibus
1307 1239 1537 1267 successorem,
1562 1228 1726 1259 fidelitatis
1754 1228 1864 1259 ordine
1889 1228 2131 1268 obse1·vat02,20

438 1281 587 1320 quatinus
612 1280 652 1309 ad
670 1280 803 1320 nupcias
828 1284 1043 1320 congruentes
1061 1280 1259 1311 excellencie
1284 1284 1389 1311 vestre
1407 1281 1503 1311 statui
1528 1280 1697 1311 convolare
1715 1281 1832 1311 curetis
1855 1284 1986 1321 propter
2002 1281 2090 1321 regni

436 1334 468 1361 et
493 1332 593 1361 tocius
618 1334 719 1361 status
744 1331 838 1361 vestri
868 1331 1001 1362 dominii
1026 1331 1256 1362 fulcimentum.
1304 1332 1385 1362 Nam
1418 1333 1457 1371 si,
1487 1332 1573 1373 quod
1596 1332 1685 1363 Deus
1718 1335 1859 1371 avertat,
1888 1343 1943 1362 vos
1971 1331 2088 1372 absque

435 1382 555 1413 herede
586 1383 675 1423 regni
704 1382 864 1413 decedere
895 1384 1098 1423 contingeret
1131 1383 1171 1413 ab
1201 1383 1261 1414 hac
1291 1384 1379 1423 luce,
1412 1384 1513 1414 tocius
1544 1383 1784 1414 christianitatis
1806 1394 1857 1414 res
1881 1383 2008 1424 puplica
2032 1383 2090 1413 sibi

435 1433 551 1464 exinde
577 1434 710 1464 sentiret
734 1434 981 1464 irremediabilis
1006 1435 1166 1475 dispendii
1191 1436 1369 1475 periculum
1394 1436 1570 1466 imminere.
1607 1435 1729 1470 Quodsi
1745 1435 1955 1476 adquiescere
1979 1434 2088 1465 decre-

434 1486 542 1515 veritis
560 1486 677 1516 nostris
703 1485 842 1515 consiliis
866 1487 896 1516 in
923 1487 1097 1527 premissis,
1121 1486 1234 1517 nobisv
1258 1487 1290 1517 id
1314 1487 1461 1518 intimare
1487 1487 1603 1517 curetis
1626 1487 1834 1528 applicaturis
1858 1485 1898 1516 ad
1922 1486 1981 1531 hoc
1999 1497 2091 1527 opem
2108 1497 2130 1516 2⁵

434 1539 466 1566 et
491 1547 621 1577 operam
649 1537 811 1574 efficaces,
840 1541 875 1567 ut
906 1537 999 1567 talisq
1023 1537 1114 1568 vobis
1139 1539 1229 1579 regni
1253 1539 1340 1568 socia
1370 1538 1553 1578 copuletur,
1587 1549 1681 1579 quam
1711 1537 1879 1568 nobilitate
1910 1538 2035 1578 generis
2059 1541 2090 1568 et

434 1588 632 1619 excellencia
657 1589 820 1629 sanguinis
844 1589 1003 1629 generosi,
1029 1590 1180 1620 virtutum
1208 1594 1240 1620 et
1264 1600 1387 1620 morum
1417 1591 1598 1631 prestancia
1616 1590 1780 1630 proposito
1805 1592 1910 1620 vestro
1928 1599 2089 1630 speramus

433 1638 500 1669 fore
535 1640 731 1670 conformem
766 1643 798 1670 et
832 1650 891 1680 per
922 1641 1010 1670 cuius
1041 1642 1298 1682 assumpt-ionem
1332 1641 1578 1682 predicabimini
1617 1652 1692 1672 vere
1721 1641 1864 1672 mulieris
1896 1642 2015 1682 optime
2045 1641 2090 1671 vir

433 1690 547 1721 beatus
558 1692 578 1722 ³³.
670 1693 717 1729 (4)
742 1691 887 1721 Petimus
913 1692 1020 1731 etiam,
1045 1696 1080 1723 ut
1104 1703 1201 1733 super
1224 1694 1388 1733 premissis
1416 1696 1448 1724 et
1474 1693 1546 1724 aliis
1562 1693 1653 1724 vobis
1678 1703 1719 1724 ex
1742 1696 1834 1733 parte
1858 1696 1964 1723 nostra
1980 1692 2089 1723 latiusr

435 1742 615 1772 referendis
641 1743 813 1773 exhibitori
838 1745 1039 1784 presencimn
1065 1744 1203 1775 credatis
1228 1745 1371 1785 plenarie
1396 1749 1559 1786 tamquam
1584 1745 1685 1775 nobis.
2105 1758 2128 1777 30

540 1802 661 1832 Datum
687 1801 830 1833 Colonie.

539 1937 614 1968 575.
650 1938 889 1970 LITTERAE
910 1940 1337 1973 PROCFRATORIBES
1360 1940 1609 1973 DIRECTAE.
1655 1942 1795 1981 (circiter
1818 1941 1901 1972 Mai.
1917 1941 1982 1979 15.)

543 1998 682 2028 Litteras
705 1999 806 2029 eodem
830 2000 880 2030 die
903 2000 1006 2037 datas,
1031 2003 1067 2030 ut
1089 2001 1221 2033 ridetur,
1245 2000 1382 2040 vuluerit
1405 2001 1486 2032 idem
1509 2002 1558 2032 vir
1573 2001 1772 2032 doctissimus
1795 2001 1814 2032 l.
1830 2012 1854 2032 c.
1872 2011 1946 2040 pay.
1963 2001 2025 2032 234
2047 2010 2084 2031 ca·

435 2048 537 2078 codem
561 2049 663 2079 ecdico
686 2049 739 2086 fol.
760 2051 828 2081 132.
883 2051 983 2082 Ollius
1010 2052 1174 2083 editionem
1204 2052 1254 2082 hie
1282 2053 1457 2090 repetimus.
1511 2052 1562 2084 De
1584 2054 1706 2084 ratione
1729 2063 1756 2085 v.
1780 2053 1900 2084 ibidem.

1803 2104 1856 2143 (P.
1874 2104 1979 2141 deest.)
2101 2115 2123 2133 35

542 2160 713 2200 Adolphus
737 2160 798 2191 Dei
824 2162 926 2201 gratia
952 2161 1171 2193 Romanorum
1197 2174 1253 2194 rex
1278 2174 1407 2204 semper
1431 2167 1584 2205 augustus
1609 2164 1785 2195 venerabili
1809 2163 1984 2205 W(altero)
2002 2163 2082 2195 Con-

435 2211 594 2240 ventrcnsi
622 2214 653 2241 et
677 2211 895 2242 liielifeldcnsi
922 2213 1073 2253 episcopo
1099 2225 1135 2244 ac
1161 2214 1294 2245 Iohanni
1321 2214 1359 2245 (le
1377 2215 1566 2256 B(crewyk)
1591 2215 1726 2246 salutem
1751 2227 1822 2247 cum
1847 2216 1964 2247 affectu
1988 2214 2082 2245 dilec-

434 2262 527 2291 tionis
551 2262 683 2292 sincere.

544 2312 646 2342 Paulo
678 2320 751 2343 aute
783 2318 961 2345 nostrarum
998 2316 1088 2346 vobis
1118 2317 1269 2357 episcopo
1303 2317 1489 2358 depromisit
1518 2319 1617 2348 series
1649 2319 1847 2349 litterarum4
1871 2322 1903 2349 et
1925 2318 2005 2348 scire
2029 2326 2082 2346 VOS

436 2365 580 2404 cupimus
604 2364 731 2403 iterato,
759 2365 848 2405 quod
873 2366 912 2396 ad
938 2367 997 2397 hoc
1023 2372 1087 2398 tota
1114 2374 1219 2399 nostra
1246 2369 1348 2399 fervet
1373 2370 1522 2403 intencio,
1547 2371 1667 2410 aspirat
1691 2370 1825 2401 affectus
1848 2374 1880 2400 et
1904 2367 2081 2400 omnimode
2099 2375 2123 2395 ⁴⁰

434 2416 628 2445 moluinenta
663 2415 856 2456 diriguntur,
892 2418 978 2458 quod
1007 2430 1077 2449 cum
1106 2420 1220 2460 aquilis
1249 2421 1363 2450 nostris
1393 2421 1575 2451 victricibus
1603 2421 1644 2451 ad
1677 2425 1831 2452 terrorem
1861 2420 2028 2451 rebellium
2051 2422 2082 2449 et

435 2467 690 2497 consolacioncm
716 2467 890 2498 amicorum
916 2473 947 2499 ct
970 2474 1149 2501 nostrorum
1175 2471 1315 2502 fidelium
1334 2475 1442 2502 contra
1468 2482 1578 2513 regem
1596 2472 1730 2503 Fraucic
1755 2472 1794 2503 ad
1813 2472 1964 2503 elacionis
1986 2471 2081 2512 ipsius

539 2568 604 2594 574.
624 2570 649 2600 d)
672 2579 801 2601 possemus
821 2580 841 2595 c.
929 2576 950 2601 ⁰)
970 2574 1085 2605 expedint
1106 2583 1125 2598 c.
1215 2574 1236 2605 f)
1256 2575 1378 2599 desideret
1398 2585 1418 2599 c.
1503 2577 1526 2606 a)
1546 2577 1681 2608 expostilet
1694 2586 1714 2600 c.
1798 2575 1822 2607 ¹¹)
1840 2576 1938 2600 dee-510-
2020 2573 2036 2605 i)
2056 2574 2079 2597 3¹¹

436 2618 501 2637 terra
524 2614 609 2637 eadem
625 2621 702 2637 manu
718 2615 743 2638 in
758 2616 870 2646 ιιιαγῃῐιιε
884 2616 944 2640 add.
959 2626 978 2641 c.
1062 2616 1086 2645 k,
1101 2619 1177 2642 seso-i
1191 2628 1210 2643 c.
1293 2618 1311 2649 ¹)
1331 2628 1397 2643 corr.
1417 2628 1447 2644 ex
1466 2625 1555 2644 mutua
1570 2630 1590 2645 c.
1673 2620 1704 2650 ¹¹¹)
1724 2621 1817 2653 parutis
1835 2619 1874 2644 ed.
1955 2618 1979 2648 ¹¹)
1999 2625 2047 2649 *111⁰
2059 2624 2078 2640 C·

434 2656 458 2685 ⁰)
481 2661 589 2680 vestram
610 2666 629 2680 c.
719 2657 743 2686 Γ)
764 2658 800 2681 bis
819 2659 938 2690 scriptum
960 2669 979 2684 c.
1069 2661 1091 2691 ¹1)
1113 2662 1175 2685 talos
1195 2671 1213 2685 c.
1302 2662 1322 2692 ¹')
1343 2663 1447 2687 tulimus
1466 2672 1485 2687 c⁴
2096 2665 2118 2685 ⁴⁵

546 2742 568 2771 l)
595 2740 728 2766 lahama»-
757 2750 839 2767 (Ὁηιεαι
868 2742 1031 2769 ΗιιΙΙιιιιιίίιι(
1055 2747 1072 2775 γ’·
1101 2750 1165 2770 125111.
1277 2746 1303 2775 2)
1330 2746 1370 2776 Cf.
1400 2747 1474 2777 infra
1502 2750 1626 2780 pay..340
1650 2747 1696 2772 lin.
1711 2750 1750 2772 28.
1849 2747 1876 2771 35
1900 2744 1982 2771 Eccli.
2007 2747 2078 2774 2031·

434 2784 458 2813 4)
478 2782 601 2808 Seri-utar
621 2792 673 2808 ww
695 2787 764 2810 sunt.
