2259 3116
284 2487 333 2507 Μαι,
346 2489 377 2506 25..

402 137 461 167 384
704 134 861 162 RUDOLFI
881 135 987 162 REGIS
1007 135 1327 163 CONSTITUTIONES.
1367 137 1441 163 1287.
1479 137 1525 162 Nr.
1539 138 1597 163 399.
1611 137 1669 163 400.
1683 137 1740 163 401.

400 222 487 263 regie
517 224 743 255 confirmantes
774 227 806 255 et
835 224 1014 255 sententias
1039 234 1076 254 ac
1110 234 1225 265 penaS,
1256 234 1335 265 quas
1363 224 1528 265 predictus
1559 223 1825 265 archiepiscopus
1850 224 1882 255 in
1905 224 2045 256 rebelles

401 275 520 308 tulerit,
540 275 768 316 approbante&
786 275 944 306 universis
963 275 1052 306 vobis
1071 278 1102 306 et
1119 275 1254 316 singulis
1271 275 1330 306 sub
1349 275 1483 306 obtentu
1501 276 1619 306 favoris
1638 275 1719 316 regii
1736 275 1849 306 damus
1867 275 2044 307 districtius

400 326 432 357 in
457 326 635 366 mandatis,
669 327 820 368 quatinus
849 326 888 357 ad
919 327 1008 368 pacis
1040 326 1243 357 dulcedinem
1268 327 1423 368 promptis
1455 327 1569 357 animis
1604 327 1776 358 redeuntes
1805 327 1909 358 eidem
1940 328 2044 359 archi-

401 378 563 419 episcopoq
589 379 701 420 pocius
726 383 867 409 vestrum
893 389 987 420 quam
1011 379 1173 420 proprium
1199 379 1368 420 negocium
1393 378 1613 420 prosequenti,
1639 389 1737 420 super
1760 379 1821 409 hiis
1846 389 1907 420 que
1931 390 2044 421 pacem

400 430 577 471 respiciunt
601 430 724 461 devotis
750 430 912 461 mentibus
937 430 1113 460 intendatis
1139 434 1170 460 et
1195 430 1340 471 plenarie
1365 429 1498 461 obedire
1523 430 1657 467 curetis,
1687 433 1722 460 ut
1749 441 1808 472 per
1832 441 1924 462 suum
1950 431 2044 461 mini-

400 484 533 513 sterium
566 487 738 524 vestreque
771 483 957 514 devocionis
989 482 1274 524 promptitudinem
1304 488 1450 523 tempora
1475 482 1563 512 vobis
1596 482 1770 523 tranquilla
1799 482 1990 523 proveniant
2013 485 2045 513 et

401 535 430 565 in
457 535 560 566 locum
587 535 756 576 pristinum
782 545 847 576 pax
877 538 909 565 et
932 534 1058 564 iusticia
1083 534 1152 564 Deo
1177 534 1319 575 propicio
1345 537 1576 564 restaurentur.
1624 533 1777 575 Alioquin
1803 534 1988 564 sentencias
2013 537 2045 566 et

401 597 519 628 penas,
545 597 623 627 quas
648 588 678 616 in
704 586 974 620 contradictores,
1001 575 1140 616 rebelles
1170 588 1202 616 et
1235 585 1322 627 pacis
1356 585 1537 616 turbatores
1569 585 1756 626 protulerit,
1791 595 1872 627 eque
1897 585 2044 617 volumus

400 638 560 669 firmitatis
586 638 684 669 robur
708 638 849 668 debitum
876 637 1033 676 obtinere,
1058 648 1094 667 ac
1121 637 1146 668 si
1172 648 1227 668 eas
1252 637 1455 677 contingeret
1479 636 1518 667 de
1543 647 1598 667 ore
1623 640 1733 667 nostro
1758 636 1922 678 profe1·ri.¹

509 689 581 721 Dat.
608 690 692 732 apud
718 690 920 731 Hel-bipolim
946 689 1023 720 1111.
1042 688 1157 720 Kalen.
1184 690 1297 730 April„
1321 699 1405 720 anno
1430 688 1562 720 Domini
1588 689 1758 720 millesimo
1783 688 2043 729 COLXXXVII,

399 741 562 773 indicione
586 742 659 779 XV,
683 742 774 783 regni
800 752 874 772 vcro
901 742 1002 772 nostri
1026 752 1109 772 anno
1133 740 1247 773 XIIII.

629 853 706 886 400.
732 853 997 885 SENTENTIA
1025 852 1207 884 CONTRA
1233 851 1610 883 NORTHUSENSES.
1656 851 1757 883 Mart.
1774 854 1825 884 29.

510 915 683 954 Hucusque
707 914 859 945 incdilam
883 914 970 945 nobis
988 913 1166 952 petentibus
1189 912 1353 950 descripsit
1377 911 1478 942 Herse
1501 922 1538 942 ex
1562 912 1757 951 autoyrapho
1787 913 1940 945 tabularii
1959 924 2046 954 qene-

401 965 479 996 ralis
512 966 598 1005 requi
621 966 786 997 Bawarici
815 965 1035 996 ‘Kaisersclelrt
1065 964 1236 1003 Nachtray'
1262 965 1353 1004 1143.
1399 963 1545 1003 Sigyilltmc
1577 963 1666 994 valde
1693 963 1811 996 laesum
1833 966 1950 1004 pendet
1981 967 2045 998 loro

401 1018 643 1048 mmnbranaceo.
690 1018 731 1048 In
754 1018 843 1048 dorso
867 1017 1052 1048 inscribitur
1074 1027 1172 1047 mame
1202 1025 1331 1046 coaeva:
1357 1014 1476 1045 Contra
1500 1015 1612 1045 North.
1635 1017 1810 1049 sentencia.
1835 1036 1875 1040 —-
1899 1017 2044 1056 Bb'hmer,

401 1069 466 1109 ch]
493 1070 566 1108 simp.
589 1069 641 1106 VI,
655 1071 748 1100 2084.
1339 1103 1343 1108 ,
1753 1069 1805 1109 (P.
1831 1069 1938 1106 deest.)

510 1138 666 1169 Rudolfus
690 1138 751 1170 Dei
777 1140 886 1179 gracia
910 1139 1130 1170 Romanorum
1157 1149 1214 1169 rex
1239 1148 1367 1179 semper
1391 1141 1549 1179 augustus
1575 1138 1733 1170 universis
1758 1138 1883 1181 imperii
1907 1138 2045 1169 Romani

401 1190 550 1220 fidelibus
577 1196 745 1231 presentes
770 1191 894 1221 litteras
920 1190 1112 1232 inspecturis
1136 1190 1275 1231 graciam
1303 1200 1392 1219 suam
1419 1193 1450 1220 et
1474 1200 1568 1220 omne
1594 1190 1724 1221 bonum.

510 1242 545 1272 In
577 1242 746 1283 sollempni
783 1243 869 1272 curia
901 1253 1003 1282 nuper
1035 1242 1125 1272 nobis
1159 1241 1243 1283 apud
1278 1241 1479 1282 Herbipolim
1514 1253 1570 1283 pro
1601 1242 1754 1274 tribunali
1777 1243 1964 1274 sedentibus
1988 1254 2045 1285 per

404 1295 588 1334 generalem
615 1295 793 1335 principum
819 1298 850 1325 et
875 1295 1001 1335 imperii
1025 1294 1167 1325 fidelium
1198 1294 1250 1335 qni
1284 1294 1374 1323 fuere
1404 1297 1573 1334 presentes
1606 1295 1804 1325 sentenciam
1834 1295 2046 1326 communiter

402 1350 452 1376 est
488 1346 668 1380 obtentum,
702 1346 784 1387 quod
819 1347 893 1387 quia
926 1346 1011 1376 cives
1041 1346 1285 1376 Northuscnses
1322 1352 1414 1386 rupto
1445 1344 1611 1376 fidelitatis
1640 1346 1766 1376 vinculo
1801 1349 1833 1377 et
1864 1346 2045 1378 devocionis

402 1397 511 1428 debito
537 1408 598 1427 non
624 1402 751 1427 servato
776 1398 806 1427 in
831 1397 959 1428 devium
986 1398 1173 1428 oberrantes
1199 1409 1217 1428 a
1242 1401 1351 1427 nostro
1377 1400 1408 1427 et
1431 1397 1556 1438 imperii
1582 1398 1673 1428 suavi
1698 1397 1847 1435 dominio,
1874 1399 1924 1429 cui
1948 1399 2044 1440 pleno

402 1449 486 1488 iure⁷
513 1453 605 1490 prout
630 1449 687 1479 toti
711 1449 828 1479 mundo
853 1453 902 1480 est
926 1450 1106 1491 cognitum.
1132 1450 1293 1490 pertinere
1320 1452 1514 1485 noscuntur,
1540 1452 1663 1479 temere
1688 1449 1892 1480 declinarunt
1917 1453 1950 1481 et
1972 1461 2045 1492 pre-

402 1501 591 1541 sumpcione
623 1500 821 1541 dampnabili
856 1504 965 1531 contra
997 1511 1055 1531 nos
1087 1504 1118 1531 et
1147 1501 1315 1541 imperium
1349 1500 1500 1542 superbie
1531 1500 1718 1531 calcaneum
1751 1501 1961 1542 pertinaciter
1984 1501 2046 1532 eri-

402 1558 515 1591 gentes
541 1553 570 1582 in
597 1558 737 1582 nostram
756 1556 787 1582 et
805 1552 930 1593 imperii
948 1552 1090 1582 eiusdem
1110 1553 1336 1582 contumeliam
1355 1552 1510 1583 adherere
1528 1552 1633 1583 alieno
1648 1552 1788 1583 dominio
1805 1563 1868 1583 non
1887 1557 2045 1591 verentur,

403 1615 442 1634 ne
479 1608 567 1634 tante
600 1604 791 1633 temeritatis
825 1614 981 1634 excessus
1012 1607 1157 1634 transeat
1187 1604 1352 1645 inpunitus
1383 1614 1441 1634 nec
1472 1604 1526 1634 alii
1557 1614 1667 1635 eorum
1696 1605 1846 1646 exemplo
1871 1605 1992 1636 inducti
2015 1606 2046 1636 in

404 1656 498 1685 simili
525 1655 702 1696 pertinacia
727 1655 922 1696 persistendi
949 1659 1076 1685 sumant
1106 1655 1288 1693 audaciam,
1319 1656 1405 1697 ipsos
1435 1656 1522 1686 cives
1546 1655 1788 1686 Northusenses
1819 1660 1851 1687 et
1883 1657 2045 1688 civitatem

404 1707 543 1747 ipsorum
570 1707 634 1736 suis
661 1707 788 1748 privare
814 1707 935 1736 iuribus
961 1711 992 1737 et
1017 1707 1192 1737 honoribus
1218 1707 1409 1744 debeamus,
1443 1707 1522 1738 alias
1556 1707 1781 1738 nichilominus
1811 1711 1921 1738 contra
1950 1708 2045 1750 ipsos,

403 1758 463 1787 nisi
488 1758 579 1787 nobis
604 1763 635 1788 et
659 1758 792 1798 imperio
818 1762 1042 1799 competenter
1065 1758 1267 1788 satisfaciant
1299 1761 1331 1788 et
1361 1758 1551 1794 emendent,
1582 1759 1674 1799 penis
1700 1758 1816 1789 debitis
1840 1758 1920 1789 adeo
1945 1759 2046 1800 rigide

403 1810 602 1849 prswessuri,
636 1809 719 1850 quod
745 1809 1004 1850 indignacionem
1030 1815 1170 1840 nostram
1196 1820 1253 1851 per
1276 1810 1353 1840 facti
1378 1809 1577 1840 evidenciam
1602 1820 1636 1840 se
1662 1810 1840 1851 percipiant
1864 1811 2044 1841 incurrisse.

404 1860 496 1890 Hanc
524 1861 620 1901 igitur
646 1862 844 1891 sentenciam
870 1865 979 1902 utpote
1005 1861 1065 1892 rite
1091 1861 1189 1891 latam
1214 1864 1245 1892 et
1271 1860 1402 1902 provide
1420 1860 1635 1903 approbantes
1660 1861 1760 1902 ipsam
1778 1865 1888 1893 tenore
1914 1873 2044 1904 presen-

404 1912 485 1941 cium
512 1912 745 1943 confirmamus.

512 1963 628 1993 Datum
654 1964 737 2004 apud
758 1964 971 2005 IIerbipolim,
998 1964 1074 1995 IIII.
1094 1964 1187 1994 Kaln.
1208 1964 1321 2005 April.‚
1347 1975 1430 1995 anno
1450 1964 1581 1995 Domini
1599 1965 1770 1996 millesimo
1788 1965 2044 2005 CCLXXXVII,

404 2014 576 2044 indirtionc
601 2014 673 2053 XV,
700 2016 788 2055 regni
815 2026 889 2046 vero
914 2017 1015 2046 nostri
1039 2027 1123 2046 anno
1148 2016 1261 2047 XIIII.

642 2142 718 2174 401.
746 2144 965 2183 QUITATIO
988 2143 1055 2174 DE
1077 2144 1229 2175 STURA
1258 2143 1593 2176 LUBIGENSJUM.
1639 2144 1740 2176 Mart.
1757 2146 1808 2177 29.

517 2203 608 2233 llmlit
632 2215 668 2233 ca·
684 2204 875 2242 ‹tztloyraytlto
893 2204 1043 2233 tabularii
1060 2205 1194 2235 similatis·
1214 2204 1399 2234 lamecensis
1415 2205 1518 2235 ‘Tresc
1537 2204 1700 2235 (laesvzrea7
1723 2217 1770 2236 ur.
1788 2208 1830 2235 36
1853 2206 1909 2237 Fr.
1924 2206 2043 2237 Bruns.

404 2254 520 2284 I’mdvl
543 2255 687 2293 .s·1'!1illum.
731 2257 778 2295 (ss.
798 2256 870 2294 lizy.
894 2257 964 2294 imp.
988 2256 1136 2292 VL251¹13
1160 2259 1188 2286 el
1210 2257 1307 2293 2315,
1338 2267 1418 2295 quac
1444 2257 1529 2296 infra
1554 2268 1601 2287 nr.
1618 2259 1682 2287 4:35
1705 2260 1733 2288 el
1756 2259 1818 2289 429
1849 2257 1980 2289 edemus.
2003 2276 2043 2280 —

403 2305 550 2343 Jfsilfmer,
574 2305 639 2345 llry
667 2307 737 2345 imp.
760 2306 918 2344 Vl„'.)(¹·*'.‘›'.
1754 2309 1806 2349 (P.
1831 2310 1938 2349 (least.)

511 2374 576 2404 Nos
602 2374 760 2405 ltudolt‘ns
788 2375 844 2405 Dei
877 2376 983 2415 gracia
1010 2376 1226 2406 Romanorum
1262 2387 1320 2406 rex
1353 2387 1481 2418 semper
1509 2381 1666 2418 augustus
1698 2381 1809 2409 tenore
1838 2378 2041 2420 presencium

405 2426 664 2465 recognoscimus
695 2431 726 2456 et
758 2427 885 2467 publice
916 2428 1118 2468 sublitemur,
1155 2427 1238 2468 quod
1269 2428 1377 2458 dilecti
1407 2428 1518 2458 fideles
1544 2429 1642 2459 nostri
1668 2430 1754 2460 cives
1778 2430 1978 2461 Lubicenscs
2002 2429 2040 2460 de

403 2480 505 2511 stura,
539 2477 717 2508 redditibus
743 2482 774 2509 et
799 2479 1067 2513 obvencionibus,
1102 2490 1180 2519 quas
1206 2479 1298 2509 nobis
1324 2480 1354 2509 in
1380 2480 1520 2510 secundo
1546 2491 1630 2511 anno
1656 2491 1674 2511 a
1698 2481 1782 2512 festo
1806 2481 2040 2512 Pentheeostes

403 2528 549 2568 proximo
574 2530 787 2571 computando
812 2530 936 2560 solvere
961 2530 1168 2568 tenebantur,
1199 2531 1288 2561 nobis
1315 2531 1461 2573 plenarie
1484 2532 1720 2573 persolverunt.
1766 2532 1890 2564 Dantes
1914 2533 1960 2564 eis
1984 2532 2040 2564 has

404 2584 530 2609 nostras
555 2580 677 2610 litteras
704 2581 732 2611 in
759 2582 973 2611 testimonium
1000 2592 1097 2623 super
1122 2593 1170 2611 eo.

511 2631 628 2662 Datum
645 2632 824 2674 llorbipoli,
840 2633 915 2663 llll.
927 2633 1090 2663 Kalendas
1103 2633 1231 2674 Aprilis,
1244 2634 1418 2665 indictione
1430 2635 1597 2670 XV,an110
1608 2636 1737 2667 Domini
1749 2636 2039 2675 MCCLXXXVH,

402 2683 492 2721 regni
519 2693 592 2713 vero
619 2685 716 2714 nostri
742 2695 825 2714 anno
851 2684 960 2715 Xllll.

506 2752 529 2777 l)
553 2751 591 2781 (ss.
614 2750 704 2774 ullium
727 2750 801 2775 rerba
820 2760 901 2783 supra
923 2759 961 2777 nst.
978 2756 1035 2777 552¹&

2074 703 2097 722 10

2074 1031 2096 1050 15

2073 1563 2096 1581 25

2071 1821 2094 1839 30

2066 2442 2090 2460 ω

2064 2698 2086 2717 ⁴³
