2259 3116
397 145 457 173 ooo
531 134 533 136 ’
1093 140 1277 166 APPENDIX
1298 140 1345 165 111.

396 229 547 269 capitula,
572 228 719 268 collegia,
744 232 917 258 conventus
935 227 1143 257 ecclesiarum
1168 230 1200 257 et
1217 227 1484 257 monasteriorum
1502 225 1676 256 Mindensis
1694 226 1830 256 civitatis
1852 228 1884 255 ct
1901 225 2046 266 dyocesis

395 291 465 310 eum
491 281 613 311 sincero
638 280 756 310 affeetu
780 279 994 309 reverentiam
1019 285 1050 309 et
1074 279 1238 310 honorem.

502 331 550 372 (Ι)
575 331 755 372 Requisivit
778 341 797 361 a
821 331 912 361 nobis
935 334 1042 361 vestra
1066 330 1252 361 honoranda
1276 330 1465 360 universitas
1494 329 1608 359 litteris
1633 328 1814 365 destinatis⁷
1846 328 1931 369 quod
1954 329 2043 360 vobis

396 383 550 413 vellemus
574 384 722 414 assistere
747 394 804 424 pro
830 383 989 413 communi
1014 382 1200 413 defensione
1224 382 1381 412 libertatis
1399 381 1476 411 cleri
1501 384 1533 411 et
1557 380 1691 411 ecclesie
1716 380 1817 410 tocius
1840 380 2041 419 Alemannie‚

395 445 491 475 quam
515 435 622 465 facere
647 435 834 465 decrevistis
857 445 915 475 per
938 434 1190 475 appellationem
1215 434 1280 464 sive
1305 433 1577 474 provocationem.v
1603 442 1698 473 quam
1722 433 1811 462 iustis
1835 431 1875 463 de
1900 433 2002 463 causis
2025 444 2044 464 a

394 497 563 527 processu,
601 487 751 517 mandato
786 490 817 516 et
847 497 865 516 a
892 487 1061 516 vocatione
1091 485 1209 516 domini
1235 511 1240 515 .
1266 509 1272 515 .
1296 485 1395 525 legati
1424 484 1509 514 sedis
1540 484 1716 525 apostolice
1743 484 1977 525 interposuistis
2004 485 2045 515 ad

395 549 553 568 summum
592 538 785 578 pontificem,
824 542 919 578 prout
956 538 987 568 in
1025 537 1139 568 litteris
1176 538 1289 567 vestris
1323 536 1415 566 nobis
1450 536 1641 566 transmissis
1676 535 1800 576 plenius
1836 536 2042 568 contineturl.

395 590 444 626 (ῥ’)
479 589 546 620 Nos
575 590 684 630 itaque
715 590 825 620 habito
858 589 990 620 consilio
1023 589 1286 629 deliberavimus,
1322 587 1408 628 quod
1438 587 1528 617 vobis
1558 591 1663 618 astare
1693 587 1839 618 volumus
1870 587 2043 619 secundum

395 645 535 671 nostram
566 641 813 682 possibilitatem
848 642 879 671 in
912 640 1058 672 omnibus
1079 636 1126 671 ‘et
1160 651 1218 681 per
1252 641 1372 678 omnia,
1408 644 1502 680 prout
1531 642 1637 669 vestra
1672 640 1837 669 sinceritas
1870 640 2043 680 requisivit.

395 693 550 723 Dominus
581 694 678 724 etiam
703 696 811 724 noster
836 718 841 724 .
866 718 871 723 .
897 694 1066 734 episcopus
1090 692 1265 723 Mindensis
1292 702 1354 722 una
1378 691 1545 721 nobiscum
1574 691 1760 732 provocavit
1786 701 1842 721 seu
1870 691 2045 732 appellavit

394 744 568 775 secundum
594 755 720 775 omnem
744 744 873 775 modum
900 748 931 775 et
955 744 1089 775 formam
1115 747 1147 774 et
1171 754 1211 774 ex
1236 743 1451 774 consimilibus
1475 742 1713 783 gravaminibus
1737 746 1769 773 et
1793 743 1905 782 causis,
1930 753 1990 783 que
2013 744 2045 774 in

395 796 497 826 forma
521 797 757 837 provocationis
781 800 885 827 vestre
910 796 1038 827 fuerunt
1063 806 1231 836 expressa,
1261 799 1293 825 et
1316 796 1378 825 iam
1404 821 1409 825 .
1432 819 1438 825 .
1463 795 1614 825 nuncium
1641 800 1785 825 nostrum
1813 805 1869 825 seu
1894 805 2043 835 procura-

395 853 496 878 torem
521 851 663 878 nostrum
690 849 852 879 emisimus
876 848 917 878 ad
941 847 1153 878 innovandam
1171 848 1433 888 provocationem
1451 846 1587 877 eandem
1605 857 1711 877 coram
1729 846 1857 877 domino
1877 872 1882 877 .
1901 872 1907 877 .
1926 847 2044 888 legato,

395 900 419 929 si
445 901 512 930 eius
537 901 629 940 eopia
653 900 765 930 haberi
788 900 906 936 valeat,
933 902 964 930 et
989 910 1096 930 eoram
1122 899 1252 939 prelatis
1278 902 1310 929 et
1334 898 1497 939 capitulis,
1530 898 1784 939 quandocunque
1809 903 1841 928 et
1864 898 2044 939 ubicunque

394 951 499 981 eidem
529 952 727 991 procuratori
758 955 865 982 nostro
901 952 1002 981 visum
1034 951 1129 981 fuerit
1159 950 1323 991 expedire.
1424 950 1473 991 (3)
1505 950 1612 985 Quare
1646 960 1796 991 rogamus
1829 950 2044 981 sinceritatem

394 1006 533 1033 vestram
558 1003 649 1033 nobis
674 1003 835 1041 dilectam,
860 1004 1008 1044 quatinus
1032 1003 1201 1043 negocium
1227 1002 1362 1032 ecclesie
1386 1005 1494 1032 nostre
1520 1012 1616 1042 super
1639 1002 1795 1042 premissa
1818 1001 2044 1042 provocatione

393 1065 456 1085 una
481 1065 551 1085 cum
575 1058 697 1094 vestro,
729 1055 794 1085 sive
820 1054 1041 1096 componendo
1067 1054 1279 1084 amicabiliter
1308 1064 1379 1084 cum
1408 1054 1476 1094 ipso
1502 1079 1507 1084 .
1532 1079 1536 1084 .
1562 1055 1670 1095 legato
1704 1054 1769 1084 sive
1793 1053 2043 1094 appellationem

394 1106 618 1147 prosequendo
644 1110 753 1137 eontra
778 1108 890 1147 ipsum,
914 1106 1019 1137 velitis
1043 1116 1217 1142 assumere,
1242 1106 1316 1146 quia
1338 1116 1396 1135 nos
1414 1105 1652 1136 contribuemus
1669 1106 1846 1136 voluntarie
1871 1105 2045 1136 secundum

394 1158 563 1188 facultates
579 1163 702 1188 nostras
726 1158 767 1188 ad
792 1168 960 1199 expensas,
986 1169 1064 1198 quas
1088 1161 1220 1198 propter
1242 1157 1302 1187 hoc
1320 1157 1491 1198 eontigerit
1507 1157 1652 1197 suboriri,
1678 1160 1710 1188 et
1733 1167 1829 1197 super
1852 1167 1890 1187 eo
1907 1160 2045 1188 vestram

394 1209 484 1239 nobis
509 1209 640 1240 rescribi
664 1210 802 1249 petimus
826 1210 1032 1240 voluntatem.
1124 1208 1234 1249 Sigillo
1259 1208 1300 1239 ad
1319 1219 1430 1239 causas
1446 1209 1575 1239 maioris
1593 1209 1728 1240 ecclesie
1745 1208 1920 1240 Mindensis
1937 1219 2045 1239 omnes

393 1262 532 1291 contenti
558 1271 674 1291 sumus,

502 1312 621 1343 Datum
638 1312 757 1347 Minde,
780 1312 859 1343 feria
875 1316 967 1343 sexta
985 1315 1057 1353 post
1070 1312 1261 1343 dominicam
1275 1312 1450 1349 Invoeavit,
1475 1322 1557 1342 anno
1571 1312 1700 1342 Domini
1714 1311 1930 1343 MCCLXXX
1944 1315 2044 1342 sexto.

594 1559 690 1609 625.
745 1557 1175 1610 LITTERAE
1221 1556 1645 1610 BONIFACII
1677 1558 1838 1611 VIII.

785 1635 893 1687 DE
938 1635 1274 1689 FINIBUS
1317 1635 1661 1688 IMPERII.

1068 1729 1174 1764 1‘298.
1211 1730 1290 1764 Iun.
1314 1729 1371 1764 27.

505 1820 558 1849 Ει·
582 1819 722 1859 Πηῃὶείνιῖ
747 1820 916 1857 Bonisacil
939 1820 1032 1851 VIII.
1058 1822 1128 1851 tom.
1146 1820 1212 1857 HI,
1239 1821 1301 1851 iam
1327 1821 1358 1851 in
1382 1821 1461 1851 serie
1484 1820 1701 1859 Rzyistrarwn
1722 1820 1875 1851 tabularii
1898 1820 2044 1852 Vaticani

397 1874 465 1901 tom„
488 1872 529 1900 49
556 1870 613 1911 fol.
638 1873 707 1902 103.
761 1871 873 1902 Denuo
914 1871 1046 1902 contulit
1075 1872 1271 1911 Poyatseher.
1299 1891 1335 1894 ——
1363 1871 1508 1902 Potthast
1529 1874 1645 1903 24707.
1692 1872 1851 1912 Reyistres
1879 1872 1915 1903 de
1944 1872 2043 1904 Boni-

396 1923 463 1959 [αρε
486 1921 580 1953 VIII.
605 1924 698 1953 2⁸12.
744 1922 888 1960 Br'ssloner,
914 1923 988 1963 Rea.
1014 1924 1226 1953 1246—7313
1250 1923 1367 1962 Piipste
1388 1925 1461 1954 291.
1751 1924 1805 1964 (P.
1830 1924 1938 1961 deest.)

507 1999 667 2029 l'niversis
693 2006 857 2040 presentes
881 2000 1009 2031 licteras
1032 2001 1230 2041 inspecturis.

505 2052 653 2086 Quietem
690 2058 721 2081 et
750 2063 861 2092 pacem
892 2063 932 2082 ex
962 2053 1076 2082 nostris
1105 2054 1272 2093 provenire
1309 2053 1421 2083 studiis
1445 2052 1580 2083 ubilibet
1604 2053 1793 2084 affectantes
1825 2056 1858 2083 et
1881 2053 2044 2093 cupientes

399 2102 539 2142 pei-ivilla
568 2103 596 2132 in
626 2103 683 2133 lun·
713 2108 803 2143 parte
828 2104 992 2144 potissime
1017 2105 1140 2134 vautius
1165 2105 1291 2141 evitari,
1316 2104 1575 2144 denumptiamus
1600 2108 1632 2135 et
1655 2104 1801 2143 dicimus,
1831 2104 1916 2145 quod
1938 2108 2044 2135 nostre

398 2154 580 2183 intentionis
617 2155 739 2189 existit,
775 2160 809 2184 ut
839 2156 1019 2185 carissimus
1056 2156 1086 2185 in
1125 2155 1249 2186 Christo
1286 2156 1367 2186 filius
1403 2159 1510 2186 noster
1539 2156 1704 2195 A(dolfus)
1739 2166 1796 2186 rex
1827 2155 2044 2187 Romanorum

400 2205 527 2234 illustris
559 2205 640 2235 ultra
669 2207 746 2235 fines
777 2211 808 2236 et
832 2207 949 2237 limites
974 2208 1063 2247 regni
1087 2208 1149 2243 sui,
1180 2218 1214 2238 se
1239 2207 1279 2238 de
1303 2208 1437 2242 iuribus,
1469 2207 1583 2237 tinibus
1608 2212 1640 2238 et
1662 2207 1815 2238 limitibus
1839 2208 1992 2238 carissimi
2013 2208 2044 2237 in

399 2256 525 2286 Christo
557 2256 611 2286 lilii
641 2259 736 2287 nostri
763 2258 913 2298 Phylippi
943 2259 1027 2299 regis
1052 2259 1180 2289 Frantie
1208 2260 1338 2290 illustris
1365 2269 1401 2290 ac
1431 2260 1520 2299 regui
1551 2259 1633 2295 eius,
1668 2259 1801 2300 ipseque
1831 2270 1888 2290 rex
1915 2259 2043 2290 Frautie

399 2313 490 2337 extra
514 2308 592 2338 fines
616 2312 648 2338 et
672 2309 788 2339 limites
812 2310 901 2349 regni
926 2310 973 2339 sui
998 2320 1031 2340 sc
1062 2310 1101 2341 de
1126 2311 1261 2350 iuribus,
1297 2311 1411 2341 finibus
1439 2316 1471 2341 et
1496 2310 1647 2341 limitibus
1676 2312 1802 2351 imperii
1830 2322 1887 2342 seu
1911 2310 2043 2351 predicti

401 2358 566 2388 Alamanio
599 2360 682 2399 regis
710 2361 889 2390 nullatenus
921 2362 1146 2392 intromictant.
1204 2361 1260 2392 Set
1292 2365 1427 2402 uterque
1452 2363 1591 2402 ipsorum
1616 2363 1680 2392 suis
1703 2362 1838 2402 iuribus,
1873 2362 1984 2393 finibus
2013 2365 2045 2392 et

400 2410 551 2440 limitibus
580 2412 619 2440 sit
648 2416 823 2442 vontcntus.
880 2412 921 2442 Et
950 2414 974 2442 si
1005 2413 1126 2453 aliquid
1154 2414 1193 2443 sit
1221 2414 1262 2444 ab
1286 2414 1440 2444 alterutra
1469 2415 1604 2454 partium
1637 2414 1779 2445 indebite
1807 2417 2042 2454 attemptatum,

400 2461 475 2491 illud
517 2462 547 2491 in
582 2469 699 2493 statum
735 2463 877 2493 debitum
915 2471 1094 2497 revocetur,
1131 2468 1224 2505 prout
1255 2466 1369 2495 iustum
1404 2470 1435 2495 et
1464 2476 1579 2506 equum
1610 2465 1704 2496 fuerit
1741 2466 1789 2496 vel
1819 2465 2042 2496 concordatum

400 2515 542 2544 extiterit
571 2515 652 2544 inter
683 2526 738 2543 oos
769 2522 822 2545 aut
847 2515 941 2545 modo
973 2516 1022 2546 vel
1047 2516 1162 2555 modis,
1197 2528 1258 2557 quo
1288 2517 1337 2547 vel
1369 2517 1482 2557 quibus
1519 2528 1574 2557 pro
1606 2518 1713 2558 quiete
1750 2517 1859 2548 mundi
1887 2517 1936 2547 vel
1966 2517 2043 2547 alias

399 2567 550 2605 exigente
576 2567 703 2601 iustitia,
729 2567 815 2597 salvo
841 2567 960 2597 honore
985 2568 1162 2601 vuius-libor,
1188 2568 1282 2598 fuerit
1308 2569 1526 2600 ordinandum.

510 2617 578 2648 Dat.
605 2617 707 2648 Rome
732 2618 815 2658 apud
842 2618 990 2648 Sam-tum
1018 2619 1160 2657 Petrum,
1185 2620 1222 2650 V.
1249 2620 1320 2650 Kal.
1350 2620 1428 2653 Iulii,
1454 2632 1535 2651 anno
1561 2625 1682 2661 quarto.

506 2687 527 2712 l)
548 2687 635 2718 Salem
658 2695 696 2711 nr.
711 2691 766 2712 1:255.

2064 699 2088 717 10

2065 959 2086 978 15

2063 1748 2086 1767 25

2063 2069 2086 2090 30

2062 2326 2085 2346 35

2061 2584 2084 2603 40
