2259 3116
437 142 498 171 252
814 138 971 164 HUDOLFI
992 137 1095 164 REGIS
1115 137 1436 165 CONSTI'PUTIONES.
1474 138 1548 164 1281.
1585 137 1704 164 nvem.

440 227 471 257 in
496 226 656 257 mandatis
683 236 792 256 eorum
818 225 1037 256 contineretur
1060 235 1231 267 expressa,
1263 225 1346 267 quod
1377 225 1436 266 ipsi
1460 227 1687 267 procuratores
1710 223 1834 265 possint
1857 224 2026 266 privilegia
2049 229 2082 257 et

438 279 563 309 litteras
588 278 659 319 ipsa
683 278 829 319 recipere
854 280 886 308 et
903 280 1074 318 acceptare
1100 277 1158 308 sub
1182 277 1245 308 illis
1263 277 1440 317 tenoribus,
1464 276 1568 307 modis
1594 279 1626 306 et
1649 275 1770 314 formis,
1796 275 1854 306 sub
1871 276 1987 317 quibus
2011 277 2081 319 ipsa

440 330 549 360 littere
575 333 607 360 et
630 329 800 371 privilegia
827 332 901 359 sunt
919 329 1075 359 confecta.
1166 329 1212 370 (2)
1231 328 1273 359 Et
1290 329 1555 370 supplicaverunt
1571 327 1667 358 ambe
1684 330 1804 369 partes,
1828 327 1911 368 quod
1928 328 2080 369 placeret,

438 384 473 411 ut
499 381 640 422 ipsorum
668 380 775 411 verbis
800 383 937 418 utamur,
965 380 1080 417 eidem,
1106 384 1182 411 tunc
1208 390 1280 411 cum
1305 380 1474 422 privilegia
1499 383 1531 410 et
1555 380 1663 410 littere
1686 379 1758 420 ipsa
1780 378 2000 420 redderentur,
2024 391 2082 422 per

437 443 511 463 suas
538 432 663 463 litteras
690 432 872 473 exprimere
898 442 970 463 cum
995 435 1061 462 toto
1087 435 1198 463 tenore
1223 432 1393 473 privilegia
1417 434 1449 462 et
1473 431 1614 469 litteras,
1639 440 1701 471 que
1725 429 1896 468 dabuntur,
1921 433 1953 461 et
1976 431 2026 462 cui
2049 435 2081 463 et

437 484 495 515 sub
521 484 637 525 quibus
663 483 768 514 modis
793 486 825 514 et
849 483 956 514 formis
981 483 1172 521 reddentur,
1205 483 1400 525 recipientur
1423 486 1455 513 et
1479 481 1749 524 acceptabuntur,
1782 484 1814 513 et
1838 481 1922 524 quod
1947 483 1978 513 in
2002 483 2081 525 ipsis

436 536 553 566 litteris
571 535 756 576 apostolicis
773 545 931 576 expressa
952 535 1045 569 fieret
1063 536 1183 566 mentio
1202 535 1241 566 de
1259 535 1361 566 forma
1377 533 1602 565 mandatorum
1619 536 1652 564 et
1667 536 1914 575 procuratorum
1929 534 2081 576 ipsorum,

438 590 533 628 prout
557 586 616 618 hee
641 587 748 617 omnia
772 587 980 617 continentur
1003 587 1034 617 in
1059 586 1196 628 quodam
1221 587 1435 617 instrumento
1453 585 1591 627 publico,
1616 595 1713 616 manu
1731 584 1840 616 dilecti
1864 585 1920 616 filii
1937 586 2081 627 magistri

438 638 532 669 Pauli
558 638 598 669 de
622 638 727 670 Reate
752 649 880 669 camere
905 641 1013 669 nostre
1037 639 1153 669 notarii
1177 638 1325 669 confecto
1359 648 1457 679 super
1481 637 1684 678 depositione
1715 647 1752 668 ac
1780 636 1961 669 redditione
1983 638 2080 679 privi—

436 690 596 731 legiorum
622 693 654 720 et
674 690 852 720 litterarum
876 689 1050 721 eorundem
1076 700 1112 720 ac
1136 689 1276 721 faciente
1292 689 1475 719 distinctam
1500 688 1540 720 de
1557 689 1700 730 ipsorum
1719 688 1887 730 principiis
1912 691 1944 719 et
1966 686 2082 721 finibus

439 742 636 773 mentionem
650 742 669 773 ¹.
751 742 798 782 (3)
815 741 927 783 Nuper
944 744 1050 772 autem
1069 741 1212 783 prefatus
1236 752 1295 772 rex
1313 740 1421 772 Sicilie
1445 751 1502 782 pro
1527 751 1561 771 se
1586 743 1618 771 et
1635 739 1828 771 venerabilis
1851 740 1951 771 frater
1973 744 2081 773 noster

436 793 461 825 I.
488 793 664 824 Gurcensis
689 793 861 834 episcopus
894 804 930 824 ae
955 793 1094 824 dilectus
1124 793 1207 823 filius
1232 792 1392 823 Rodulfus
1425 791 1570 822 eiusdem
1601 792 1685 832 regis
1709 791 1930 823 Romanorum
1954 793 2079 824 cancel-

440 846 552 881 larius,
584 845 686 887 ipsius
719 846 805 886 regis
835 844 1055 876 Romanorum
1084 848 1324 886 procuratores,
1362 854 1433 874 curn
1465 844 1535 874 eius
1563 843 1658 885 pleno
1688 846 1720 874 et
1749 843 1922 874 sufficienti
1950 844 1989 875 ad
2021 844 2079 876 hoc

436 896 600 935 mandato,
626 897 715 927 cuius
740 900 834 927 tenor
858 896 897 927 de
923 896 1019 927 verbo
1044 896 1082 926 ad
1108 896 1241 927 verbum
1267 896 1400 926 inferius
1427 894 1644 933 continetur-²,
1668 905 1726 936 pro
1750 894 1836 926 dicto
1860 905 1936 936 rege
1960 895 2078 927 Roma-

437 959 549 979 norum
575 948 605 978 in
630 951 740 979 nostra
768 948 933 989 presentia
958 951 1184 989 comparentes
1209 948 1342 989 ipsaque
1373 947 1544 988 privilegia
1575 949 1606 978 et
1635 946 1759 977 litteras
1789 950 1995 989 acceptantes
2020 947 2078 978 sub

438 1001 501 1031 illis
527 1000 706 1037 tenoribus,
740 999 841 1030 modis
867 1004 897 1030 et
922 1000 1045 1040 formis,
1079 1000 1138 1030 sub
1170 999 1285 1040 quibus
1310 999 1480 1040 privilegia
1512 999 1583 1039 ipsa
1607 1001 1639 1029 et
1662 998 1769 1029 littere
1794 1001 1867 1029 sunt
1890 999 2079 1041 conscripta,

440 1052 609 1082 voluerunt
635 1051 837 1082 concorditer
861 1055 893 1082 et
917 1062 935 1082 a
959 1052 1051 1082 nobis
1077 1052 1241 1093 petierunt
1265 1051 1433 1083 instanter.
1457 1054 1493 1081 ut
1517 1061 1589 1081 curn
1607 1049 1787 1081 Clementia
1809 1050 1875 1081 filia
1898 1050 1974 1081 dicti
1997 1051 2079 1092 regis

439 1104 670 1141 Romanorum,
690 1102 885 1144 desponsata
903 1103 1012 1144 nepoti
1030 1103 1105 1134 dicti
1124 1104 1208 1144 regis
1227 1102 1346 1140 Sicilie,
1372 1101 1449 1133 data
1466 1102 1528 1132 iam
1553 1102 1604 1140 sit,
1629 1102 1711 1132 sicut
1728 1105 1921 1133 conventum
1945 1102 2079 1143 exstitit,

437 1159 469 1185 et
496 1157 626 1195 recepta
642 1164 702 1185 nec
722 1158 835 1195 postea
861 1155 901 1185 sit
926 1154 1045 1185 dictum
1072 1158 1200 1196 tempus
1226 1154 1404 1195 elapsumb,
1428 1164 1486 1184 nos
1504 1153 1675 1194 privilegia
1698 1153 1767 1194 ipsa
1791 1157 1824 1184 et
1846 1153 1969 1185 litteras
1995 1155 2079 1186 eius·

439 1206 511 1237 dem
537 1207 621 1247 regis
647 1206 864 1237 Romanorum
892 1206 952 1248 ipsi
979 1207 1048 1247 regi
1074 1206 1183 1237 Sicilie
1208 1217 1245 1237 ac
1269 1205 1448 1247 predictam
1474 1206 1615 1236 litteram
1640 1205 1741 1247 ipsius
1766 1206 1852 1247 regis
1869 1206 1978 1238 Sicilie
2002 1207 2078 1248 ipsis

438 1259 591 1299 episcopo
618 1257 776 1288 Gurcensi
803 1261 835 1288 et
858 1257 1000 1288 Rodulfo
1021 1258 1237 1295 cancellario,
1272 1257 1534 1299 procuratoribus
1566 1257 1650 1297 regis
1678 1256 1896 1288 Romanorum
1924 1258 2078 1298 eiusdem,

437 1321 492 1351 pro
519 1320 556 1340 co
581 1309 718 1340 reddere
743 1313 775 1340 ct
800 1310 972 1340 restituere
999 1320 1122 1341 necnon
1149 1313 1180 1340 et
1205 1309 1328 1340 litteras
1353 1319 1449 1351 super
1473 1309 1533 1339 hoc
1551 1312 1677 1339 nostras
1695 1312 1798 1340 totum
1822 1313 1966 1341 tenorem
1990 1310 2075 1342 litte-

437 1372 542 1392 rarum
570 1365 602 1392 et
626 1361 865 1402 privilegiorum
892 1372 928 1392 ac
952 1361 1095 1392 mandati
1120 1361 1354 1402 predictorum,
1379 1366 1413 1391 ut
1437 1361 1651 1402 premittitur,
1681 1361 1884 1393 continentes
1908 1362 2077 1404 unicuique

438 1413 576 1455 partium
611 1412 787 1443 concedere
823 1413 1041 1454 dignaremur.
1130 1414 1177 1453 (4)
1206 1413 1273 1443 Nos
1309 1417 1417 1443 autem
1450 1412 1586 1454 predicti
1617 1412 1726 1444 Sicilie
1757 1413 1844 1454 regis
1873 1424 1910 1444 ac
1939 1414 2077 1455 ipsorum

439 1469 681 1506 procuratorum
700 1464 919 1496 Romanorum
946 1466 1031 1506 regis
1049 1466 1239 1507 petitionem
1264 1469 1375 1507 utpote
1400 1465 1461 1495 iuri
1479 1475 1652 1495 consonam
1678 1464 1717 1496 de
1741 1465 1874 1496 fratrum
1898 1470 2076 1497 nostrorum

437 1517 569 1547 consilio
604 1516 829 1550 admittentes,
861 1516 1057 1547 reddidimus
1091 1517 1195 1548 eidem
1226 1517 1294 1558 regi
1326 1516 1435 1547 Sicilie
1465 1516 1669 1558 infrascripta
1701 1517 1873 1558 privilegia
1903 1520 1935 1549 et
1958 1518 2078 1548 litteras

438 1569 522 1609 regis
547 1568 765 1599 Romanorum
792 1569 947 1600 eiusdem.
974 1579 1109 1610 quorum
1134 1572 1264 1600 tenores
1288 1568 1328 1599 de
1353 1569 1451 1599 verbo
1476 1572 1551 1599 sunt
1575 1568 1633 1599 hii:

543 1629 587 1669 (Ι)
614 1628 787 1659 “Rudolfus
813 1628 875 1659 Dei
899 1630 1001 1670 gratia
1019 1647 1055 1651 -—-
1071 1629 1172 1659 nostri
1196 1639 1280 1660 anno
1306 1627 1467 1670 septimo'.
1505 1638 1605 1667 supra
1627 1638 1676 1659 nr.
1693 1628 1766 1659 246.

542 1680 601 1720 (II)
628 1680 798 1711 ‘Rudolfus
824 1680 884 1710 Dei
910 1682 1014 1721 gratia
1028 1699 1065 1702 ——
1084 1681 1183 1711 nostri
1208 1691 1292 1711 anno
1316 1679 1402 1711 VIl'.
1437 1690 1536 1719 supra
1559 1690 1608 1711 nr.
1625 1681 1698 1711 247.

544 1731 626 1772 (ΙΙΙ)
652 1731 822 1762 ‘liudolfus
848 1732 908 1762 Dei
934 1733 1209 1773 gratia—nostri
1234 1743 1318 1763 anno
1342 1731 1428 1763 VH'.
1464 1742 1564 1772 supra
1587 1742 1635 1762 nr.
1652 1732 1724 1764 2245.

544 1783 618 1822 (IV)
645 1782 815 1813 *Itudolfus
840 1782 901 1814 Dei
926 1784 1198 1825 gratia—nostri
1224 1795 1306 1815 anno
1331 1783 1490 1825 septimo'.
1525 1794 1625 1823 supra
1648 1795 1697 1815 ur.
1714 1784 1786 1816 240.

544 1834 602 1875 (V)
630 1834 798 1865 ‘Rudolfus
824 1835 885 1865 Dci
911 1836 1069 1876 g1·{1.tia-
1085 1836 1185 1867 nostri
1211 1847 1295 1867 anno
1320 1835 1408 1868 Vll‘.
1446 1846 1546 1875 supra
1569 1846 1617 1867 nr.
1636 1837 1711 1868 248.

541 1885 617 1926 (Vr)
643 1885 814 1917 *liudolfus
840 1886 900 1917 Dei
926 1888 1085 1928 gratia—
1101 1888 1202 1918 nostri
1227 1898 1309 1919 anno
1335 1887 1494 1930 septimo'.
1528 1899 1625 1927 supra
1649 1899 1698 1919 ην.
1715 1889 1787 1919 244.

546 1955 591 1994 (5)
617 1955 775 1985 Prcdictis
795 1966 869 1986 vere
886 1957 1039 1998 episcopo
1058 1961 1090 1987 et
1108 1958 1312 1996 cancellario,
1329 1958 1594 1999 procuratoribus
1611 1958 1728 1999 prefati
1746 1958 1832 1999 regis
1848 1956 2073 1995 Romanorum,

435 2016 491 2046 pro
520 2017 557 2035 eo
584 2006 780 2037 reddidimus
798 2008 1057 2048 prenominatam
1083 2009 1222 2039 litteram
1248 2010 1348 2050 ipsius
1375 2010 1459 2051 regis
1477 2009 1598 2048 Sicilie,
1624 2010 1713 2041 cuius
1738 2013 1828 2041 tenor
1852 2009 1891 2040 de
1917 2009 2012 2040 verbo
2036 2007 2073 2039 nd

435 2057 565 2087 verbum
592 2058 663 2088 talis
689 2062 750 2088 est:

543 2109 637 2149 (Yll)
663 2109 811 2140 *lx'arolus
838 2110 897 2141 Dei
923 2112 1169 2151 gratia—vcro
1192 2113 1302 2154 quinto
1327 2112 1473 2145 decimo’.
1506 2124 1605 2152 supra
1629 2123 1676 2144 nr.
1693 2114 1761 2144 250.

544 2170 660 2200 Umnia
691 2174 798 2200 autem
837 2171 1006 2211 privilegia
1040 2176 1072 2202 ct
1102 2172 1224 2203 litteras
1258 2173 1406 2203 confecta
1436 2173 1468 2203 in
1499 2184 1637 2214 persona
1667 2172 1774 2204 dilecti
1799 2173 1856 2204 filii
1880 2172 1994 2204 nobilis
2018 2171 2073 2202 viri

435 2220 547 2250 lx'aroli
573 2221 725 2262 principis
752 2222 965 2261 Salernitani,
997 2224 1202 2264 primogeniti
1237 2225 1321 2265 regis
1351 2224 1460 2255 Sicilie
1493 2224 1685 2266 supradicti,
1718 2224 1863 2266 deposita
1890 2235 1947 2266 per
1975 2223 2072 2265 ipsius

438 2273 523 2312 regis
548 2272 765 2303 Romanorum
792 2278 1017 2314 prswuratores
1043 2286 1143 2316 penes
1169 2276 1305 2306 eundem
1331 2276 1595 2317 predecessorem
1620 2280 1782 2315 nostrum,
1807 2276 1880 2318 quia
1904 2275 1946 2305 sic
1970 2278 2070 2306 actum

436 2323 561 2354 exstitit
586 2328 617 2353 et
643 2328 848 2363 conventum,
874 2325 1027 2356 iussimus
1053 2330 1085 2357 ct
1110 2328 1243 2357 fecimus
1268 2328 1382 2358 laniari
1408 2338 1445 2359 ac
1470 2328 1591 2359 eisdem
1616 2329 1702 2370 regis
1719 2328 1936 2359 Romanorum
1961 2336 2071 2368 procu-

435 2375 595 2405 ratoribus
621 2376 744 2405 restitui
770 2376 907 2407 laniatus
919 2378 939 2408 ³.

542 2443 590 2484 (15)
614 2443 720 2474 'senor
738 2447 844 2475 autem
863 2445 998 2486 predicti
1025 2447 1166 2477 mandati
1191 2458 1248 2489 pcr
1266 2448 1352 2489 ipsos
1371 2449 1558 2490 episcopum
1576 2448 1777 2480 Gurcenscm
1803 2451 1835 2479 ct
1852 2446 2070 2479 cancellarium

435 2495 569 2525 exhibiti
586 2495 665 2525 'talis
691 2499 754 2525 cst:

541 2554 653 2595 (Vlll)
679 2555 850 2586 *lludolfus
874 2556 934 2587 Dei
960 2558 1117 2598 gratia*
1134 2560 1233 2590 nostri
1259 2571 1344 2590 anno
1370 2559 1506 2591 octavoss
1541 2571 1639 2599 snpra
1663 2571 1712 2591 φιν.
1728 2560 1802 2591 253.

535 2666 599 2692 ⁴:57.
621 2667 645 2698 '¹)
666 2668 870 2699 xum-jelnpsum
891 2669 914 2692 ίιι
937 2678 1015 2701 tnui-gs.
1037 2671 1097 2695 add.
1118 2681 1137 2695 r.

538 2746 559 2776 Ι)
580 2745 619 2778 (γ’.
638 2754 663 2777 1..
678 2750 725 2771 212¹
744 2750 800 2770 ›1.l.
888 2748 913 2777 2)
934 2747 1021 2778 Supra
1044 2755 1083 2773 nr.
1099 2752 1155 2773 2:151.
1243 2749 1269 2780 3]
1293 2749 1332 2780 (γ’.
1352 2757 1435 2782 supi-11
1454 2758 1495 2775 wir.
1510 2753 1565 2776 25⁶.

2119 443 2130 461 5

2107 699 2129 718 10

2106 957 2128 976 1⁵

2102 1475 2125 1495 25

2101 1750 2124 1770 ³0

2098 2023 2120 2042 ³⁵

2096 2286 2119 2305 ⁴0

2092 2567 2115 2587 ⁴5
