2259 3164
464 144 595 170 ADOLFI
617 144 720 170 REGIS
740 145 1063 173 CONSTITUTIONEs.
1102 148 1174 173 1297.
1211 149 1258 174 ΝΥ,
1272 150 1329 175 566.
1348 150 1406 176 567.
1425 150 1482 175 568.
1730 154 1790 182 5311

154 231 270 262 laesum
290 230 353 261 loro
375 230 615 261 membranaceo.
662 230 810 269 Diploma
830 232 910 270 reqis
928 232 1055 271 Rndolfi.
1077 244 1106 263 (ι.
1126 235 1218 264 1236.
1243 235 1321 273 Apr.
1341 237 1388 266 16.
1413 236 1509 266 eidem
1528 237 1593 267 viro
1614 248 1789 268 concessum

154 282 244 322 (Ray.
268 282 340 320 imp.
364 281 416 318 VI,
429 282 537 320 2013),
563 282 645 320 quod
662 282 822 321 praecedit
843 285 992 317 nosti-mn,
1015 294 1114 322 supra
1132 287 1387 323 praelermisszmz
1412 288 1446 317 ¹in
1462 287 1677 326 Supplemento
1694 289 1791 320 huius

153 333 227 364 tomi
242 333 307 363 III.
327 341 545 371 proponemus.
1501 338 1553 378 (P.
1578 339 1685 378 deest.)

259 426 325 457 Nos
347 426 484 457 Adolfus
500 425 561 456 Dei
579 427 686 467 gracia
702 426 919 457 Romanorum
944 438 1001 457 rex
1018 438 1145 469 semper
1161 434 1313 470 augustus
1337 431 1377 461 ad
1401 432 1616 462 universorum
1641 434 1789 463 noticiam

122 490 132 507 5
155 478 298 509 volumus
326 478 510 518 pervenire,
540 477 624 518 quod
652 488 709 508 nos
736 479 885 518 inspectis
909 480 1036 519 proprie
1061 480 1228 520 probitatis
1252 483 1385 521 meritis,
1414 483 1526 523 quibus
1555 488 1721 514 strennuus
1745 486 1791 515 vir

154 530 311 561 Iohannes
336 529 375 559 de
398 529 516 559 Methis
540 530 622 559 circa
646 539 702 559 nos
726 532 758 559 et
781 539 905 560 sacrum
930 531 1097 570 imperium
1122 542 1250 572 semper
1274 534 1379 563 extitit
1406 533 1598 573 indefessus,
1634 535 1736 575 ipsum
1761 537 1789 565 iu

154 584 255 613 castro
284 584 389 611 nostro
420 579 659 610 Germersheim
692 581 938 621 conquisivimus
969 582 999 611 in
1030 585 1243 621 castrensem,
1283 585 1505 624 promittentes
1533 586 1591 615 sibi
1621 585 1789 616 duodecim

153 643 329 663 marcarum
354 631 498 662 redditus
521 633 610 662 annis
634 633 764 673 singulis
789 633 955 663 occasione
979 632 1159 664 huiusmodi
1184 645 1239 665 nos
1257 635 1396 674 daturos,
1420 636 1615 677 colligendos
1639 640 1671 667 et
1687 639 1789 678 perci-

152 684 285 725 piendos
314 683 353 713 de
384 683 546 714 theolonio
575 684 702 714 navium
726 684 971 714 ascendencium
999 695 1057 725 per
1080 684 1205 715 Renum
1229 686 1260 716 in
1283 685 1424 716 Herden.
1471 687 1517 718 Eo
1542 691 1634 728 pacto
1660 692 1691 718 et
1715 699 1789 719 con-

112 747 135 766 10
154 735 287 774 dicione,
311 734 396 775 quod
413 735 438 764 si
456 734 558 765 dictus
574 735 733 765 Iohannes
751 735 934 774 decesserit,
956 736 1065 776 Agnes
1082 747 1163 766 uxor
1179 748 1234 767 sua
1252 737 1412 777 predictos
1428 738 1595 769 duodecim
1613 750 1789 770 marcarum

153 786 296 818 redditus
319 787 446 816 nomine
471 786 614 817 dotalicii
638 790 795 827 perpetuo
819 787 1004 827 possidebit.
1040 787 1161 818 Verum
1186 789 1211 818 si
1236 788 1396 819 defectum
1421 790 1451 819 in
1467 790 1610 830 predicto
1629 791 1788 821 theolonio

153 839 333 877 sustineret,
358 837 397 868 de
422 839 575 878 proximis
600 838 690 868 bonis
712 839 826 869 nostris
851 838 1011 879 regalibus
1035 839 1101 869 sitis
1126 839 1212 879 apud
1235 839 1472 871 Germersheim
1497 841 1657 872 defectum
1682 843 1788 872 huius-

152 889 238 920 modi
265 889 445 920 tenebimur
477 890 640 920 resarcire.
687 889 894 920 Presencium
922 891 1103 921 testimonio
1135 891 1311 921 litterarum
1347 896 1452 922 nostre
1487 894 1661 923 maiestatis
1696 894 1790 934 sigilli

153 941 266 972 robore
290 941 495 982 signatarum.

112 1013 133 1030 15
258 1001 332 1032 Dat.
357 1001 387 1031 in
405 1000 507 1042 Spira„
530 1002 620 1033 XVI.
638 1002 709 1032 Kal.
726 1002 831 1041 Febr..
856 1002 962 1033 indict.
982 1002 1116 1039 decima.
1141 1014 1222 1034 anno
1240 1003 1368 1034 Domini
1386 1004 1552 1035 millesimo
1571 1004 1788 1036 ducentesimo

152 1053 358 1094 nonagesimo
383 1053 531 1093 septimo,
557 1054 645 1094 regni
671 1064 744 1084 vero
769 1054 867 1084 nostri
891 1064 972 1084 anno
997 1054 1116 1094 quinto.

418 1189 493 1220 567.
529 1189 760 1221 RECEPTIO
783 1189 1023 1221 NOBILIUM
1044 1190 1196 1221 PRIOR.
1244 1192 1335 1221 1297.
1371 1192 1451 1230 Any.
1470 1194 1517 1222 11.

258 1248 492 1287 Descripsimus
514 1249 729 1288 autoyraphou
752 1250 787 1279 in
810 1249 967 1280 tabulario
990 1250 1072 1289 reqio
1099 1250 1316 1287 Confluentiozo
1340 1254 1541 1282 asservatum.
1589 1253 1693 1292 Siye'lli
1710 1264 1790 1292 pars

151 1300 252 1331 media
262 1300 378 1339 pendet
396 1300 459 1331 Zoro
475 1300 716 1331 membranaceo.
765 1301 812 1339 Cf.
828 1312 877 1332 ην.
892 1300 963 1331 568.
981 1322 1021 1325 -
1038 1301 1183 1338 Βϋῆφηεν,
1209 1301 1283 1340 Rea.
1301 1302 1362 1333 Ad.
1380 1304 1452 1333 362.
1507 1302 1559 1340 (P.
1577 1304 1682 1337 (ἱερεῖ.)

110 1404 133 1423 20
257 1394 407 1425 ³Adolfus
422 1394 485 1425 Dei
502 1395 609 1435 gracia
626 1395 872 1436 R01n(anoru1n)
896 1406 953 1425 rex
976 1406 1104 1436 semper
1120 1399 1272 1437 augustus
1289 1399 1399 1427 tenore
1416 1397 1615 1437 presencium
1633 1408 1786 1438 recogno-

151 1446 265 1476 scimus
289 1448 321 1476 et
344 1446 491 1486 publiceb
514 1446 715 1487 profitemur,
751 1446 836 1487 quod
868 1457 925 1477 nos
956 1447 1080 1477 nobiles
1105 1448 1186 1477 viros
1210 1447 1379 1478 Nicolaum
1404 1448 1443 1478 de
1468 1448 1621 1489 Indagine
1647 1452 1677 1479 ct
1701 1449 1786 1479 Tile-

151 1507 299 1527 mannum
317 1497 356 1528 de
374 1496 603 1538 Swarzenberg
618 1497 709 1528 nobis
727 1500 759 1528 et
775 1499 908 1538 imperio
926 1498 1172 1538 conquisivimus
1189 1499 1220 1528 in
1238 1502 1425 1539 castrenses,
1443 1503 1497 1529 aut
1513 1500 1544 1529 in
1561 1503 1662 1530 castro
1680 1504 1786 1530 nostro

151 1548 282 1579 Lovtter
308 1549 359 1579 vel
389 1549 419 1578 in
450 1552 552 1579 castro
581 1551 687 1579 nostro
712 1549 933 1590 Keuelnberg,
966 1560 1167 1590 quocumque
1196 1550 1327 1580 istorum
1352 1550 1484 1580 Iohanni
1513 1551 1652 1582 officiato
1680 1556 1786 1582 nostro

152 1599 189 1630 de
213 1599 356 1640 Rinberg
379 1600 536 1631 advocato
560 1604 667 1631 nostro
691 1601 876 1641 provinciali
901 1611 958 1641 per
975 1600 1176 1641 Spirkaviam
1200 1602 1301 1641 magis
1326 1601 1485 1632 videbitur
1509 1602 1672 1642 expedire.
1707 1603 1786 1633 Pro-

109 1661 133 1680 25
150 1651 311 1682 mittentes
343 1652 388 1682 eis
416 1655 547 1692 propter
577 1651 637 1682 hoc
672 1652 921 1693 quadringentas
956 1652 1052 1683 libras
1080 1652 1281 1682 Hallensium
1312 1652 1363 1682 vel
1391 1653 1601 1693 quadraginta
1636 1654 1786 1685 librarum

149 1701 348 1733 Hallensium
374 1703 516 1733 redditus
540 1714 596 1733 nos
618 1703 757 1743 daturos,
783 1714 860 1744 quas
878 1704 1005 1744 inquam
1031 1703 1279 1745 quadringentas
1295 1703 1391 1734 libras
1414 1703 1614 1735 Hallensium
1631 1705 1787 1735 officiatus

150 1758 256 1785 noster
284 1754 323 1785 de
356 1754 499 1795 Rinberg
527 1754 690 1795 predictus
720 1755 830 1785 (labitc
858 1755 978 1785 eisdem
1009 1755 1059 1785 vel
1088 1755 1230 1785 redditus
1258 1755 1420 1796 predictos
1449 1756 1623 1796 assignabit
1652 1757 1727 1797 ipsis
1756 1758 1786 1787 in

149 1806 302 1846 regimine
331 1806 370 1836 de
394 1806 506 1836 Lvtter
534 1810 598 1837 tam
630 1806 683 1836 diu
707 1806 886 1843 habendos.
916 1806 1017 1837 donec
1042 1807 1116 1846 ipsis
1145 1817 1201 1837 seu
1224 1806 1397 1836 heredibus
1422 1817 1529 1837 eorum
1555 1807 1785 1849 quadringente

149 1856 228 1888 libre
252 1857 452 1888 Hallensium
484 1857 627 1898 predicte
655 1858 773 1888 fuerint
804 1858 946 1898 plenarie
976 1868 1033 1898 per
1060 1869 1117 1887 nos
1145 1858 1196 1888 vel
1219 1868 1418 1888 successores
1442 1862 1565 1889 nostros
1598 1859 1629 1889 in
1652 1860 1784 1900 imperio

109 1922 134 1942 30
151 1908 319 1948 pel-solute.
368 1909 490 1943 Quibus
514 1909 631 1940 habitis
656 1913 842 1940 convertent
865 1910 894 1939 in
919 1909 1046 1950 predia,
1078 1920 1138 1950 que
1169 1910 1228 1950 ipsi
1253 1912 1284 1939 et
1307 1909 1486 1950 Ni(colaus)
1511 1910 1550 1940 de
1575 1910 1729 1951 Indagine
1755 1914 1786 1941 et

150 1959 353 1990 Tilemannus
377 1960 417 1991 de
435 1960 664 2001 Swarzenberg
681 1971 698 1991 a
715 1961 805 1991 nobis
823 1964 854 1991 et
877 1961 1011 2001 imperio
1029 1961 1155 1991 nomine
1180 1961 1315 2001 predicti
1334 1962 1502 1991 castrensis
1526 1961 1611 1992 feodi
1628 1966 1784 2002 perpetuo

151 2011 365 2051 possidebunt.
454 2012 490 2042 In
522 2013 609 2042 cuius
637 2013 683 2042 rei
711 2013 928 2042 testimonium
957 2015 1121 2052 presentes
1150 2012 1273 2042 litteras
1301 2012 1367 2042 fieri
1405 2015 1436 2042 et
1470 2013 1645 2043 maiestatis
1679 2016 1783 2043 nostre

149 2062 242 2103 sigilli
264 2063 437 2093 munimine
461 2064 608 2094 iussimus
631 2064 783 2094 roborari.

255 2122 327 2154 Dat.
342 2134 422 2154 anno
436 2123 564 2155 Domini
578 2123 903 2163 MCCLXXXXVII,
917 2124 1015 2155 tercio
1030 2123 1104 2154 Idus
1115 2124 1262 2164 Augusti.
1280 2125 1368 2164 regni
1382 2134 1456 2154 vero
1473 2125 1570 2154 nostri
1587 2134 1668 2154 anno
1682 2128 1782 2154 sexto.

107 2282 130 2301 ³5
389 2269 464 2301 568.
500 2269 565 2300 RE
568 2269 704 2301 CEPTI
706 2269 731 2301 Ο
754 2270 787 2300 E
790 2269 845 2300 ΟΒ
854 2269 869 2301 l
873 2269 917 2299 lvN
916 2269 1025 2300 DEM
1044 2269 1103 2299 AL
1110 2269 1168 2299 TE
1173 2269 1240 2299 ΒΑ.
1308 2270 1379 2299 297.
1418 2268 1480 2300 Oct.
1497 2270 1547 2299 24.

254 2329 480 2370 Autoyraphon
497 2330 631 2360 eiusdem
647 2329 799 2360 tabularii
814 2329 1042 2367 descripsimus.
1091 2328 1196 2368 Sriyz'lli
1211 2328 1419 2367 fraymentum
1430 2328 1543 2366 pendet
1559 2328 1621 2358 loro
1636 2328 1783 2358 membra-

150 2390 251 2412 naceo.
297 2381 338 2412 In
362 2381 450 2412 dorso
466 2381 615 2419 scriptum
641 2383 685 2411 est
700 2381 779 2411 satis
794 2380 892 2419 lepide
907 2391 1003 2411 mama
1021 2390 1131 2411 coaeva
1146 2379 1216 2410 stilo
1232 2380 1384 2410 acutiori:
1406 2390 1567 2420 nunquam
1584 2385 1781 2419 receperunt.

154 2430 200 2468 Cf.
224 2442 273 2464 ην.
292 2433 362 2463 567.
388 2451 427 2454 —
451 2432 596 2468 Bo‘hmer,
620 2432 694 2471 Rey.
719 2432 781 2462 Ad.
799 2434 871 2463 377.
1493 2430 1544 2469 (P.
1570 2430 1675 2468 deest.)

255 2526 391 2557 Adolfus
414 2525 477 2556 Dei
500 2527 607 2567 gracia
623 2525 841 2556 Romanorum
865 2536 923 2555 rex
947 2536 1074 2566 semper
1097 2528 1250 2565 augustus
1316 2524 1475 2555 nobilibus
1499 2525 1570 2553 viris
1586 2523 1718 2553 Nicolao
1742 2522 1781 2552 dc

109 2586 134 2604 40
151 2574 245 2616 Hayn
269 2580 301 2607 et
316 2577 483 2607 Tilmanno
509 2577 548 2607 de
567 2576 821 2617 Swartzemberg
838 2576 961 2607 dilectis
979 2577 1041 2606 suis
1058 2576 1204 2607 fidelibus
1222 2576 1360 2616 graciam
1386 2586 1474 2605 suam
1492 2578 1524 2605 et
1547 2584 1638 2604 omne
1654 2574 1780 2603 bonum.

252 2627 466 2659 Attendentes
490 2632 594 2659 vestre
618 2629 733 2659 merita
756 2628 923 2668 probitatis
944 2639 999 2659 vos
1024 2629 1053 2658 in
1078 2632 1255 2659 castrenses
1278 2627 1441 2658 absolutos
1463 2630 1585 2656 nostros
1610 2630 1641 2655 et
1658 2626 1780 2665 imperii

149 2678 233 2718 apud
260 2679 412 2710 Lutream
442 2680 589 2710 duximus
624 2679 887 2720 conquirendum,
922 2682 1053 2720 propter
1087 2680 1146 2709 hoc
1183 2679 1429 2719 quadringentas
1458 2678 1553 2708 libras
1581 2676 1777 2707 Hallcnsium

250 2772 314 2798 5⁴57.
334 2774 358 2804 ⁸)
378 2775 412 2799 sic
432 2784 469 2799 or.
556 2773 578 2805 b)
598 2783 614 2798 u
633 2783 699 2798 corr.
719 2783 748 2798 ez·
767 2775 773 2797 l
794 2783 829 2798 or.
918 2773 939 2801 ⁰)
958 2782 1022 2797 corr.
1042 2782 1071 2797 es
1090 2774 1150 2797 alant
1169 2782 1204 2797 or.
