2259 3164
85 739 108 759 10

86 997 108 1016 15

87 1253 111 1272 20

89 1509 111 1528 25

90 1766 113 1786 30

91 2025 114 2045 ³5

92 2280 116 2299 40

94 2535 117 2554 45

97 2826 121 2845 50

509 175 639 201 ADoLFI
661 174 765 201 REGIS
784 174 1110 201 CONSTITUTIONES.
1150 177 1221 202 1292.
1261 177 1379 202 >⁷1:474
1703 182 1761 209 451

126 262 247 294 eisdem
270 261 370 292 libere
395 264 427 292 et
451 249 596 292 absosute
622 261 835 291 concedemus
860 261 1057 301 temporibus
1086 263 1175 302 regni
1206 264 1302 293 nostri
1327 274 1382 303 pro
1409 263 1551 294 custodia
1576 274 1612 294 ac
1637 274 1764 295 conser-

126 314 252 345 vatione
276 312 464 347 eorundem,
495 311 586 342 nobis
616 316 724 342 eontra
747 315 872 341 nostros
901 315 932 342 et
956 312 1080 352 imperii
1105 313 1248 343 inimicos
1272 314 1373 344 libero
1398 315 1526 344 introitu
1550 318 1581 345 et
1606 316 1707 353 exitu,
1739 317 1764 345 si

125 375 254 396 necesse
279 364 384 403 fuerit,
408 364 439 393 in
463 363 585 394 eisdem
609 364 719 393 castris
744 366 776 393 et
798 363 1026 394 munitionibus
1051 367 1271 394 tantummodo
1296 367 1475 396 reservatis,

227 418 255 446 4.
290 416 373 446 Item
409 426 480 446 cum
515 415 600 445 idem
635 415 895 455 archiepiscopus
931 419 962 445 et
998 415 1133 446 ecclesia
1168 415 1366 446 Coloniensis
1402 422 1504 447 castra
1541 418 1676 448 ecclesie
1708 429 1764 448 sue

125 467 324 508 Leggenich,
348 467 469 505 Wede,
494 466 731 507 Whldenberg,
760 466 958 507 Redenberg
987 470 1018 497 et
1047 467 1170 507 Aspillc
1202 468 1231 497 in
1260 468 1449 499 liberatione
1482 470 1579 509 ipsius
1607 469 1764 510 archiepi-

125 519 213 560 scopi
235 518 333 549 nobili
357 519 423 549 viro
447 518 599 559 Adolphe
628 518 735 548 comiti
764 518 803 548 de
827 518 936 548 Monte
968 518 1182 558 obligaverint
1212 530 1267 559 pro
1297 523 1384 549 certa
1413 521 1546 560 pecunie
1577 521 1764 561 quantitate,

126 574 157 601 et
180 570 315 601 ecclesia
339 569 485 600 Romana
511 570 616 600 eidem
646 570 754 600 comiti
778 569 835 599 sub
860 580 944 609 pena
970 571 1309 600 excommunicationis
1338 574 1369 601 et
1400 572 1559 602 interdicti
1587 571 1712 602 dederit
1735 573 1765 601 in

125 621 296 657 mandatis,
326 624 361 651 ut
387 621 472 652 dicta
496 624 599 651 castra
624 621 728 652 eidem
753 621 994 661 archiepiscopo
1026 624 1058 651 et
1082 621 1217 651 ecclesie
1242 633 1296 652 sue
1322 623 1469 652 restituat
1491 623 1592 653 libere
1617 626 1649 653 et
1671 623 1765 653 abso-

125 673 189 703 lute
219 676 251 703 et
280 673 340 703 hoc
371 672 456 703 idem
481 672 626 703 dominus
651 683 735 713 papa
759 673 950 702 111111111101111
981 672 1140 713 quondam
1171 673 1298 703 domino
1326 673 1524 714 R(odolph0)
1548 674 1765 705 Romanorum

126 725 194 765 regi
213 724 368 765 predicto,
392 724 616 765 promittimus,
641 724 726 764 quod
750 734 807 754 nos
832 723 970 754 eundem
994 724 1144 754 comitem
1169 727 1200 754 et
1224 735 1297 754 suos
1314 724 1451 755 heredes
1469 725 1548 755 tales
1565 726 1765 760 habebimus,

127 776 210 817 quod
227 776 333 806 omnia
350 779 453 806 castra
470 775 614 816 predicta.
639 778 671 805 et
696 775 803 805 villam
821 775 1018 805 Tintiensem
1036 775 1205 805 restituent
1229 779 1261 805 et
1285 775 1508 806 deliberabunt
1525 777 1765 817 archiepiscopo

127 830 159 858 et
181 827 316 858 ecclesie
342 826 524 857 Coloniensi
547 827 614 857 sine
639 826 745 867 aliquo
771 826 909 866 dampno
934 827 1074 867 ipsorum
1100 830 1132 857 et
1155 827 1288 857 alicuius
1312 828 1447 867 pecunie
1472 828 1611 860 datione.

228 882 255 910 5.
290 878 373 909 Item
390 879 614 919 promittimus,
633 878 718 918 quod
735 889 791 908 nos
810 878 948 908 eundem
965 878 1241 918 archiepiscopum
1260 882 1292 909 et
1309 878 1477 909 eeclesiam
1496 879 1719 910 Ooloniensem
1737 880 1767 909 111

127 930 324 961 advocatiam
343 934 374 960 et
390 930 541 960 iudicium
559 930 644 970 apud
660 929 807 967 Essinde,
825 933 929 960 curtes
940 929 1150 967 WVesthoven,
1167 930 1307 960 Brakele
1327 934 1358 960 et
1370 930 1606 961 Ehnenshorstf
1620 932 1767 961 restitue-

126 992 194 1012 mus
211 984 243 1012 et
258 992 450 1022 reponemus
469 984 501 1012 et
517 981 703 1011 earumdem
722 981 855 1022 pacifica
872 982 1072 1021 possessione
1097 981 1239 1022 gaudere
1264 982 1505 1022 procurabimus
1529 986 1562 1012 et
1583 982 1766 1013 efficiemus.

228 1036 256 1064 6.
291 1033 374 1064 Item
397 1026 626 1074 promittimus,
652 1033 737 1074 quod
761 1032 1048 1073 archiepiscopum,
1073 1043 1146 1063 suos
1170 1043 1370 1064 successores
1394 1037 1427 1063 et
1451 1034 1619 1064 ecclesiam
1644 1034 1767 1064 tenebi-

127 1095 194 1116 mus
219 1088 251 1115 et
274 1084 532 1115 conservabimus
555 1085 586 1115 in
610 1085 811 1125 possessione
837 1088 1012 1114 castrorum
1029 1084 1250 1125 W'assenberg
1267 1089 1299 1115 et
1315 1085 1488 1126 Lcydberg
1512 1088 1543 1115 et
1567 1085 1642 1125 ipsis
1659 1089 1766 1115 contra

128 1136 241 1167 ducem
263 1136 448 1176 Brabantie,
474 1137 623 1166 comitem
647 1135 798 1166 Flaudrie
824 1139 855 1166 et
879 1136 958 1166 alios
981 1146 1198 1177 quoscumque
1222 1140 1353 1177 propter
1376 1136 1435 1167 hoc
1461 1137 1546 1177 ipsos
1571 1135 1768 1178 [inpaderos

127 1187 270 1218 volentes
292 1198 389 1218 manu
413 1188 535 1228 potenti
560 1188 754 1218 assistemus.

231 1241 257 1270 7.
293 1239 375 1269 Item
400 1239 628 1279 promittimus,
662 1239 747 1279 quod
778 1240 803 1269 si
827 1239 1100 1279 archiepiscopus,
1132 1239 1200 1269 suih
1224 1250 1424 1269 successores
1453 1243 1485 1269 et
1513 1240 1648 1270 ecclesia
1673 1239 1767 1270 Colo-

128 1290 242 1320 niensis
259 1294 362 1321 eastra
380 1295 411 1320 et
427 1291 617 1321 munitiones
628 1290 791 1325 WVorinch,
806 1290 985 1331 Ysenberg,
996 1290 1117 1326 werlo.
1132 1291 1302 1327 Mendene,
1320 1291 1767 1331 Raffinberg,Volmcsteyne.

127 1342 325 1382 Hallenberg
358 1345 389 1372 et
419 1343 611 1372 munitiones
641 1342 720 1372 alias
751 1342 886 1372 ecclesie
917 1342 1115 1372 Coloniensis
1145 1346 1290 1383 tempore
1320 1343 1512 1383 captivitatis
1536 1343 1769 1383 archiepiscopi

129 1393 304 1424 destructas
332 1394 396 1424 suis
426 1394 604 1434 sumptibus
636 1393 822 1424 reedificare
854 1394 1026 1433 voluerint,
1057 1394 1242 1424 violentiam
1274 1395 1349 1434 ipsis
1381 1394 1579 1435 deponemus
1612 1398 1643 1425 et
1674 1405 1768 1435 quos-

130 1455 262 1486 cumque
286 1445 317 1475 in
340 1444 521 1475 huiusmodi
546 1448 703 1475 structura
728 1455 782 1475 eos
807 1445 963 1485 impedire
988 1445 1132 1475 volentes
1156 1445 1257 1485 regali
1281 1446 1425 1485 potentia
1448 1456 1698 1486 compescemus.

230 1498 257 1527 8.
292 1496 374 1527 Item
399 1497 627 1537 promittimus,
659 1496 744 1537 quod
773 1496 935 1527 theolonia
959 1497 989 1526 in
1013 1497 1205 1527 Andernaco
1231 1500 1262 1527 et
1286 1497 1371 1537 apud
1395 1497 1502 1527 Berke
1527 1497 1767 1537 archiepiscopo

131 1552 162 1579 et
184 1548 318 1578 ecclesie
344 1547 526 1578 Coloniensi
550 1548 807 1578 confirmabimus
832 1551 864 1578 et
887 1547 1055 1588 privilegia
1081 1548 1215 1578 ecclesie
1234 1548 1432 1578 Coloniensis
1457 1549 1496 1579 ab
1522 1548 1768 1589 imperatoribus

131 1598 223 1641 [seu]i
246 1599 375 1640 regibus
400 1610 553 1630 concessa
578 1600 798 1630 innovabimus
823 1599 954 1629 eisdem.

230 1653 258 1682 9.
293 1651 375 1682 Item
400 1652 628 1691 promittimus,
658 1651 743 1691 quod
767 1651 1043 1691 archiepiscopum
1074 1654 1104 1681 et
1133 1651 1301 1681 ecclesiam
1328 1650 1550 1680 Coloniensem
1575 1651 1605 1681 in
1630 1655 1766 1681 castrum

131 1706 162 1734 et
188 1702 272 1733 bona
302 1702 386 1743 apud
416 1703 541 1737 Zelten,
574 1714 592 1733 a
617 1703 731 1743 quibus
762 1703 1022 1743 archiepiscopus
1055 1706 1200 1742 tempore
1233 1702 1426 1742 captivitatis
1457 1712 1512 1732 sue
1541 1712 1559 1732 a
1588 1703 1703 1733 comite
1729 1702 1768 1732 dc

130 1754 270 1785 Veldens
294 1754 353 1785 fuit
377 1755 497 1785 eiectus
522 1758 554 1785 et
578 1755 741 1795 spoliatus,
766 1765 957 1795 reponemus
987 1758 1018 1784 et
1048 1755 1150 1794 ipsum
1180 1757 1318 1784 castrum
1343 1753 1448 1783 eidem
1472 1753 1712 1794 archiepiscopo
1737 1758 1769 1784 et

132 1805 263 1836 ecclesie
288 1805 471 1837 Coloniensi
494 1806 667 1837 deliberari
691 1806 855 1836 faciemus,

235 1860 279 1887 10.
304 1857 386 1888 Item
411 1858 636 1898 promittimus,
661 1857 746 1898 quod
771 1857 961 1898 condignam
986 1857 1155 1887 emendam
1185 1857 1426 1897 archiepiscopo
1456 1860 1488 1887 et.
1512 1857 1646 1886 ecclesie
1673 1856 1767 1886 Colo-

130 1909 227 1939 niensi
250 1909 318 1939 fieri
341 1909 581 1949 procurabimus
606 1920 624 1939 a
648 1909 768 1939 civibus
794 1908 1036 1939 Coloniensibus
1060 1908 1099 1939 de
1125 1908 1287 1938 forefactis
1312 1908 1485 1938 eorundem
1510 1907 1550 1938 ad
1572 1908 1767 1938 voluntatem

131 1960 374 2002 archiepiscopi,
407 1972 535 1991 suorum
566 1971 785 1991 successorum
816 1960 884 2002 [et]i
916 1960 1051 1991 ecclesie
1085 1960 1293 1991 Coltmiensis.
1350 1961 1501 2000 Alioquin
1533 1959 1654 1999 absque
1684 1960 1768 1989 omni

133 2012 378 2043 contradictione
396 2013 436 2043 ab
453 2012 706 2053 archiepiscopo,
731 2013 794 2042 suis
812 2012 1046 2043 successoribus
1066 2016 1097 2042 ct
1115 2012 1248 2042 ecclesia
1269 2012 1451 2042 Coloniensi
1468 2011 1622 2051 requisiti,
1647 2009 1769 2052 quila}k

131 2063 162 2093 in
185 2064 513 2094 excommunicatione
547 2064 622 2094 dicti
652 2065 736 2094 cives
761 2067 918 2094 steterunt
946 2074 1004 2104 per
1030 2074 1146 2093 annum
1177 2066 1207 2093 et
1236 2063 1320 2093 diem
1352 2066 1383 2092 et
1411 2063 1600 2093 forefactum
1628 2063 1768 2102 ipsorum

133 2117 178 2144 est
199 2116 366 2155 notorium,
392 2115 625 2156 proscribemus
655 2116 785 2146 eosdem
811 2120 842 2146 et
866 2116 948 2145 bona
972 2116 1112 2155 ipsorum
1134 2115 1377 2155 publicabimus.
1422 2114 1464 2144 Et
1487 2114 1708 2144 nichilominus
1733 2139 1737 2143 .
1763 2139 1767 2143 .

132 2166 379 2208 archiepiscopo,
404 2167 468 2197 suis
492 2168 729 2197 successoribus
760 2171 792 2197 et
823 2167 957 2197 ecclesie
984 2166 1165 2197 Coloniensi
1195 2167 1379 2196 assistemus
1409 2167 1523 2196 nostris
1552 2165 1714 2195 laboribus
1738 2169 1769 2195 ct

133 2218 278 2257 expensis
301 2222 450 2258 potenter
474 2223 504 2249 et
528 2222 677 2259 patenter
706 2222 815 2248 contra
848 2219 932 2248 circs
957 2218 1117 2258 predictos
1149 2222 1180 2248 et
1210 2218 1350 2248 fautores
1375 2217 1547 2248 eorundem
1572 2227 1629 2246 nec
1654 2227 1670 2246 a
1697 2227 1767 2257 per-

133 2269 291 2300 secutione
328 2270 503 2300 eorundem
538 2270 728 2300 desistemus
762 2280 819 2300 nec
853 2280 980 2310 pacem,
1013 2273 1140 2310 treugas
1173 2269 1221 2299 vel
1249 2270 1512 2309 c01np‹.›sitionem
1544 2279 1614 2298 cum
1647 2268 1767 2298 eisdem

132 2319 275 2350 inibimus
299 2321 364 2351 sinc
389 2321 486 2361 ipsius
510 2321 753 2361 archiepiscopi,
779 2332 906 2350 suorum
931 2331 1150 2350 successorum
1176 2324 1207 2350 et
1232 2321 1366 2350 ecclesie
1385 2320 1583 2350 Coloniensis
1607 2319 1768 2349 voluntate

134 2373 164 2400 et
186 2381 339 2402 consensu
364 2383 526 2413 expresso,
552 2376 583 2403 ct
607 2373 689 2402 circa
714 2372 894 2402 huiusmodi
918 2373 1081 2412 negotium
1107 2372 1271 2406 faciemus,
1297 2371 1451 2412 quidquid
1472 2371 1712 2410 archiepiscopo
1738 2377 1769 2400 ct

135 2422 265 2454 ecclesie
290 2423 472 2454 Coloniensi
495 2424 657 2454 videbitur
682 2424 872 2454 faciendum.

235 2476 281 2504 11.
316 2475 398 2505 Item
422 2476 650 2515 promittimus,
677 2475 761 2515 quod
786 2476 811 2504 si
835 2476 1099 2515 col'npositionem
1124 2474 1326 2504 amicabilem
1353 2474 1446 2515 [inter
1470 2471 1767 2513 archiepiseopumjl

135 2527 165 2553 et
193 2525 275 2555 cives
304 2524 510 2556 Colonienscs
541 2527 757 2566 contingel·it¹¹¹
790 2526 927 2556 ordinari
956 2527 1005 2556 vel
1038 2524 1126 2567 [eos]¹
1161 2525 1401 2565 archiepiscopo
1433 2524 1609 2564 subingari,
1641 2534 1697 2554 nos
1728 2523 1766 2552 111·

134 2574 257 2606 civitate
275 2576 456 2608 Coloniensi
480 2577 660 2608 nullatenus
683 2578 930 2607 intromittemus
955 2589 1011 2607 nec
1037 2577 1075 2607 (le.
1101 2577 1221 2607 civibus
1245 2576 1373 2616 aliquod
1398 2575 1559 2605 fidelitatis
1584 2575 1765 2615 homagium

134 2627 334 2667 recipiemus,
366 2640 436 2659 cum
465 2630 533 2669 ipsa
562 2630 673 2659 civitas
697 2629 727 2658 in
752 2629 982 2668 temporalibus
1007 2632 1038 2659 et
1062 2628 1278 2668 spiritualibus
1302 2627 1341 2657 ad
1367 2628 1468 2667 ipsum
1493 2626 1765 2665 archiepisc‹1›pum

136 2676 352 2710 Coloniensem
376 2681 535 2720 pertineat
559 2681 653 2721 pleno
678 2681 755 2710 iure.

234 2754 297 2781 474.
317 2756 336 2787 s)
352 2758 515 2782 Elnensliorst
526 2767 546 2781 1».
617 2762 640 2784 131
654 2758 744 2781 vadere
759 2766 777 2780 c.
850 2755 873 2782 ¹¹!
888 2765 946 2780 suos
960 2765 978 2779 c.
1050 2761 1065 2779 ¹]
1082 2756 1147 2779 dms!
1161 2767 1180 2780 1-,
1254 2754 1276 2775 ki
1292 2756 1335 2785 qni
1350 2765 1369 2778 c
1441 2753 1456 2777 11
1472 2754 1537 2777 ‹lrcss
1551 2763 1569 2777 ι’.
1643 2752 1672 2779 ΗΓ)
1693 2753 1726 2775 *1⁴13
1746 2762 1765 2775 rx.

239 2824 262 2854 1)
285 2823 325 2855 Cf.
346 2824 406 2857 Ii'cq.
427 2825 486 2857 imp.
509 2824 552 2854 ΓΙ,
565 2828 628 2849 2237
646 2827 668 2848 (Ἰ
689 2828 760 2848 2275.
