2259 3116
411 175 472 203 51ss
763 168 894 193 ADOLFI
914 166 1018 193 REGIS
1038 166 1362 193 CONSTITUTIONES.
1402 166 1474 191 1295.
1511 165 1559 190 Nr.
1573 165 1630 191 546.
1650 165 1708 191 547.

411 258 553 289 Romana
586 260 689 287 mater
713 256 849 286 ecelesia
873 254 989 285 favoris
1018 254 1220 294 prerogativa
1248 254 1379 294 respicit
1408 256 1440 282 et
1463 251 1631 292 singularis
1654 251 1770 281 amoris
1794 251 1960 292 privilegio
1984 263 2057 292 pro-

412 311 501 350 sequi
526 320 588 339 non
613 308 747 347 desistit,
771 317 843 337 cum
866 317 933 343 nos„
958 306 1010 346 qui
1035 306 1110 335 lieet
1133 306 1283 335 immeriti
1301 304 1417 335 Christi
1440 304 1527 333 vices
1548 303 1579 332 in
1603 303 1695 333 terris
1711 303 1862 343 gerimus,
1886 306 2059 344 antequam

412 366 475 392 tam
507 363 645 391 armatas
674 363 803 399 tamque
837 357 995 389 terribiles
1033 356 1283 387 Christianorum
1316 357 1402 386 acies
1435 356 1466 384 in
1501 364 1614 384 necem
1648 355 1882 395 pernitiemque
1916 354 2058 386 fidelium

412 413 670 453 permitteremus
695 411 885 451 irrumpere,
919 410 943 439 si
970 409 1099 439 daretur
1123 408 1214 439 nobis
1242 408 1309 439 fore
1334 407 1501 448 possibile,
1532 409 1693 436 tantorum
1722 405 1879 436 malorum
1909 406 2058 437 effectum

412 464 549 494 libenter
566 472 748 493 curaremus
772 472 829 502 pro
847 461 965 492 viribus
981 461 1193 500 personaliter
1210 459 1375 500 impedire.
1455 458 1502 498 (ὃ)
1525 456 1605 487 Cum
1622 458 1741 498 itaque,
1758 458 1839 488 sicut
1855 459 2058 498 premittitur,

411 518 606 546 memoratos
624 514 792 554 episcopos
816 512 856 543 ad
875 523 968 553 reges
992 512 1170 542 miserimus
1188 510 1396 552 supradictos,
1422 514 1455 540 ut
1473 510 1554 539 inter
1578 509 1662 549 ipsos
1678 519 1736 549 per
1760 508 1885 540 illorum
1902 510 2058 540 curiosam

413 567 577 597 solertiam
602 567 689 607 pacis
713 564 840 603 federa,
875 563 946 594 Deo
970 564 1100 604 auspice
1125 562 1351 601 reformentur,
1382 571 1502 601 nosque
1528 559 1713 600 diligentius
1736 560 1950 600 attendentes,
1974 561 2060 602 quod

414 619 632 649 Romanorum
658 627 715 647 rex
739 616 909 657 peculiaris
933 616 1070 646 ecclesie
1091 615 1177 645 filius
1202 618 1233 645 et
1257 615 1324 644 eius
1348 612 1496 654 specialis
1521 611 1671 642 defensor
1694 615 1727 642 et
1749 612 1924 643 advocatus
1941 613 2059 653 existit,

413 680 602 701 conservare
629 672 661 699 et
683 671 892 698 manutenere
918 667 1015 707 ipsius
1039 667 1105 696 iura
1132 666 1269 706 imperii,
1301 664 1387 705 quod
1412 665 1492 694 sicut
1515 666 1547 694 te
1572 663 1672 694 latere
1696 674 1759 694 non
1783 663 1956 703 credimus,
1987 674 2059 704 pre-

412 722 532 752 cellens
560 720 736 761 apostolice
765 718 849 749 sedis
880 719 1053 749 auctoritas
1085 717 1160 747 olim
1189 717 1228 747 de
1254 716 1366 747 Grecis
1390 715 1551 746 transtulit
1579 715 1609 745 in
1634 714 1826 754 Germanos,
1856 715 2060 756 vigilantibus
2080 729 2104 748 ιο

412 777 445 804 et
476 772 618 803 sollicitis
650 770 761 801 studiis
790 780 1015 811 proponamus,
1084 767 1335 809 magnitudinem
1366 768 1488 808 regiam
1518 777 1668 808 rogamus
1697 769 1729 797 et
1752 766 1917 797 hortamur
1939 770 2060 798 attente

412 835 449 855 ac
475 824 681 855 obsecramus
711 823 741 852 in
766 821 894 852 domino
919 821 993 851 Iesu
1019 820 1162 859 Christo,
1194 821 1342 860 quatinus
1372 830 1428 860 pro
1454 819 1558 849 divina
1585 822 1633 849 etc
1657 819 1834 859 apostolice
1863 818 1947 849 sedis
1971 829 2061 850 reve-

413 877 515 906 rentia
540 878 657 915 tueque
682 873 793 903 salutis
817 875 990 913 augmento
1015 871 1054 902 ad
1080 871 1284 911 tranquillum
1310 874 1341 901 et
1364 870 1531 911 pacificum
1560 870 1656 900 totius
1681 870 1919 901 christianitatis
1945 873 2060 901 statum

416 932 447 958 et
471 927 636 968 potissime
661 926 803 966 gentium
834 925 923 965 regni
952 925 997 954 tui
1027 923 1066 954 de
1090 922 1307 953 habundantia
1334 923 1504 952 clementie
1533 922 1651 963 regalis
1674 922 1843 953 intendens
1867 925 1900 952 et
1923 923 2062 962 ipsarum

414 979 563 1020 periculis
595 978 732 1018 benigne
762 977 974 1017 compatiens,
1006 986 1023 1005 a
1048 975 1191 1016 quolibet
1219 975 1249 1005 in
1273 974 1332 1004 hae
1356 977 1447 1014 parte
1470 973 1578 1004 hostili
1609 984 1774 1014 processu.
1806 975 1975 1014 presertim
2002 974 2061 1005 hoc
2081 987 2103 1006 ιε.

415 1035 572 1071 tempore.
598 1040 654 1070 per
679 1039 773 1069 quem
798 1028 933 1058 molesta
956 1027 1047 1058 nobis
1069 1037 1163 1067 quam
1184 1026 1354 1067 plurimum
1378 1036 1490 1067 regum
1507 1025 1724 1066 predictorum
1746 1025 1904 1056 discordia
1921 1025 2062 1056 fomenta

414 1083 584 1122 suscipiat,
610 1092 671 1111 non
696 1080 796 1110 solum
822 1079 951 1110 studeas
975 1080 1101 1119 penitus
1124 1078 1303 1110 abstinere.
1328 1082 1376 1108 set
1400 1078 1516 1118 potius.
1539 1081 1574 1107 ut
1598 1077 1765 1108 tractanda
1789 1077 1959 1108 concordia
1982 1078 2064 1108 inter

414 1145 470 1165 eos
504 1144 561 1174 per
592 1133 760 1173 episcopos
789 1134 982 1162 memoratos
1011 1132 1097 1161 iuxta
1131 1134 1202 1160 vota
1233 1133 1341 1160 nostra
1372 1130 1552 1170 proveniat,
1584 1140 1678 1170 opem
1704 1132 1736 1160 et
1760 1139 1890 1170 operam
1917 1129 2063 1160 efficaces

415 1185 545 1216 studeas
568 1184 739 1224 impertiri.
771 1185 858 1213 tanto
883 1182 1020 1223 amplius
1044 1181 1135 1212 nobis
1159 1185 1191 1211 et
1214 1181 1389 1222 apostolice
1415 1181 1482 1211 sedi
1507 1180 1640 1222 proinde
1665 1181 1853 1221 placituruS.
1884 1184 2000 1221 quanto
2033 1181 2063 1211 iu

414 1238 473 1267 hoc
505 1237 619 1267 nostris
652 1239 683 1266 et
715 1235 812 1275 ipsius
843 1234 1053 1274 beneplacitis
1083 1234 1260 1274 promptius
1294 1236 1326 1263 et
1362 1233 1518 1263 efficatius
1553 1233 1748 1273 acquiesces.
1839 1233 1884 1272 (6)
1919 1231 1961 1263 Et
1990 1232 2061 1273 quia
2082 1245 2106 1264 20

415 1290 566 1330 premissa
600 1292 631 1317 et
661 1285 842 1317 huiusmodi
874 1289 961 1316 tuum
994 1288 1026 1316 et
1062 1286 1185 1326 imperii
1219 1286 1353 1325 pretaeti
1388 1286 1551 1326 negotium
1582 1285 1765 1325 specialiter
1795 1284 1882 1315 eordi
1913 1285 2061 1325 gerimus.

417 1351 491 1371 ecce
518 1339 719 1370 venerabiles
743 1338 858 1368 fratres
883 1341 1006 1367 nostros
1031 1363 1036 1367 .
1058 1363 1063 1367 .
1088 1337 1365 1377 arehiepiscopum
1382 1336 1543 1377 Reginum
1561 1340 1593 1367 et
1619 1362 1624 1366 .
1644 1361 1649 1366 .
1675 1337 1861 1377 episcopum
1878 1335 2061 1368 Senensem.

417 1393 536 1422 latores
560 1391 767 1431 presentium,
793 1390 876 1419 viros
900 1390 1010 1429 utique
1027 1388 1177 1429 providos
1201 1391 1232 1419 et
1250 1388 1403 1418 discretos
1427 1399 1463 1418 ac
1481 1388 1572 1418 nobis
1597 1392 1629 1419 et
1646 1387 1796 1418 fratribus
1820 1388 1934 1418 nostris
1950 1387 2062 1418 merito

417 1454 472 1474 sue
498 1442 665 1483 probitatis
689 1444 848 1481 acceptos,
874 1440 913 1471 ad
938 1444 969 1471 te
995 1440 1144 1471 duximus
1168 1439 1416 1481 destinando[s],
1448 1443 1482 1470 ut
1506 1439 1649 1480 predicta
1674 1439 1732 1470 tibi
1756 1439 1911 1470 efficatius
1935 1439 2062 1470 oraculo

417 1496 487 1525 vive
512 1494 597 1524 vocis
623 1496 785 1533 exponant
810 1496 841 1523 et
865 1495 898 1522 tu
924 1502 971 1531 ea,
997 1503 1057 1532 que
1082 1502 1250 1532 personam
1275 1496 1362 1522 tuam
1388 1494 1420 1522 et
1443 1492 1612 1532 imperium
1637 1492 1738 1532 ipsum
1760 1494 1903 1531 tangunt.
1927 1501 1984 1532 per
2008 1501 2062 1521 eos
2080 1503 2104 1521 2⁵

418 1546 508 1576 nobis
526 1546 646 1576 seriose
664 1544 793 1574 studeas
811 1545 968 1578 intimare,
987 1546 1020 1574 ut
1037 1554 1077 1574 ex
1094 1554 1204 1574 eorum
1220 1543 1373 1574 relatibus
1390 1543 1550 1574 informati
1568 1543 1692 1583 plenius
1710 1547 1742 1573 et
1758 1543 1901 1573 instructi
1918 1552 2062 1573 curemus

418 1597 494 1627 illud
527 1608 622 1637 super
651 1596 709 1626 hoe
738 1596 892 1627 adhibere.
922 1595 1114 1630 remedium,
1147 1606 1203 1636 per
1227 1595 1311 1636 quod
1337 1594 1480 1625 eiusdem
1506 1596 1573 1625 iura
1597 1595 1721 1635 imperii
1747 1593 1787 1625 ad
1812 1595 1856 1624 tui
1880 1594 2007 1625 honoris
2031 1597 2063 1624 et

418 1649 623 1679 exaltationis
647 1651 852 1689 augmentum
878 1647 966 1678 illesa
993 1651 1025 1678 et
1048 1648 1170 1688 integra
1197 1651 1432 1677 conserventur.

527 1701 597 1731 Dat.
616 1700 762 1733 Velletri.
787 1700 826 1730 X.
845 1700 917 1730 Kal.
936 1699 1027 1733 Iunii,
1052 1710 1133 1729 anno
1160 1700 1270 1739 primo.

800 1801 875 1833 547.
912 1802 1198 1833 RESPONSUM
1217 1802 1496 1834 PONTJFJCIS.
1542 1803 1615 1832 lim.
1633 1803 1683 1832 27.
2080 1814 2104 1831 κο

526 1863 578 1893 1211:
594 1864 693 1893 codem
712 1863 855 1902 Reglistro
876 1863 928 1900 sol.
943 1864 1017 1892 209'
1041 1874 1088 1894 ην.
1106 1865 1165 1892 171
1183 1863 1283 1894 ammo
1300 1863 1431 1894 contulit
1447 1862 1489 1894 H.
1504 1862 1701 1902 Poyatscher.
1725 1881 1765 1884 —
1789 1861 1934 1892 Pottlmst
1948 1861 2062 1890 24114.

419 1914 575 1953 semis-tres
592 1915 628 1943 de
644 1914 801 1954 Boniface
820 1913 914 1944 VIII.
939 1916 1010 1944 ⁸71.
1056 1914 1201 1951 Bo'hmcr,
1226 1914 1300 1953 Rea.
1317 1915 1533 1944 1:246—1313
1549 1913 1665 1952 Piipste
1678 1913 1751 1944 2720.
1801 1912 1853 1951 (P.
1872 1913 1977 1950 deest.)

527 1992 702 2021 Karissimo
728 1992 756 2021 in
783 1991 907 2021 Christo
932 1991 995 2021 filio
1021 1991 1138 2022 Adolfo
1164 1992 1229 2032 regi
1256 1991 1474 2022 Romanorum
1499 1991 1640 2021 illustriss.

527 2044 573 2083 (l)
598 2044 785 2073 Serenitatis
803 2047 855 2073 tue
881 2044 1015 2073 nuntios.
1034 2043 1249 2073 venerabilem
1274 2043 1404 2073 fratrem
1422 2047 1563 2073 nostrum
1580 2042 1621 2073 H.
1638 2043 1862 2073 Brixinenscm
1880 2043 2061 2083 episcopum

420 2099 451 2125 et
477 2094 627 2124 dilectum
652 2094 747 2124 filium
774 2095 959 2135 magistrum
984 2095 1020 2124 L.
1045 2095 1243 2134 prepositum
1261 2094 1531 2125 wormatiensem
1558 2097 1590 2124 et
1609 2094 1750 2124 nobilem
1774 2094 1874 2123 virum
1892 2092 2060 2124 Gerlacum
2079 2104 2103 2123 35

420 2146 458 2175 de
478 2146 655 2185 Isemburg,
680 2145 721 2175 ad
747 2149 885 2176 nostram
910 2156 1011 2186 nuper
1036 2147 1228 2186 presentiam
1254 2146 1429 2176 destinatos
1453 2149 1584 2186 paterna
1610 2145 1807 2186 benignitate
1831 2145 2009 2185 recepimus
2032 2147 2062 2173 et

421 2208 481 2237 qne
512 2203 575 2227 tam
607 2198 747 2238 publii-c.
779 2208 874 2237 quam
907 2199 1029 2237 private
1060 2198 1117 2238 ipsi
1153 2208 1259 2228 eoram
1290 2198 1379 2227 nobis
1413 2208 1467 2238 pro
1499 2201 1588 2237 parte
1621 2202 1675 2227 tua
1699 2207 1862 2237 exponere
1886 2196 2060 2227 voluerunt.

419 2249 598 2279 audivimus
623 2249 801 2289 diligenter.
843 2249 926 2279 [nter
950 2253 1058 2279 cetera.
1083 2249 1211 2289 quidem
1236 2249 1326 2280 nobis
1351 2250 1495 2290 exposita
1523 2260 1579 2289 per
1602 2248 1733 2279 eosdem
1756 2248 1886 2278 filialem
1910 2247 2060 2278 obedien-

420 2301 511 2338 tiam,
544 2300 744 2330 devotionem
771 2311 882 2340 puram
914 2304 945 2329 et
973 2301 1095 2331 sineere
1131 2300 1414 2341 promptitudinem
1439 2300 1626 2333 voluntatis.
1657 2310 1735 2341 quas
1765 2301 1849 2340 geris
1877 2299 1918 2330 ad
1946 2309 2001 2329 nos
2030 2301 2060 2327 et

421 2351 600 2381 Romanam
626 2351 793 2381 (molosiam
819 2356 952 2381 matrem
979 2357 1081 2382 tuam.
1113 2352 1227 2391 quibus
1260 2352 1375 2382 devote
1401 2351 1532 2392 obsequi
1559 2355 1591 2381 et
1615 2351 1747 2382 obedire
1772 2354 1935 2392 gratanter
1958 2350 2059 2380 animo
2078 2362 2102 2380 4⁰

421 2403 553 2432 ferventi
573 2403 723 2443 disponis,
748 2413 804 2442 pro
823 2406 853 2432 te
872 2402 1045 2443 prudenter
1062 2403 1176 2433 otl'crre
1195 2407 1353 2439 eurarunt,
1371 2407 1518 2443 petentes
1536 2414 1591 2443 per
1608 2414 1664 2433 nos
1680 2406 1713 2433 et
1730 2402 1877 2433 eamdem
1895 2401 2058 2432 ecclesiam

422 2454 478 2483 tibi
505 2454 630 2484 solitum
650 2453 828 2492 Romantis)
854 2454 981 2491 regibus
1006 2453 1150 2483 exhiberi
1169 2454 1310 2484 favorem
1336 2458 1367 2484 et
1392 2454 1639 2484 benivolentiam
1657 2457 1852 2484 consuetam.
1934 2453 1979 2493 (2)
1996 2451 2060 2482 Nos

422 2506 519 2544 igitur
543 2505 600 2535 hee
626 2505 769 2543 diligenti
797 2506 1003 2536 meditatione
1028 2511 1199 2546 pensantes
1223 2506 1417 2537 oblationem
1442 2506 1621 2537 huiusmodi
1648 2510 1712 2537 tam
1737 2506 1901 2547 providam
1933 2509 2058 2545 tamque

421 2568 526 2586 earam
543 2560 706 2597 gratanter
723 2558 904 2597 accepimns
922 2568 1023 2598 eaque
1043 2559 1070 2587 in
1088 2558 1167 2588 libro
1185 2559 1338 2588 memorie
1357 2562 1461 2589 nostre
1479 2559 1666 2598 conscripta.
1692 2557 1923 2598 providentiam
1941 2557 2058 2597 regiam

421 2608 525 2647 dignis
555 2608 670 2638 exinde
703 2610 730 2638 in
763 2608 899 2639 Domino
928 2609 1074 2639 laudibus
1103 2610 1363 2639 commendamus
1392 2613 1423 2639 et
1452 2621 1619 2650 personam
1649 2613 1735 2640 tuam
1770 2609 1917 2649 prosequi
1945 2607 2058 2638 affectu
2076 2616 2099 2635 as

424 2665 554 2699 paterno
569 2660 722 2692 volentes.
740 2660 935 2700 disponimus
953 2661 995 2690 tui
1015 2661 1141 2690 lionoris
1159 2662 1266 2701 tuique
1285 2661 1427 2691 culminis
1445 2662 1638 2692 incrementa
1658 2661 1772 2698 felicia,
1791 2662 1819 2690 in
1838 2659 1950 2701 quibus
1966 2658 2057 2700 digne

523 2736 586 2762 546.
607 2742 629 2767 ⁰)
650 2739 758 2769 seqnitur
778 2739 889 2762 eiusdem
913 2747 989 2769 «upra
1010 2739 1112 2763 limam.
1132 2739 1175 2763 >erl
1194 2739 1299 2763 deletum
1320 2750 1339 2764 κ,

524 2795 588 2822 54ἶ.
609 2802 629 2818 ³1
651 2799 759 2822 industri
780 2809 799 2822 r,
