2259 3164
79 749 101 767 10

79 1008 99 1026 15

82 1635 103 1654 25

84 1892 106 1911 30

87 2149 108 2168 35

90 2407 112 2426 40

92 2663 114 2682 45

463 187 618 215 RUDOLFI
638 188 741 215 REGIS
760 188 1078 216 CONSTI'PU'I‘IONES.
1116 191 1188 216 1279.
1226 192 1271 216 Nr.
1284 192 1341 218 238.
1355 194 1412 218 239.
1695 196 1750 225 231

126 273 309 303 immediate
335 284 406 304 cum
438 274 681 306 honorificentia
710 275 819 306 debita
848 275 1048 315 traducatur,
1079 280 1112 307 ut
1138 278 1329 309 matrimonii
1359 279 1539 310 huiusmodi
1571 280 1755 311 desiderata

126 325 306 356 coniunctio
325 325 365 356 ad
382 326 509 357 laudem
526 326 587 357 Dei
605 330 636 357 et
653 337 764 368 pacem
789 326 897 358 mundi
922 327 1033 357 obtata
1055 329 1219 359 celeritate
1237 330 1363 371 populis
1381 331 1573 362 innoteseat.
1657 332 1703 372 (4)
1721 332 1753 362 Si

126 378 231 407 autem
256 376 316 408 hec
341 378 448 408 onmia
471 388 537 408 una
560 389 631 409 cum
655 379 866 416 matrimonio,
892 379 973 409 sicut
997 389 1163 420 speramus
1189 383 1221 411 et
1239 381 1395 421 volumus,
1420 383 1555 413 feliciter
1572 384 1754 424 complean-

128 431 177 458 tur
210 428 330 469 tibique
366 429 540 461 innotuerit
572 441 628 469 ea,
667 441 728 471 que
761 441 819 472 per
854 430 1006 461 dilectum
1035 432 1134 461 filium
1161 431 1330 463 Giffridum
1355 433 1393 464 dc
1419 434 1566 475 Anagnia
1598 434 1754 465 decanum

127 479 260 511 ecclesie
294 481 396 511 saneti
420 480 595 513 Audomari
620 482 821 524 capellanum
847 485 990 512 nostrum
1015 483 1186 523 petivimus
1217 484 1257 514 ab
1292 484 1359 525 ipsc
1383 496 1457 526 rege
1482 486 1699 517 Romanorum
1725 491 1756 517 et

126 531 337 572 principibus,
363 543 435 563 esse
459 533 635 574 perfecta¹,
665 536 739 564 tunc
764 533 890 564 demum
920 537 952 564 et
976 545 1037 565 non
1062 538 1136 565 ante
1161 546 1220 566 nec
1244 536 1351 573 aliter,
1383 537 1466 577 quod
1498 538 1553 568 tibi
1586 539 1616 568 in
1642 539 1755 569 virtute

127 583 307 614 obedientie
332 587 364 615 ct
388 585 446 615 sub
471 585 596 616 vinculo
630 586 756 628 prestiti
784 586 954 618 iuramenti
984 586 1127 617 districtc
1161 588 1372 629 precipimus,
1404 589 1508 619 cidem
1537 590 1603 630 regi
1634 590 1756 620 litteras

126 638 270 672 nostras,
299 646 360 677 quc
392 636 546 678 incipiunt
570 637 869 679 ‘Promptitudinem
895 637 988 669 ete.'·-'
1013 639 1230 680 presentabis,
1262 650 1427 681 exponens
1456 640 1558 671 eidem
1583 641 1757 682 prudenter

126 690 158 718 ct
185 690 277 718 caute
312 698 409 729 super
439 688 499 719 hiis
536 699 597 730 que
628 690 833 720 continentur
868 690 899 720 in
929 690 1007 731 ipsis
1035 690 1151 721 litteris
1189 694 1297 721 nostre
1331 692 1517 722 intentionis
1549 693 1699 723 affectum
1725 697 1757 724 et

128 738 232 770 eidem
256 739 396 778 litteras,
425 751 486 781 que
518 740 697 781 diriguntur
721 741 918 783 principibus
947 752 1045 783 super
1073 742 1185 772 eadem
1215 743 1363 781 materia,
1394 744 1575 784 assignabis
1600 755 1657 785 per
1682 756 1756 775 suos

126 790 253 821 nuntios
278 791 329 822 vel
353 794 423 822 tuos
452 792 618 833 religiosos
648 793 699 823 vel
731 793 829 830 alios,
862 793 886 823 si
916 794 1017 834 magis
1046 794 1198 831 voluerit,
1223 793 1440 825 destinandas.
1528 795 1574 835 (5)
1600 796 1647 826 Ea
1672 807 1756 833 vero,

129 852 191 883 que
214 852 272 883 per
295 843 399 884 ipsum
416 854 527 884 regem
544 844 761 875 Romanorum
786 845 853 876 fieri
871 845 1044 886 contigerit
1067 845 1098 875 in
1118 845 1279 886 predictiS,
1305 846 1477 887 diligenter
1497 850 1528 876 ct
1545 850 1637 878 caute
1655 848 1757 888 redigi

129 893 226 924 facias
251 894 282 925 in
308 895 498 936 scripturam
523 895 729 927 deferendam
756 907 812 937 per
836 900 867 927 te
892 896 985 927 nobis
1003 897 1054 927 vcl
1078 908 1136 938 per
1156 897 1284 928 fidelem
1302 898 1451 928 nuncium
1469 899 1755 929 transmittendam.

127 945 250 981 Quibus
273 946 420 977 omnibus
445 948 622 979 auxiliante
646 948 716 979 Deo
741 948 901 989 expeditis
926 949 1062 979 feliciter
1084 949 1263 980 revertaris.

230 997 305 1029 Dat.
336 997 437 1029 Rome
472 999 556 1041 apud
591 1000 746 1031 Sanctum
781 1000 929 1039 Petrum,
964 1000 1139 1032 V11.1dus
1168 1001 1268 1039 Iunii,
1305 1002 1508 1043 pontificatus
1542 1002 1641 1033 nostri
1676 1013 1757 1033 anno

128 1049 277 1081 secundo.

416 1162 491 1193 239.
517 1163 802 1195 RESPONSUM
822 1163 1031 1195 RIJDOLFI
1054 1164 1204 1195 REGIS.
1250 1166 1356 1203 (12720.
1382 1163 1472 1200 Dee.)

233 1223 371 1253 Litteras
394 1223 611 1260 mentor-abilae,
635 1223 747 1262 quibus
772 1223 928 1261 leolfus
951 1234 1006 1253 rm·
1023 1223 1148 1254 Niralrci
1168 1225 1232 1255 ΙΙΙ.
1257 1224 1393 1263 epistolis
1416 1235 1514 1263 snpra
1538 1236 1585 1255 ur.
1602 1228 1673 1255 2555.
1701 1228 1759 1254 ‘330'

128 1275 290 1313 respondis,
314 1275 446 1305 servavit
468 1274 552 1305 soleas
575 1275 667 1305 ιὀιῑσῑι·
686 1275 910 1306 Oltobommms
932 1276 1024 1313 2115,
1049 1276 1085 1306 «lc
1107 1286 1166 1315 quo
1189 1287 1214 1306 v.
1232 1287 1330 1315 seclum
1352 1277 1394 1306 ml
1415 1287 1463 1308 nr.
1482 1279 1615 1309 ,Li—115.
1635 1277 1692 1318 fol.
1710 1280 1760 1307 27¹

80 1334 90 1353 :¹
128 1337 174 1357 nr.
187 1327 235 1356 18.
268 1326 381 1356 Edidit
398 1326 528 1357 Redllch
545 1326 687 1358 ίΠῐῖθηιῑν
703 1327 982 1368 Rrifssrwmnlzmy'
1001 1339 1034 1366 p.
1054 1330 1115 1358 142
1137 1339 1185 1358 ur.
1204 1330 1273 1365 1:39,
1299 1329 1390 1359 (trtius
1406 1328 1568 1359 editionem
1585 1330 1758 1367 rzprtimus.

131 1397 166 1401 -
191 1377 334 1415 Biilemcr,
360 1378 434 1418 Rcy.
454 1379 524 1418 imp.
546 1379 598 1415 VI,
616 1380 706 1410 1154.
1469 1380 1522 1419 (P.
1547 1381 1653 1420 ‹Iros-f.)

232 1463 279 1506 (1)
303 1464 491 1506 Apostolice
517 1465 695 1496 sanctitatis
725 1466 860 1502 litteras,
892 1476 970 1507 quas
1000 1476 1103 1507 nuper
1127 1465 1320 1496 venerabilis
1343 1469 1435 1507 pater
1459 1466 1605 1497 dominus
1631 1467 1664 1497 P.
1690 1467 1758 1497 Tri-

130 1516 290 1558 politanus
315 1517 484 1558 episcopus
509 1518 715 1558 presentavit,
740 1521 925 1548 reverenter
949 1518 1144 1558 accepimus,
1170 1529 1210 1547 ex
1235 1528 1367 1558 quarum
1392 1517 1483 1547 nobis
1508 1518 1679 1558 diligenter
1703 1529 1759 1548 cx-

130 1567 232 1610 posito
258 1579 294 1598 ac
320 1569 427 1610 sepius
452 1569 590 1610 repetito
615 1572 725 1599 tenore
750 1569 978 1611 perpendimus
1004 1573 1034 1599 ct
1058 1569 1202 1599 videmus
1227 1572 1354 1610 aperte,
1379 1569 1463 1610 quod
1487 1570 1526 1599 ad
1551 1570 1677 1600 laudem
1701 1570 1762 1599 Dei

131 1624 163 1651 et
186 1631 352 1652 commune
378 1620 578 1651 commodum
602 1622 712 1663 populi
737 1621 912 1652 Christiani
936 1622 1076 1662 pertinet
1101 1625 1133 1652 et
1156 1621 1381 1651 nichilominus
1405 1620 1445 1651 ad
1469 1621 1645 1651 subsidium
1663 1621 1761 1651 Terre

133 1671 246 1703 Sancte
271 1673 404 1702 multum
429 1672 583 1714 proficere
608 1674 735 1714 poterit,
760 1673 786 1703 si
811 1674 894 1704 inter
918 1684 975 1703 nos
1002 1676 1033 1704 et
1058 1673 1260 1714 magnificum
1278 1673 1453 1714 principem
1471 1672 1632 1703 dominum
1651 1684 1760 1713 regem

133 1723 236 1755 Sicilie
268 1724 425 1756 illustrem
461 1725 561 1755 solide
598 1726 683 1766 pacis
720 1725 933 1766 tranquillitas
969 1725 1197 1755 indissolubilis
1231 1725 1377 1755 amicicie
1413 1724 1549 1755 nexibus
1583 1724 1761 1754 roboranda

131 1775 280 1807 firmetur.
326 1775 444 1818 Ha[n]c
468 1777 556 1818 pacis
582 1780 613 1807 et
637 1777 779 1807 amicicie
805 1778 976 1818 puritatem
1005 1780 1093 1807 tanto
1124 1776 1260 1817 amplius
1291 1776 1516 1817 amplectimur
1546 1779 1577 1806 et
1607 1787 1760 1813 amamus,

133 1831 248 1869 quanto
274 1829 390 1859 clarius
415 1828 623 1869 intelligimus
650 1832 682 1859 et
706 1829 875 1867 sentimus,
909 1828 993 1869 quod
1023 1828 1063 1858 ad
1094 1828 1196 1869 ipsam
1220 1827 1418 1858 formandam
1443 1830 1475 1857 et
1498 1827 1581 1857 inter
1605 1838 1662 1857 nes
1687 1838 1759 1868 per-

131 1883 226 1921 petuo
259 1880 506 1911 confirmandam
531 1881 704 1921 apostolice
734 1881 863 1921 pietatis
893 1880 1064 1911 auctoritas
1092 1880 1191 1910 multe
1223 1879 1393 1919 diligencie
1423 1878 1527 1909 studio
1559 1889 1592 1909 sc
1621 1881 1760 1913 exercet,

134 1932 214 1973 quod
238 1942 301 1963 non
324 1932 447 1963 faceret
469 1932 590 1973 utique,
615 1933 641 1962 si
666 1943 866 1963 communem
891 1932 1030 1962 fructum
1054 1935 1086 1962 et
1109 1934 1218 1961 nostra
1240 1930 1365 1971 privata
1388 1930 1556 1961 commoda
1580 1941 1636 1971 per
1660 1931 1760 1971 ipsam

133 1984 304 2025 procedere
329 1995 390 2015 non
417 1984 548 2016 videret.
586 1984 644 2015 Set
667 1995 726 2016 nec
750 1987 872 2026 patrem
897 1987 961 2014 tam
986 1983 1116 2025 provide
1142 1986 1173 2013 et
1190 1983 1333 2023 preclare
1350 1982 1532 2024 prudencie,
1557 1986 1591 2012 ut
1614 1985 1664 2012 est
1687 1992 1758 2022 pre-

132 2035 231 2066 dictus
261 2037 449 2078 episcopus,
483 2036 522 2067 ad
554 2040 694 2068 nostram
722 2036 925 2078 presenciam
955 2038 1062 2066 vestra
1089 2035 1242 2065 sanctitas
1273 2035 1481 2071 destinasset,
1506 2034 1567 2064 nisi
1592 2034 1759 2074 negocium

135 2086 172 2117 de
207 2098 267 2128 quo
305 2088 411 2129 agitur
445 2092 550 2119 vestre
586 2088 763 2119 clemencie
799 2087 885 2118 cordi
915 2090 1009 2118 esset.
1056 2086 1183 2117 Etenim
1213 2097 1254 2117 ex
1283 2086 1390 2116 nuncii
1421 2086 1576 2127 qualitate
1611 2086 1761 2115 metimur

136 2139 287 2170 mittentis
311 2140 472 2172 affectum.
562 2141 605 2179 (2)
629 2139 722 2170 Unde
748 2143 890 2170 nostrum
914 2140 944 2169 in
970 2139 1028 2169 hac
1053 2142 1142 2180 parte
1167 2139 1377 2180 propositum,
1402 2138 1485 2178 quod
1510 2149 1528 2168 a
1552 2141 1656 2167 vestro
1680 2148 1758 2167 nnn-

134 2201 224 2231 quam
251 2191 431 2227 dissenciet,
456 2194 562 2222 vestre
588 2191 762 2222 subicimus
787 2191 869 2221 sicut
893 2195 924 2221 et
948 2191 1033 2232 prius
1058 2190 1252 2221 subiecimus
1270 2190 1441 2226 sanctitati,
1465 2189 1609 2220 volentes
1633 2191 1696 2218 tam
1721 2189 1759 2219 de

139 2243 335 2283 sponsalibus
359 2254 453 2284 quam
478 2243 517 2274 de
542 2243 742 2274 traductione
767 2243 935 2273 karissime
960 2243 1023 2273 filie
1048 2245 1155 2273 nostre
1181 2242 1381 2275 Clemencie,
1405 2244 1468 2271 tam
1494 2241 1592 2271 eciam
1618 2240 1656 2269 dc
1680 2240 1761 2277 aliis,

137 2304 194 2335 que
223 2295 254 2325 in
287 2295 428 2326 articulis
460 2295 551 2326 nobis
578 2306 635 2336 per
665 2294 783 2325 dictum
814 2294 975 2325 dominum
1001 2294 1186 2335 episcopum
1212 2293 1365 2324 exhibitis
1390 2293 1599 2331 continentur,
1624 2291 1761 2321 finaliter

138 2349 274 2377 vcstram
299 2348 389 2388 sequi
412 2350 444 2377 et
460 2347 568 2378 facere
585 2347 795 2385 voluntatem⁷
820 2357 913 2387 quam
931 2347 1065 2387 primum
1084 2345 1312 2386 impedimenta
1329 2344 1464 2385 quedam
1482 2343 1646 2374 obstancia
1664 2353 1758 2383 spon-

139 2397 254 2428 salibus
279 2401 310 2429 et
333 2398 537 2429 difficultates
562 2401 709 2429 contente
734 2399 765 2428 in
789 2397 931 2428 articulis
955 2397 1127 2438 aliquibus,
1151 2398 1232 2427 sicut
1256 2397 1287 2427 in
1312 2397 1374 2427 alia
1397 2396 1504 2426 littera
1529 2395 1760 2435 exprimuntur.

139 2447 176 2478 ad
199 2449 329 2480 formam
354 2453 385 2480 et
413 2450 542 2480 modum
573 2450 698 2491 utrique
726 2449 810 2490 parti
840 2448 1008 2480 decentem
1038 2453 1069 2479 et
1098 2459 1288 2489 congruum,
1323 2451 1417 2489 prout
1445 2450 1550 2477 vestre
1576 2446 1760 2476 reverencia

140 2501 315 2532 sanctitatis
340 2501 494 2539 decrevit,
522 2501 755 2538 formabuntur,
784 2511 841 2542 pre
872 2511 933 2541 quo
965 2504 1069 2531 vestre
1094 2501 1200 2541 gracie
1225 2510 1295 2530 cum
1320 2499 1434 2529 devota
1458 2497 1614 2528 instancia
1639 2496 1757 2537 suppli-

141 2560 254 2582 camus.
299 2552 413 2584 Placet
437 2552 565 2594 quidem
589 2552 679 2583 nobis
703 2552 872 2593 plurimum
899 2555 930 2582 et
954 2552 1092 2592 petimus
1117 2551 1296 2592 diligenter,
1322 2554 1355 2580 ut
1375 2549 1611 2591 impedimentis
1629 2552 1660 2578 et
1676 2547 1757 2576 diffi-

143 2602 308 2634 cultatibus
342 2603 521 2635 huiusmodi
556 2615 613 2645 per
646 2608 785 2635 vestram
827 2604 1035 2634 clemenciam
1071 2603 1196 2644 plenius
1230 2602 1403 2633 intellectis
1442 2605 1473 2631 et
1511 2598 1760 2630 misericorditer

143 2653 321 2694 moderatis,
346 2658 465 2686 certam
491 2656 623 2686 formam
647 2655 932 2685 instrumentorum
956 2658 987 2685 et
1011 2655 1250 2696 privilegiorum
1282 2665 1339 2695 per
1369 2664 1424 2683 nos
1455 2652 1521 2692 regi
1554 2650 1696 2692 predicto
1728 2653 1759 2679 et

142 2704 229 2735 nobis
252 2716 308 2747 per
332 2706 467 2738 eundem
491 2707 667 2738 dandorum
692 2707 723 2737 in
747 2706 835 2737 curia
858 2709 966 2737 vestra
990 2707 1100 2737 confici
1125 2706 1260 2744 faciatis,
1285 2706 1315 2735 in
1340 2704 1453 2745 quibus
1478 2704 1639 2742 utriusque
1664 2700 1757 2731 statui

237 2799 262 2832 1)
283 2799 322 2832 Cf.
342 2808 423 2833 supra
442 2808 482 2826 nr.
496 2803 553 2826 220.
640 2801 667 2833 ⁴2)
687 2799 775 2832 Sapra
793 2808 834 2825 ar.
849 2803 901 2825 236.
