2259 3164
98 909 120 927 lo

99 1202 121 1220 15

101 1480 124 1500 20

99 1735 122 1754 25

103 1995 126 2014 30

104 2251 126 2270 ³5

103 2531 128 2550 40

480 157 637 183 RUDOLFI
657 157 760 184 REGIS
780 158 1101 187 CONSTITUTIONES.
1139 162 1211 188 1990.
1249 163 1296 189 Nr.
1309 164 1366 189 433.
1381 165 1438 191 434.
1709 170 1766 198 421

146 245 276 277 liberius
301 243 467 276 intendere
492 245 622 275 valeant
646 247 677 275 et
701 254 830 283 vacare,
859 245 1019 286 religiosis
1044 246 1118 277 viris
1150 247 1258 279 abbati
1287 252 1319 279 et
1346 252 1515 282 conventui
1540 251 1690 283 Lutrensi
1714 253 1769 283 de—

146 297 226 328 votis
250 296 368 327 nostris
393 295 519 327 dilectis
544 306 585 327 ex
609 296 697 337 regia
714 296 931 327 benivolentia
947 296 1097 328 duximus
1121 298 1203 329 hanc
1219 301 1355 340 gratiam
1380 301 1569 339 faciendam,
1595 303 1678 344 quod
1702 305 1769 345 ipse

147 348 245 379 abbas
267 347 451 387 Lutrensis,
483 347 535 388 qui
566 357 620 388 pro
645 350 789 388 tempore
820 347 918 378 fuerit
942 348 993 378 vel
1023 348 1092 389 ipse
1123 355 1312 386 conventus,
1345 353 1369 382 si
1398 352 1497 383 abbas
1525 364 1587 384 non
1617 355 1769 393 extiterit,

146 400 245 442 possit
276 403 409 430 vacante
441 410 540 441 regno
564 399 781 430 Romanorum
815 410 855 430 ex
886 399 945 430 hac
973 404 1100 431 nostrae
1135 403 1349 433 concessionis
1380 403 1507 435 licentia
1537 416 1769 447 quemcumque

147 451 280 482 voluerit
303 452 334 482 in
360 452 492 493 imperio
517 451 556 482 de
581 452 796 493 quinquennio
822 453 852 482 in
870 453 1121 493 quinquennium
1140 455 1282 494 recipere
1307 458 1339 485 et
1357 455 1474 485 habere
1499 456 1529 486 in
1546 460 1770 497 protectorem,

145 503 347 534 defensorem
371 513 427 534 seu
451 503 678 544 gardiatorem,
703 507 797 545 prout
821 504 881 535 sibi
904 504 1064 535 videbitur
1089 505 1251 546 expedire.

251 571 368 602 Datum
399 571 560 610 Erfordie,
594 573 704 614 quinto
732 572 896 603 Kalendas
927 573 1081 614 Augusti,
1116 585 1198 605 anno
1231 574 1359 605 Domini
1390 575 1557 606 millesimo
1588 576 1640 607 CC
1672 587 1769 607 nona-

146 624 279 666 gesimo,
302 623 471 654 indictione
495 625 598 663 tertia,
624 625 713 666 regni
739 635 814 656 vero
840 625 938 656 nostri
962 635 1044 655 anno
1069 626 1205 667 septimo
1229 626 1362 658 decimo.

287 837 362 870 434.
386 838 626 870 LITTERAE
646 838 713 869 DE
733 838 995 871 SOLUTIONE
1015 839 1259 872 PECUNIAE
1279 840 1344 871 AB
1366 841 1624 872 ARBATJSSA

537 889 865 922 ROMARICENSI
883 891 1206 923 PRAESTANDA.
1253 892 1316 923 1217.
1333 893 1383 922 28.

253 960 426 990 Servantur
448 961 482 991 *in
505 961 606 990 codice
623 960 773 990 Parisino
797 960 849 990 lut.
868 962 969 991 7:286&
992 971 1069 992 saec.
1085 960 1180 993 XIV.
1203 961 1248 998 fol
1275 962 1334 997 712⁴,
1357 972 1445 999 ‘pacm
1462 961 1560 991 ‹Imma›
1576 962 1771 993 mmlulimeffi.

150 1011 195 1050 Cf.
219 1011 293 1051 Rey.
313 1012 382 1050 imp.
404 1012 457 1049 VJ,
474 1013 559 1042 :33:33
582 1015 609 1042 et
632 1022 731 1051 snpra
754 1023 803 1042 nr.
821 1013 894 1043 394.
920 1031 956 1035 -
982 1012 1126 1049 Bffmcr,
1152 1012 1225 1051 Rey.
1245 1013 1314 1051 imp.
1340 1012 1497 1045 112351.

1485 1063 1537 1102 (P.
1562 1064 1667 1103 deest.)

252 1140 410 1172 Rudolfus
435 1140 497 1172 Dei
520 1143 623 1182 gratia
645 1141 860 1172 Romanorum
884 1152 943 1172 rex
967 1152 1094 1184 semper
1117 1145 1274 1183 augustus
1298 1141 1456 1172 universis
1481 1145 1512 1171 ct
1537 1142 1670 1181 singulis
1694 1142 1773 1172 sacri

148 1192 283 1223 Romani
306 1193 431 1235 imperii
455 1192 603 1224 fidelibus
627 1193 764 1234 gratiam
790 1203 879 1223 suam
904 1196 936 1224 et
960 1204 1053 1224 omne
1078 1193 1207 1224 bonum.

251 1260 298 1302 (1)
322 1261 373 1292 Ad
396 1262 613 1293 universitatis
638 1265 744 1293 vestre
768 1263 916 1293 notitiam
944 1265 1055 1293 tenore
1083 1262 1281 1304 presentium
1311 1262 1453 1303 cupimus
1481 1261 1661 1303 pervenire,
1690 1260 1774 1301 quod

147 1323 216 1344 cum
238 1313 403 1345 abbatissa
426 1313 668 1345 Romaricensis
692 1317 766 1355 post
794 1324 911 1345 novam
934 1324 1024 1345 suam
1050 1314 1245 1345 creationem
1276 1324 1332 1344 sua
1355 1313 1487 1354 regalia,
1513 1312 1543 1343 id
1567 1316 1616 1343 est
1638 1311 1773 1342 admini-

147 1366 331 1397 strationem
356 1366 593 1407 temporalium,
618 1376 637 1396 a
661 1366 752 1396 nobis
777 1368 889 1407 petere
914 1368 946 1396 et
963 1365 1106 1407 recipere
1131 1368 1163 1396 et
1185 1368 1261 1396 tunc
1280 1365 1432 1406 temporis
1451 1364 1619 1405 sexaginta
1636 1364 1773 1404 quinque

147 1417 290 1448 marchas
315 1428 384 1448 cum
410 1417 532 1448 fertone
557 1417 749 1448 officialibus
775 1420 884 1448 nostre
910 1418 999 1448 curie
1023 1417 1206 1459 persolvere
1231 1420 1389 1454 teneatur,
1420 1419 1451 1447 et
1475 1415 1602 1457 opidani
1626 1414 1773 1445 Romari-

149 1479 260 1500 censes
290 1468 433 1510 predicte
458 1469 622 1500 abbatisse
646 1469 677 1500 in
701 1469 786 1500 dicta
808 1469 944 1511 pecunie
970 1479 1094 1499 summa
1117 1472 1286 1499 teneantur
1311 1468 1349 1498 ad
1374 1468 1606 1508 susceptionem
1632 1467 1773 1508 ipsorum

148 1521 302 1562 regalium
334 1521 524 1560 subvenire,
553 1521 698 1562 quamvis
727 1524 762 1551 ut
791 1521 905 1551 dicitur
934 1520 1069 1562 predicti
1100 1520 1251 1562 oppidani
1282 1519 1381 1550 velint
1411 1519 1601 1549 solutionem
1631 1518 1773 1559 predicte

148 1573 283 1614 pecunie
309 1597 315 1603 .
340 1598 346 1605 .
371 1572 531 1604 abbatisse
562 1572 706 1614 predicte
736 1572 863 1603 differre
894 1582 996 1613 usque
1028 1571 1068 1602 ad
1098 1571 1235 1602 reditum
1266 1575 1340 1612 post
1371 1571 1590 1612 receptionem
1617 1569 1773 1610 regalium

148 1624 377 1666 predictorum,
402 1635 459 1656 nos
483 1624 647 1662 videntes,
672 1624 732 1654 hoc
756 1634 818 1654 non
842 1624 924 1654 iuste
949 1627 981 1654 et
1006 1623 1182 1654 rationibus
1207 1623 1336 1653 obviare
1361 1626 1392 1652 et
1416 1621 1555 1662 periculo
1579 1631 1640 1651 non
1664 1631 1774 1651 carere

148 1679 212 1706 tam
240 1675 403 1707 abbatisse
435 1687 530 1717 quam
561 1676 745 1718 oppidanis,
778 1675 862 1716 quod
892 1675 963 1706 talis
991 1674 1090 1705 debiti
1121 1674 1236 1705 solutio
1264 1674 1446 1709 differatur,
1478 1673 1621 1703 volentes
1649 1672 1774 1712 utrique

149 1727 228 1768 parti
251 1729 415 1759 consulere
441 1732 475 1759 et
499 1738 673 1769 congruum
697 1727 873 1758 remedium
898 1726 1071 1763 adhibere,
1102 1716 1271 1756 statuimus
1301 1730 1332 1756 et
1360 1724 1501 1766 presenti
1526 1723 1653 1754 decreto
1682 1733 1773 1764 rega-

150 1777 221 1810 liter
246 1778 426 1810 ordinamus
458 1780 516 1810 sub
547 1790 630 1821 pena
656 1779 768 1820 viginti
792 1778 1008 1815 marcharum,
1041 1781 1076 1808 ut
1107 1778 1220 1808 futuris
1252 1777 1449 1818 temporibus
1481 1780 1551 1817 post
1581 1775 1773 1805 creationem

150 1830 289 1871 predicte
313 1831 475 1862 abbatisse
503 1834 535 1861 et
558 1831 659 1872 ipsius
683 1830 893 1861 monitionem
917 1832 949 1860 et
972 1829 1213 1870 requisitionem
1238 1839 1294 1869 per
1319 1838 1460 1858 mensem
1485 1826 1635 1868 oppidani
1662 1836 1773 1867 supra-

150 1881 225 1912 dicti
256 1893 411 1914 summam
440 1882 566 1923 argenti
598 1881 813 1923 supradictam
845 1891 901 1912 sue
929 1880 1095 1911 abbatisse
1120 1879 1339 1910 Romaricensi
1364 1879 1415 1909 vel
1447 1878 1513 1908 eius
1544 1881 1630 1908 certo
1660 1877 1772 1907 nuntio

150 1934 329 1975 persolvere
353 1937 533 1965 teneantur.
623 1934 669 1974 (2)
693 1933 831 1975 Insuper
854 1933 1000 1963 volumus
1034 1936 1065 1963 et
1089 1932 1256 1962 statuimus
1286 1934 1317 1962 et
1347 1929 1549 1972 presentibus
1581 1928 1773 1965 ordinamus,

153 1985 326 2027 oppidanos
350 1985 549 2027 supradictos
566 1996 681 2027 penam
701 1984 894 2016 antedictam
913 1983 1092 2015 omnimodo
1109 1983 1296 2015 incurrisse,
1321 1982 1359 2013 de
1384 1981 1498 2022 quibus
1517 1980 1628 2011 decem
1646 1979 1773 2010 marche

152 2047 274 2069 camere
290 2041 398 2069 nostre
416 2037 540 2077 cedent,
557 2037 721 2068 abbatisse
738 2037 875 2078 quinque
894 2039 925 2066 et
942 2036 1108 2067 executori
1126 2045 1183 2065 seu
1201 2034 1393 2076 pignoratori
1418 2032 1566 2074 quinque.
1622 2031 1670 2072 (3)
1688 2030 1772 2061 Con-

154 2089 293 2120 cedimus
318 2090 412 2121 etiam
437 2100 495 2131 per
518 2092 704 2130 presentes,
728 2091 763 2118 ut
785 2087 931 2129 predicta
956 2112 961 2118 .
981 2113 986 2118 .
1011 2087 1177 2118 abbatissa
1201 2096 1257 2127 per
1282 2094 1504 2126 quemcunque
1531 2083 1665 2114 voluerit
1688 2083 1773 2123 ipsos

153 2140 323 2182 oppidanos
347 2141 507 2183 predictos
536 2151 593 2182 pro
623 2140 794 2181 sexaginta
823 2139 961 2180 quinque
991 2138 1128 2169 marchis
1158 2148 1228 2168 cum
1258 2137 1381 2168 fertone
1412 2139 1443 2167 et
1472 2146 1555 2176 pena
1583 2133 1773 2176 supradicta,

152 2192 295 2234 dampnis
327 2196 359 2224 et
387 2192 537 2234 expensis
571 2192 699 2223 nomine
730 2194 762 2222 et
792 2191 881 2222 iussu
905 2194 1014 2221 nostro
1037 2190 1133 2221 faciat
1161 2192 1231 2230 post
1254 2188 1423 2218 terminum
1448 2186 1662 2223 antedictum,
1694 2186 1718 2215 si
1742 2185 1772 2215 in

153 2243 303 2275 solvendo
331 2244 450 2275 fuerint
478 2244 695 2285 negligentes,
727 2242 887 2284 pignorari
919 2244 951 2272 et
980 2242 1114 2283 pignora
1138 2240 1285 2277 alienari,
1314 2239 1414 2269 donec
1438 2238 1477 2269 de
1503 2247 1626 2268 summa
1650 2236 1773 2277 argenti

152 2295 294 2336 predicta
311 2296 400 2337 penis
419 2298 450 2326 ct
467 2295 613 2337 dampnis
637 2294 710 2325 inde
728 2293 846 2325 habitis
864 2293 965 2331 nobis,
992 2318 996 2324 .
1015 2317 1021 2323 .
1038 2292 1202 2323 abbatisse
1227 2294 1259 2321 et
1282 2289 1455 2327 executori,
1481 2292 1575 2330 prout
1598 2298 1695 2329 supra
1717 2298 1773 2317 ex-

151 2356 291 2387 pressum
306 2350 365 2385 est,
390 2347 533 2378 extiterit
549 2346 692 2387 plenarie
711 2344 923 2376 satisfactum.
1011 2343 1055 2374 Ut
1078 2347 1185 2374 autem
1203 2341 1346 2384 predicta
1364 2341 1452 2371 firma
1472 2342 1621 2370 maneant
1646 2342 1677 2369 et
1701 2348 1772 2379 per—

152 2400 246 2438 petua
268 2401 485 2440 perseverent,
510 2398 541 2428 in
565 2407 673 2428 eorum
690 2396 907 2427 testimonium
933 2397 1117 2436 presentem
1141 2394 1292 2435 paginam
1318 2390 1473 2423 conscribi
1498 2395 1529 2421 et
1552 2390 1651 2421 nostri
1676 2389 1770 2430 sigilli

152 2449 322 2481 munimine
346 2449 496 2480 iussimus
519 2449 672 2481 roborari.

257 2518 375 2549 Datum
398 2517 576 2556 Erfordie²,
601 2517 710 2558 quinto
734 2515 899 2547 Kalendas
924 2513 1078 2555 Augusti,
1103 2523 1186 2544 anno
1210 2512 1339 2543 Domini
1362 2510 1531 2542 millesimo
1556 2508 1771 2539 ducentesimo

153 2569 366 2611 nonagesimo,
391 2569 560 2600 indictione
585 2568 690 2607 tertia,
715 2567 805 2608 regni
829 2577 904 2598 vero
930 2566 1030 2597 nostri
1054 2575 1135 2596 anno
1160 2564 1294 2605 septimo
1319 2563 1453 2593 decimo.

250 2756 313 2784 434.
332 2758 355 2790 ⁸)
374 2759 485 2784 Erfrodie
504 2768 523 2784 c.
