<?xml version="1.0" encoding="UTF-8"?>
<!DOCTYPE html PUBLIC "-//W3C//DTD XHTML 1.0 Transitional//EN"
    "http://www.w3.org/TR/xhtml1/DTD/xhtml1-transitional.dtd">
<html xmlns="http://www.w3.org/1999/xhtml" xml:lang="en" lang="en">
 <head>
  <title>
</title>
<meta http-equiv="Content-Type" content="text/html;charset=utf-8" />
  <meta name='ocr-system' content='tesseract 3.04.00' />
  <meta name='ocr-capabilities' content='ocr_page ocr_carea ocr_par ocr_line ocrx_word'/>
</head>
<body>
  <div class='ocr_page' id='page_1' title='image "./monumentagelegum03geseuoft/monumentagelegum03geseuoft_0547.png"; bbox 0 0 2259 3164; ppageno 0'>
   <div class='ocr_carea' id='block_1_1' title="bbox 495 154 1792 190">
    <p class='ocr_par' dir='ltr' id='par_1_1' title="bbox 495 154 1792 190">
     <span class='ocr_line' id='line_1_1' title="bbox 495 154 1792 190; baseline 0.006 -10"><span class='ocrx_word' id='word_1_1' title='bbox 495 154 627 180; x_wconf 77' lang='lat' dir='ltr'>ADOLFI</span> <span class='ocrx_word' id='word_1_2' title='bbox 648 154 752 181; x_wconf 75' lang='lat' dir='ltr'>REGIS</span> <span class='ocrx_word' id='word_1_3' title='bbox 772 155 1095 182; x_wconf 68' lang='lat' dir='ltr'>CONSTITL&#39;TIONES.</span> <span class='ocrx_word' id='word_1_4' title='bbox 1135 158 1206 184; x_wconf 65' lang='lat'>1293.</span> <span class='ocrx_word' id='word_1_5' title='bbox 1244 159 1292 184; x_wconf 64' lang='grc' dir='ltr'>ΧΓ.</span> <span class='ocrx_word' id='word_1_6' title='bbox 1307 160 1364 185; x_wconf 62' lang='grc'>5313.</span> <span class='ocrx_word' id='word_1_7' title='bbox 1384 160 1442 185; x_wconf 66' lang='lat'>537.</span> <span class='ocrx_word' id='word_1_8' title='bbox 1732 163 1792 190; x_wconf 62' lang='lat'>505)</span> 
     </span>
    </p>
   </div>
   <div class='ocr_carea' id='block_1_2' title="bbox 688 281 1242 316">
    <p class='ocr_par' dir='ltr' id='par_1_2' title="bbox 688 281 1242 316">
     <span class='ocr_line' id='line_1_2' title="bbox 688 281 1242 316; baseline 0.005 -4"><span class='ocrx_word' id='word_1_9' title='bbox 688 281 765 313; x_wconf 72' lang='lat'><strong>536.</strong></span> <span class='ocrx_word' id='word_1_10' title='bbox 804 282 1059 314; x_wconf 71' lang='lat' dir='ltr'><strong><em>COMMISSIO</em></strong></span> <span class='ocrx_word' id='word_1_11' title='bbox 1084 284 1242 316; x_wconf 73' lang='lat' dir='ltr'>REGIA.</span> 
     </span>
    </p>
   </div>
   <div class='ocr_carea' id='block_1_3' title="bbox 145 341 1790 436">
    <p class='ocr_par' dir='ltr' id='par_1_3' title="bbox 145 341 1790 436">
     <span class='ocr_line' id='line_1_3' title="bbox 246 341 1790 384; baseline 0.003 -11"><span class='ocrx_word' id='word_1_12' title='bbox 246 341 365 373; x_wconf 73' lang='lat' dir='ltr'>Pendet</span> <span class='ocrx_word' id='word_1_13' title='bbox 392 342 528 381; x_wconf 59' lang='lat' dir='ltr'>sigillum</span> <span class='ocrx_word' id='word_1_14' title='bbox 557 343 624 379; x_wconf 73' lang='lat' dir='ltr'>fere</span> <span class='ocrx_word' id='word_1_15' title='bbox 651 341 793 372; x_wconf 72' lang='lat' dir='ltr'>illaesum</span> <span class='ocrx_word' id='word_1_16' title='bbox 822 342 886 373; x_wconf 74' lang='lat' dir='ltr'>loro</span> <span class='ocrx_word' id='word_1_17' title='bbox 916 343 1155 374; x_wconf 71' lang='lat' dir='ltr'>membrcmaceo.</span> <span class='ocrx_word' id='word_1_18' title='bbox 1211 345 1241 374; x_wconf 75' lang='grc' dir='ltr'>Γ.</span> <span class='ocrx_word' id='word_1_19' title='bbox 1271 356 1368 384; x_wconf 69' lang='lat' dir='ltr'>snpra</span> <span class='ocrx_word' id='word_1_20' title='bbox 1400 357 1448 376; x_wconf 74' lang='grc' dir='ltr'>ην.</span> <span class='ocrx_word' id='word_1_21' title='bbox 1470 347 1542 377; x_wconf 71' lang='grc'>455.</span> <span class='ocrx_word' id='word_1_22' title='bbox 1574 366 1614 368; x_wconf 86' lang='grc'><strong>-</strong></span> <span class='ocrx_word' id='word_1_23' title='bbox 1644 347 1790 383; x_wconf 57' lang='grc' dir='ltr'>Βόὺηινν,</span> 
     </span>
     <span class='ocr_line' id='line_1_4' title="bbox 145 393 1687 436; baseline 0.003 -11"><span class='ocrx_word' id='word_1_24' title='bbox 145 394 217 433; x_wconf 75' lang='lat' dir='ltr'>Rey.</span> <span class='ocrx_word' id='word_1_25' title='bbox 241 393 304 424; x_wconf 72' lang='lat' dir='ltr'>Ad.</span> <span class='ocrx_word' id='word_1_26' title='bbox 321 394 394 424; x_wconf 77' lang='lat'>243.</span> <span class='ocrx_word' id='word_1_27' title='bbox 1500 397 1553 436; x_wconf 83' lang='lat' dir='ltr'>(P.</span> <span class='ocrx_word' id='word_1_28' title='bbox 1579 398 1687 435; x_wconf 69' lang='lat' dir='ltr'>deest.)</span> 
     </span>
    </p>
   </div>
   <div class='ocr_carea' id='block_1_4' title="bbox 100 470 1790 2204">
    <p class='ocr_par' dir='ltr' id='par_1_4' title="bbox 112 470 1790 559">
     <span class='ocr_line' id='line_1_5' title="bbox 245 470 1790 513; baseline 0.004 -13"><span class='ocrx_word' id='word_1_29' title='bbox 245 470 385 501; x_wconf 84' lang='lat' dir='ltr'>Adolfus</span> <span class='ocrx_word' id='word_1_30' title='bbox 415 474 466 500; x_wconf 82' lang='lat' dir='ltr'>Dei</span> <span class='ocrx_word' id='word_1_31' title='bbox 494 475 590 508; x_wconf 81' lang='lat' dir='ltr'>gracia</span> <span class='ocrx_word' id='word_1_32' title='bbox 615 474 803 501; x_wconf 83' lang='lat' dir='ltr'>Romanorum</span> <span class='ocrx_word' id='word_1_33' title='bbox 832 483 880 501; x_wconf 82' lang='lat' dir='ltr'>rex</span> <span class='ocrx_word' id='word_1_34' title='bbox 912 484 1020 508; x_wconf 81' lang='lat' dir='ltr'>semper</span> <span class='ocrx_word' id='word_1_35' title='bbox 1049 478 1183 509; x_wconf 72' lang='lat' dir='ltr'>augustus</span> <span class='ocrx_word' id='word_1_36' title='bbox 1213 477 1349 503; x_wconf 72' lang='lat' dir='ltr'>universis</span> <span class='ocrx_word' id='word_1_37' title='bbox 1380 480 1406 504; x_wconf 82' lang='lat' dir='ltr'>et</span> <span class='ocrx_word' id='word_1_38' title='bbox 1437 479 1554 512; x_wconf 81' lang='lat' dir='ltr'>singulis</span> <span class='ocrx_word' id='word_1_39' title='bbox 1583 480 1654 505; x_wconf 82' lang='lat' dir='ltr'>sacri</span> <span class='ocrx_word' id='word_1_40' title='bbox 1680 480 1790 513; x_wconf 69' lang='lat' dir='ltr'>imperii</span> 
     </span>
     <span class='ocr_line' id='line_1_6' title="bbox 112 525 952 559; baseline 0 -7"><span class='ocrx_word' id='word_1_41' title='bbox 112 533 123 552; x_wconf 84' lang='lat'><strong>5</strong></span> <span class='ocrx_word' id='word_1_42' title='bbox 144 526 261 553; x_wconf 85' lang='lat' dir='ltr'>Romani</span> <span class='ocrx_word' id='word_1_43' title='bbox 284 525 412 552; x_wconf 88' lang='lat' dir='ltr'>fidelibus</span> <span class='ocrx_word' id='word_1_44' title='bbox 434 525 557 559; x_wconf 80' lang='lat' dir='ltr'>graciam</span> <span class='ocrx_word' id='word_1_45' title='bbox 582 534 660 551; x_wconf 86' lang='lat' dir='ltr'>suain</span> <span class='ocrx_word' id='word_1_46' title='bbox 684 528 713 552; x_wconf 90' lang='lat' dir='ltr'>et</span> <span class='ocrx_word' id='word_1_47' title='bbox 736 534 817 552; x_wconf 88' lang='lat' dir='ltr'>omne</span> <span class='ocrx_word' id='word_1_48' title='bbox 841 526 952 552; x_wconf 85' lang='lat' dir='ltr'>bonum.</span> 
     </span>
    </p>

    <p class='ocr_par' dir='ltr' id='par_1_5' title="bbox 143 574 1789 766">
     <span class='ocr_line' id='line_1_7' title="bbox 246 574 1788 615; baseline 0.004 -13"><span class='ocrx_word' id='word_1_49' title='bbox 246 574 291 612; x_wconf 85' lang='lat'>(1)</span> <span class='ocrx_word' id='word_1_50' title='bbox 315 577 503 603; x_wconf 83' lang='lat' dir='ltr'>Attendentes</span> <span class='ocrx_word' id='word_1_51' title='bbox 533 577 669 603; x_wconf 82' lang='lat' dir='ltr'>virtutum</span> <span class='ocrx_word' id='word_1_52' title='bbox 697 577 846 608; x_wconf 82' lang='lat' dir='ltr'>beneficia,</span> <span class='ocrx_word' id='word_1_53' title='bbox 877 577 1041 603; x_wconf 84' lang='lat' dir='ltr'>meritorum</span> <span class='ocrx_word' id='word_1_54' title='bbox 1068 578 1203 611; x_wconf 86' lang='lat' dir='ltr'>insignia,</span> <span class='ocrx_word' id='word_1_55' title='bbox 1238 580 1393 605; x_wconf 81' lang='lat' dir='ltr'>constantis</span> <span class='ocrx_word' id='word_1_56' title='bbox 1422 580 1486 606; x_wconf 81' lang='lat' dir='ltr'>fidei</span> <span class='ocrx_word' id='word_1_57' title='bbox 1514 582 1658 615; x_wconf 77' lang='lat' dir='ltr'>suth-agia,</span> <span class='ocrx_word' id='word_1_58' title='bbox 1688 582 1788 614; x_wconf 72' lang='lat' dir='ltr'>quibus</span> 
     </span>
     <span class='ocr_line' id='line_1_8' title="bbox 145 626 1788 664; baseline 0.002 -10"><span class='ocrx_word' id='word_1_59' title='bbox 145 627 308 661; x_wconf 83' lang='lat' dir='ltr'>spectabilis</span> <span class='ocrx_word' id='word_1_60' title='bbox 327 627 368 652; x_wconf 85' lang='lat' dir='ltr'>vir</span> <span class='ocrx_word' id='word_1_61' title='bbox 388 627 545 660; x_wconf 81' lang='lat' dir='ltr'>Reynaldus</span> <span class='ocrx_word' id='word_1_62' title='bbox 565 635 654 653; x_wconf 87' lang='lat' dir='ltr'>comes</span> <span class='ocrx_word' id='word_1_63' title='bbox 674 626 766 653; x_wconf 86' lang='lat' dir='ltr'>Gelrie</span> <span class='ocrx_word' id='word_1_64' title='bbox 786 626 874 652; x_wconf 81' lang='lat' dir='ltr'>fidelis</span> <span class='ocrx_word' id='word_1_65' title='bbox 893 629 985 653; x_wconf 73' lang='lat' dir='ltr'>noster</span> <span class='ocrx_word' id='word_1_66' title='bbox 1005 627 1123 653; x_wconf 84' lang='lat' dir='ltr'>dilectus</span> <span class='ocrx_word' id='word_1_67' title='bbox 1142 637 1206 661; x_wconf 83' lang='lat' dir='ltr'>erga</span> <span class='ocrx_word' id='word_1_68' title='bbox 1228 638 1276 654; x_wconf 84' lang='lat' dir='ltr'>nos</span> <span class='ocrx_word' id='word_1_69' title='bbox 1296 631 1321 655; x_wconf 85' lang='lat' dir='ltr'>et</span> <span class='ocrx_word' id='word_1_70' title='bbox 1343 638 1449 655; x_wconf 73' lang='lat' dir='ltr'>sacrum</span> <span class='ocrx_word' id='word_1_71' title='bbox 1470 630 1615 664; x_wconf 81' lang='lat' dir='ltr'>imperium</span> <span class='ocrx_word' id='word_1_72' title='bbox 1635 631 1788 657; x_wconf 76' lang='lat' dir='ltr'>Romanum</span> 
     </span>
     <span class='ocr_line' id='line_1_9' title="bbox 144 677 1789 713; baseline 0.002 -9"><span class='ocrx_word' id='word_1_73' title='bbox 144 678 296 705; x_wconf 78' lang='lat' dir='ltr'>dinoscitur</span> <span class='ocrx_word' id='word_1_74' title='bbox 315 679 450 708; x_wconf 72' lang='lat' dir='ltr'>relucere,</span> <span class='ocrx_word' id='word_1_75' title='bbox 476 680 604 712; x_wconf 75' lang='lat' dir='ltr'>gerentes</span> <span class='ocrx_word' id='word_1_76' title='bbox 624 677 791 704; x_wconf 85' lang='lat' dir='ltr'>confidencie</span> <span class='ocrx_word' id='word_1_77' title='bbox 812 677 1017 710; x_wconf 73' lang='lat' dir='ltr'>plenitudinem</span> <span class='ocrx_word' id='word_1_78' title='bbox 1036 679 1069 704; x_wconf 90' lang='lat' dir='ltr'>de</span> <span class='ocrx_word' id='word_1_79' title='bbox 1088 679 1196 706; x_wconf 78' lang='lat' dir='ltr'>eodeni.</span> <span class='ocrx_word' id='word_1_80' title='bbox 1217 678 1292 705; x_wconf 84' lang='lat' dir='ltr'>dicto</span> <span class='ocrx_word' id='word_1_81' title='bbox 1312 680 1399 706; x_wconf 87' lang='lat' dir='ltr'>nobili</span> <span class='ocrx_word' id='word_1_82' title='bbox 1420 681 1561 713; x_wconf 60' lang='lat' dir='ltr'>Reynalrhn</span> <span class='ocrx_word' id='word_1_83' title='bbox 1582 682 1676 708; x_wconf 84' lang='lat' dir='ltr'>comiti</span> <span class='ocrx_word' id='word_1_84' title='bbox 1696 683 1789 709; x_wconf 84' lang='lat' dir='ltr'>Geli-ie</span> 
     </span>
     <span class='ocr_line' id='line_1_10' title="bbox 143 717 1787 766; baseline 0.002 -10"><span class='ocrx_word' id='word_1_85' title='bbox 143 732 230 756; x_wconf 83' lang='lat' dir='ltr'>totam</span> <span class='ocrx_word' id='word_1_86' title='bbox 254 729 371 755; x_wconf 82' lang='lat' dir='ltr'>Frisiani</span> <span class='ocrx_word' id='word_1_87' title='bbox 394 737 447 762; x_wconf 89' lang='lat' dir='ltr'>que</span> <span class='ocrx_word' id='word_1_88' title='bbox 474 728 578 754; x_wconf 84' lang='lat' dir='ltr'>dicitur</span> <span class='ocrx_word' id='word_1_89' title='bbox 598 728 750 763; x_wconf 83' lang='lat' dir='ltr'>vulgariter</span> <span class='ocrx_word' id='word_1_90' title='bbox 769 717 955 756; x_wconf 57' lang='lat' dir='ltr'>&amp;stri-ieslaut</span> <span class='ocrx_word' id='word_1_91' title='bbox 974 731 1001 755; x_wconf 85' lang='lat' dir='ltr'>et</span> <span class='ocrx_word' id='word_1_92' title='bbox 1021 737 1128 755; x_wconf 85' lang='lat' dir='ltr'>omnem</span> <span class='ocrx_word' id='word_1_93' title='bbox 1148 729 1233 755; x_wconf 77' lang='lat' dir='ltr'>aliani</span> <span class='ocrx_word' id='word_1_94' title='bbox 1248 730 1361 756; x_wconf 82' lang='lat' dir='ltr'>Frisiain</span> <span class='ocrx_word' id='word_1_95' title='bbox 1381 732 1416 756; x_wconf 81' lang='lat' dir='ltr'>ad</span> <span class='ocrx_word' id='word_1_96' title='bbox 1436 740 1483 757; x_wconf 82' lang='lat' dir='ltr'>nos</span> <span class='ocrx_word' id='word_1_97' title='bbox 1502 734 1530 758; x_wconf 85' lang='lat' dir='ltr'>et</span> <span class='ocrx_word' id='word_1_98' title='bbox 1550 733 1695 766; x_wconf 84' lang='lat' dir='ltr'>imperium</span> <span class='ocrx_word' id='word_1_99' title='bbox 1713 742 1787 766; x_wconf 70' lang='lat' dir='ltr'>spec-</span> 
     </span>
    </p>

    <p class='ocr_par' dir='ltr' id='par_1_6' title="bbox 103 779 1789 1021">
     <span class='ocr_line' id='line_1_11' title="bbox 103 779 1789 815; baseline 0.002 -9"><span class='ocrx_word' id='word_1_100' title='bbox 103 788 127 806; x_wconf 86' lang='lat'>10</span> <span class='ocrx_word' id='word_1_101' title='bbox 144 783 257 811; x_wconf 86' lang='lat' dir='ltr'>tantem,</span> <span class='ocrx_word' id='word_1_102' title='bbox 277 783 394 814; x_wconf 78' lang='lat' dir='ltr'>excepta</span> <span class='ocrx_word' id='word_1_103' title='bbox 414 780 559 806; x_wconf 74' lang='lat' dir='ltr'><strong>dumtaxat</strong></span> <span class='ocrx_word' id='word_1_104' title='bbox 579 779 629 806; x_wconf 87' lang='lat' dir='ltr'>illa</span> <span class='ocrx_word' id='word_1_105' title='bbox 648 782 727 813; x_wconf 84' lang='lat' dir='ltr'>parte</span> <span class='ocrx_word' id='word_1_106' title='bbox 747 780 782 806; x_wconf 82' lang='lat' dir='ltr'>ad</span> <span class='ocrx_word' id='word_1_107' title='bbox 801 780 921 806; x_wconf 88' lang='lat' dir='ltr'>nobilem</span> <span class='ocrx_word' id='word_1_108' title='bbox 936 780 1024 805; x_wconf 88' lang='lat' dir='ltr'>virum</span> <span class='ocrx_word' id='word_1_109' title='bbox 1046 801 1070 805; x_wconf 94' lang='lat'>..</span> <span class='ocrx_word' id='word_1_110' title='bbox 1091 780 1220 806; x_wconf 86' lang='lat' dir='ltr'>comitem</span> <span class='ocrx_word' id='word_1_111' title='bbox 1241 781 1272 805; x_wconf 81' lang='lat' dir='ltr'>tle</span> <span class='ocrx_word' id='word_1_112' title='bbox 1287 781 1438 807; x_wconf 71' lang='lat' dir='ltr'>Hollandia</span> <span class='ocrx_word' id='word_1_113' title='bbox 1453 783 1619 815; x_wconf 86' lang='lat' dir='ltr'>pertinente.</span> <span class='ocrx_word' id='word_1_114' title='bbox 1639 785 1671 810; x_wconf 87' lang='lat' dir='ltr'>de</span> <span class='ocrx_word' id='word_1_115' title='bbox 1686 787 1789 811; x_wconf 80' lang='lat' dir='ltr'>nostro-</span> 
     </span>
     <span class='ocr_line' id='line_1_12' title="bbox 143 831 1788 867; baseline 0.001 -9"><span class='ocrx_word' id='word_1_116' title='bbox 143 842 202 858; x_wconf 89' lang='lat' dir='ltr'>rum</span> <span class='ocrx_word' id='word_1_117' title='bbox 220 840 362 866; x_wconf 85' lang='lat' dir='ltr'>procerum</span> <span class='ocrx_word' id='word_1_118' title='bbox 383 831 498 858; x_wconf 86' lang='lat' dir='ltr'>consilio</span> <span class='ocrx_word' id='word_1_119' title='bbox 518 831 645 857; x_wconf 83' lang='lat' dir='ltr'>duximus</span> <span class='ocrx_word' id='word_1_120' title='bbox 671 832 907 858; x_wconf 85' lang='lat' dir='ltr'>committendam.</span> <span class='ocrx_word' id='word_1_121' title='bbox 950 832 1053 857; x_wconf 78' lang='lat' dir='ltr'>Dantes</span> <span class='ocrx_word' id='word_1_122' title='bbox 1073 831 1161 858; x_wconf 88' lang='lat' dir='ltr'>eidem</span> <span class='ocrx_word' id='word_1_123' title='bbox 1186 832 1341 865; x_wconf 80' lang='lat' dir='ltr'>plenariam</span> <span class='ocrx_word' id='word_1_124' title='bbox 1360 834 1530 865; x_wconf 85' lang='lat' dir='ltr'>potestatem</span> <span class='ocrx_word' id='word_1_125' title='bbox 1549 843 1597 867; x_wconf 82' lang='lat' dir='ltr'>per</span> <span class='ocrx_word' id='word_1_126' title='bbox 1615 844 1642 860; x_wconf 75' lang='lat' dir='ltr'>se</span> <span class='ocrx_word' id='word_1_127' title='bbox 1662 836 1705 861; x_wconf 89' lang='lat' dir='ltr'>vel</span> <span class='ocrx_word' id='word_1_128' title='bbox 1727 844 1788 861; x_wconf 69' lang='lat' dir='ltr'>suos</span> 
     </span>
     <span class='ocr_line' id='line_1_13' title="bbox 144 882 1788 916; baseline 0.002 -8"><span class='ocrx_word' id='word_1_129' title='bbox 144 885 177 910; x_wconf 86' lang='lat' dir='ltr'>de</span> <span class='ocrx_word' id='word_1_130' title='bbox 197 883 305 910; x_wconf 88' lang='lat' dir='ltr'>delictis</span> <span class='ocrx_word' id='word_1_131' title='bbox 325 882 507 916; x_wconf 85' lang='lat' dir='ltr'>cognoscendi</span> <span class='ocrx_word' id='word_1_132' title='bbox 527 884 555 908; x_wconf 85' lang='lat' dir='ltr'>et</span> <span class='ocrx_word' id='word_1_133' title='bbox 574 882 721 916; x_wconf 77' lang='lat' dir='ltr'>puniendi,</span> <span class='ocrx_word' id='word_1_134' title='bbox 747 883 902 910; x_wconf 81' lang='lat' dir='ltr'>iudicandi.</span> <span class='ocrx_word' id='word_1_135' title='bbox 929 882 1132 911; x_wconf 84' lang='lat' dir='ltr'>sentenciandi,</span> <span class='ocrx_word' id='word_1_136' title='bbox 1159 883 1187 908; x_wconf 87' lang='lat' dir='ltr'>in</span> <span class='ocrx_word' id='word_1_137' title='bbox 1207 883 1374 909; x_wconf 71' lang='lat' dir='ltr'>facinorosos</span> <span class='ocrx_word' id='word_1_138' title='bbox 1398 884 1522 910; x_wconf 86' lang='lat' dir='ltr'>homines</span> <span class='ocrx_word' id='word_1_139' title='bbox 1541 885 1788 914; x_wconf 74' lang='lat' dir='ltr'>aninmdvertemli.</span> 
     </span>
     <span class='ocr_line' id='line_1_14' title="bbox 147 933 1787 969; baseline 0.001 -8"><span class='ocrx_word' id='word_1_140' title='bbox 147 943 231 969; x_wconf 87' lang='lat' dir='ltr'>penas</span> <span class='ocrx_word' id='word_1_141' title='bbox 250 934 418 968; x_wconf 76' lang='lat' dir='ltr'>imponendi,</span> <span class='ocrx_word' id='word_1_142' title='bbox 438 933 497 959; x_wconf 86' lang='lat' dir='ltr'>iura</span> <span class='ocrx_word' id='word_1_143' title='bbox 517 936 611 959; x_wconf 86' lang='lat' dir='ltr'>nostra</span> <span class='ocrx_word' id='word_1_144' title='bbox 631 936 659 960; x_wconf 88' lang='lat' dir='ltr'>et</span> <span class='ocrx_word' id='word_1_145' title='bbox 678 934 789 968; x_wconf 85' lang='lat' dir='ltr'>imperii</span> <span class='ocrx_word' id='word_1_146' title='bbox 808 934 998 968; x_wconf 84' lang='lat' dir='ltr'>recuperandi.</span> <span class='ocrx_word' id='word_1_147' title='bbox 1019 933 1188 967; x_wconf 76' lang='lat' dir='ltr'>ampliandi,</span> <span class='ocrx_word' id='word_1_148' title='bbox 1208 934 1340 960; x_wconf 86' lang='lat' dir='ltr'>collectas</span> <span class='ocrx_word' id='word_1_149' title='bbox 1359 944 1406 961; x_wconf 89' lang='lat' dir='ltr'>seu</span> <span class='ocrx_word' id='word_1_150' title='bbox 1426 936 1571 968; x_wconf 75' lang='lat' dir='ltr'>precarias,</span> <span class='ocrx_word' id='word_1_151' title='bbox 1592 945 1652 962; x_wconf 82' lang='lat' dir='ltr'>cum</span> <span class='ocrx_word' id='word_1_152' title='bbox 1672 937 1725 963; x_wconf 78' lang='lat' dir='ltr'>sibi</span> <span class='ocrx_word' id='word_1_153' title='bbox 1744 947 1787 963; x_wconf 78' lang='lat' dir='ltr'>ex-</span> 
     </span>
     <span class='ocr_line' id='line_1_15' title="bbox 143 985 1789 1021; baseline 0 -8"><span class='ocrx_word' id='word_1_154' title='bbox 143 986 236 1021; x_wconf 86' lang='lat' dir='ltr'>pedire</span> <span class='ocrx_word' id='word_1_155' title='bbox 255 985 404 1013; x_wconf 85' lang='lat' dir='ltr'>videbitur.</span> <span class='ocrx_word' id='word_1_156' title='bbox 423 985 546 1012; x_wconf 88' lang='lat' dir='ltr'>faciendi</span> <span class='ocrx_word' id='word_1_157' title='bbox 564 986 592 1011; x_wconf 87' lang='lat' dir='ltr'>in</span> <span class='ocrx_word' id='word_1_158' title='bbox 612 985 672 1019; x_wconf 88' lang='lat' dir='ltr'>ipsa</span> <span class='ocrx_word' id='word_1_159' title='bbox 687 985 781 1017; x_wconf 62' lang='lat' dir='ltr'>Frisia,</span> <span class='ocrx_word' id='word_1_160' title='bbox 802 986 938 1012; x_wconf 84' lang='lat' dir='ltr'>officiatos</span> <span class='ocrx_word' id='word_1_161' title='bbox 957 985 1062 1012; x_wconf 78' lang='lat' dir='ltr'>iudices</span> <span class='ocrx_word' id='word_1_162' title='bbox 1082 995 1130 1019; x_wconf 91' lang='lat' dir='ltr'>pro</span> <span class='ocrx_word' id='word_1_163' title='bbox 1150 994 1177 1011; x_wconf 85' lang='lat' dir='ltr'>se</span> <span class='ocrx_word' id='word_1_164' title='bbox 1198 986 1393 1017; x_wconf 77' lang='lat' dir='ltr'>constituendi,</span> <span class='ocrx_word' id='word_1_165' title='bbox 1412 986 1473 1013; x_wconf 84' lang='lat' dir='ltr'>iura</span> <span class='ocrx_word' id='word_1_166' title='bbox 1488 988 1628 1014; x_wconf 85' lang='lat' dir='ltr'>condendi.</span> <span class='ocrx_word' id='word_1_167' title='bbox 1649 996 1681 1013; x_wconf 87' lang='lat' dir='ltr'>ea</span> <span class='ocrx_word' id='word_1_168' title='bbox 1700 988 1789 1014; x_wconf 79' lang='lat' dir='ltr'>obser-</span> 
     </span>
    </p>

    <p class='ocr_par' dir='ltr' id='par_1_7' title="bbox 101 1037 1788 1276">
     <span class='ocr_line' id='line_1_16' title="bbox 101 1037 1788 1071; baseline 0 -6"><span class='ocrx_word' id='word_1_169' title='bbox 101 1047 123 1067; x_wconf 79' lang='lat'>15</span> <span class='ocrx_word' id='word_1_170' title='bbox 142 1046 205 1064; x_wconf 83' lang='lat' dir='ltr'>vare</span> <span class='ocrx_word' id='word_1_171' title='bbox 225 1037 344 1063; x_wconf 85' lang='lat' dir='ltr'>faciendi</span> <span class='ocrx_word' id='word_1_172' title='bbox 369 1039 397 1063; x_wconf 87' lang='lat' dir='ltr'>et</span> <span class='ocrx_word' id='word_1_173' title='bbox 421 1037 513 1063; x_wconf 85' lang='lat' dir='ltr'>omnia</span> <span class='ocrx_word' id='word_1_174' title='bbox 536 1046 569 1063; x_wconf 84' lang='lat' dir='ltr'>ac</span> <span class='ocrx_word' id='word_1_175' title='bbox 593 1037 704 1071; x_wconf 87' lang='lat' dir='ltr'>singula</span> <span class='ocrx_word' id='word_1_176' title='bbox 727 1037 861 1068; x_wconf 82' lang='lat' dir='ltr'>faciendi,</span> <span class='ocrx_word' id='word_1_177' title='bbox 886 1037 1044 1067; x_wconf 70' lang='lat' dir='ltr'>ordinandi,</span> <span class='ocrx_word' id='word_1_178' title='bbox 1071 1038 1250 1071; x_wconf 86' lang='lat' dir='ltr'>disponendi.</span> <span class='ocrx_word' id='word_1_179' title='bbox 1277 1038 1429 1067; x_wconf 78' lang='lat' dir='ltr'>tractandi,</span> <span class='ocrx_word' id='word_1_180' title='bbox 1455 1047 1508 1071; x_wconf 83' lang='lat' dir='ltr'>que</span> <span class='ocrx_word' id='word_1_181' title='bbox 1527 1040 1628 1068; x_wconf 79' lang='lat' dir='ltr'>facere,</span> <span class='ocrx_word' id='word_1_182' title='bbox 1655 1039 1788 1068; x_wconf 69' lang='lat' dir='ltr'>ordinare,</span> 
     </span>
     <span class='ocr_line' id='line_1_17' title="bbox 142 1088 1788 1123; baseline 0.001 -8"><span class='ocrx_word' id='word_1_183' title='bbox 142 1089 285 1123; x_wconf 82' lang='lat' dir='ltr'>disponere</span> <span class='ocrx_word' id='word_1_184' title='bbox 304 1091 333 1115; x_wconf 92' lang='lat' dir='ltr'>et</span> <span class='ocrx_word' id='word_1_185' title='bbox 352 1090 473 1114; x_wconf 86' lang='lat' dir='ltr'>tractare</span> <span class='ocrx_word' id='word_1_186' title='bbox 492 1097 642 1122; x_wconf 74' lang='lat' dir='ltr'>possemus,</span> <span class='ocrx_word' id='word_1_187' title='bbox 661 1088 684 1113; x_wconf 84' lang='lat' dir='ltr'>si</span> <span class='ocrx_word' id='word_1_188' title='bbox 707 1097 826 1115; x_wconf 81' lang='lat' dir='ltr'>essemus</span> <span class='ocrx_word' id='word_1_189' title='bbox 840 1088 944 1114; x_wconf 81' lang='lat' dir='ltr'>ibidem</span> <span class='ocrx_word' id='word_1_190' title='bbox 959 1088 1142 1122; x_wconf 75' lang='lat' dir='ltr'>personaliter</span> <span class='ocrx_word' id='word_1_191' title='bbox 1157 1088 1312 1117; x_wconf 83' lang='lat' dir='ltr'>constituti.</span> <span class='ocrx_word' id='word_1_192' title='bbox 1333 1089 1374 1115; x_wconf 89' lang='lat' dir='ltr'>ita</span> <span class='ocrx_word' id='word_1_193' title='bbox 1387 1089 1460 1121; x_wconf 89' lang='lat' dir='ltr'>quod</span> <span class='ocrx_word' id='word_1_194' title='bbox 1481 1090 1512 1115; x_wconf 84' lang='lat' dir='ltr'>de</span> <span class='ocrx_word' id='word_1_195' title='bbox 1532 1089 1612 1115; x_wconf 81' lang='lat' dir='ltr'>iustis</span> <span class='ocrx_word' id='word_1_196' title='bbox 1625 1090 1788 1120; x_wconf 73' lang='lat' dir='ltr'>redditibus,</span> 
     </span>
     <span class='ocr_line' id='line_1_18' title="bbox 142 1139 1787 1174; baseline 0 -7"><span class='ocrx_word' id='word_1_197' title='bbox 142 1141 220 1167; x_wconf 84' lang='lat' dir='ltr'>iustis</span> <span class='ocrx_word' id='word_1_198' title='bbox 240 1139 372 1174; x_wconf 84' lang='lat' dir='ltr'>precariis</span> <span class='ocrx_word' id='word_1_199' title='bbox 391 1142 417 1165; x_wconf 89' lang='lat' dir='ltr'>et</span> <span class='ocrx_word' id='word_1_200' title='bbox 438 1139 470 1165; x_wconf 90' lang='lat' dir='ltr'>de</span> <span class='ocrx_word' id='word_1_201' title='bbox 491 1139 591 1166; x_wconf 87' lang='lat' dir='ltr'>ceteris</span> <span class='ocrx_word' id='word_1_202' title='bbox 610 1139 642 1166; x_wconf 86' lang='lat' dir='ltr'>de</span> <span class='ocrx_word' id='word_1_203' title='bbox 663 1139 735 1166; x_wconf 87' lang='lat' dir='ltr'>iusto</span> <span class='ocrx_word' id='word_1_204' title='bbox 756 1139 858 1165; x_wconf 87' lang='lat' dir='ltr'>iudicio</span> <span class='ocrx_word' id='word_1_205' title='bbox 879 1139 1108 1172; x_wconf 74' lang='lat' dir='ltr'>provenientibus</span> <span class='ocrx_word' id='word_1_206' title='bbox 1128 1139 1206 1165; x_wconf 84' lang='lat' dir='ltr'>nobis</span> <span class='ocrx_word' id='word_1_207' title='bbox 1227 1140 1269 1165; x_wconf 83' lang='lat' dir='ltr'>vel</span> <span class='ocrx_word' id='word_1_208' title='bbox 1289 1140 1390 1165; x_wconf 84' lang='lat' dir='ltr'>nostris</span> <span class='ocrx_word' id='word_1_209' title='bbox 1410 1140 1436 1165; x_wconf 86' lang='lat' dir='ltr'>in</span> <span class='ocrx_word' id='word_1_210' title='bbox 1455 1139 1571 1173; x_wconf 83' lang='lat' dir='ltr'>imperio</span> <span class='ocrx_word' id='word_1_211' title='bbox 1585 1141 1787 1167; x_wconf 80' lang='lat' dir='ltr'>successoribus</span> 
     </span>
     <span class='ocr_line' id='line_1_19' title="bbox 142 1188 1787 1227; baseline 0 -8"><span class='ocrx_word' id='word_1_212' title='bbox 142 1193 297 1227; x_wconf 80' lang='lat' dir='ltr'>legitimam</span> <span class='ocrx_word' id='word_1_213' title='bbox 313 1192 457 1219; x_wconf 79' lang='lat' dir='ltr'>tenebitur</span> <span class='ocrx_word' id='word_1_214' title='bbox 473 1191 695 1225; x_wconf 84' lang='lat' dir='ltr'>computacionis</span> <span class='ocrx_word' id='word_1_215' title='bbox 712 1192 826 1218; x_wconf 83' lang='lat' dir='ltr'>reddere</span> <span class='ocrx_word' id='word_1_216' title='bbox 843 1192 995 1218; x_wconf 82' lang='lat' dir='ltr'>racionem.</span> <span class='ocrx_word' id='word_1_217' title='bbox 1078 1188 1124 1227; x_wconf 81' lang='lat'>(2)</span> <span class='ocrx_word' id='word_1_218' title='bbox 1142 1192 1227 1218; x_wconf 88' lang='lat' dir='ltr'>Porro</span> <span class='ocrx_word' id='word_1_219' title='bbox 1245 1192 1372 1225; x_wconf 88' lang='lat' dir='ltr'>predicta</span> <span class='ocrx_word' id='word_1_220' title='bbox 1389 1192 1485 1224; x_wconf 83' lang='lat' dir='ltr'>Frisia,</span> <span class='ocrx_word' id='word_1_221' title='bbox 1503 1202 1586 1226; x_wconf 86' lang='lat' dir='ltr'>quam</span> <span class='ocrx_word' id='word_1_222' title='bbox 1603 1193 1677 1219; x_wconf 87' lang='lat' dir='ltr'>dicto</span> <span class='ocrx_word' id='word_1_223' title='bbox 1696 1193 1787 1219; x_wconf 71' lang='lat' dir='ltr'>Gelrie</span> 
     </span>
     <span class='ocr_line' id='line_1_20' title="bbox 143 1242 1788 1276; baseline 0 -7"><span class='ocrx_word' id='word_1_224' title='bbox 143 1242 237 1269; x_wconf 79' lang='lat' dir='ltr'>comiti</span> <span class='ocrx_word' id='word_1_225' title='bbox 255 1242 381 1268; x_wconf 77' lang='lat' dir='ltr'>duximus</span> <span class='ocrx_word' id='word_1_226' title='bbox 401 1242 638 1274; x_wconf 81' lang='lat' dir='ltr'>committendam,</span> <span class='ocrx_word' id='word_1_227' title='bbox 659 1250 707 1275; x_wconf 89' lang='lat' dir='ltr'>per</span> <span class='ocrx_word' id='word_1_228' title='bbox 726 1251 775 1268; x_wconf 92' lang='lat' dir='ltr'>nos</span> <span class='ocrx_word' id='word_1_229' title='bbox 795 1242 837 1268; x_wconf 81' lang='lat' dir='ltr'>vel</span> <span class='ocrx_word' id='word_1_230' title='bbox 856 1244 963 1268; x_wconf 85' lang='lat' dir='ltr'>nostros</span> <span class='ocrx_word' id='word_1_231' title='bbox 982 1251 1153 1269; x_wconf 67' lang='lat' dir='ltr'>successores</span> <span class='ocrx_word' id='word_1_232' title='bbox 1172 1251 1226 1268; x_wconf 90' lang='lat' dir='ltr'>non</span> <span class='ocrx_word' id='word_1_233' title='bbox 1246 1242 1329 1268; x_wconf 86' lang='lat' dir='ltr'>debet</span> <span class='ocrx_word' id='word_1_234' title='bbox 1348 1243 1488 1269; x_wconf 86' lang='lat' dir='ltr'>ullatenus</span> <span class='ocrx_word' id='word_1_235' title='bbox 1502 1243 1620 1273; x_wconf 79' lang='lat' dir='ltr'>avocari,</span> <span class='ocrx_word' id='word_1_236' title='bbox 1640 1243 1693 1269; x_wconf 79' lang='lat' dir='ltr'>nisi</span> <span class='ocrx_word' id='word_1_237' title='bbox 1714 1244 1788 1276; x_wconf 84' lang='lat' dir='ltr'>prius</span> 
     </span>
    </p>

    <p class='ocr_par' dir='ltr' id='par_1_8' title="bbox 102 1293 1788 1533">
     <span class='ocr_line' id='line_1_21' title="bbox 102 1293 1788 1328; baseline 0 -7"><span class='ocrx_word' id='word_1_238' title='bbox 102 1301 126 1322; x_wconf 74' lang='lat'>20</span> <span class='ocrx_word' id='word_1_239' title='bbox 143 1294 175 1320; x_wconf 84' lang='lat' dir='ltr'>de</span> <span class='ocrx_word' id='word_1_240' title='bbox 193 1293 319 1328; x_wconf 82' lang='lat' dir='ltr'>expensis</span> <span class='ocrx_word' id='word_1_241' title='bbox 339 1296 366 1320; x_wconf 91' lang='lat' dir='ltr'>et</span> <span class='ocrx_word' id='word_1_242' title='bbox 385 1293 529 1327; x_wconf 81' lang='lat' dir='ltr'>impensis,</span> <span class='ocrx_word' id='word_1_243' title='bbox 556 1302 625 1326; x_wconf 83' lang='lat' dir='ltr'>quas</span> <span class='ocrx_word' id='word_1_244' title='bbox 645 1293 672 1318; x_wconf 90' lang='lat' dir='ltr'>in</span> <span class='ocrx_word' id='word_1_245' title='bbox 692 1294 917 1327; x_wconf 72' lang='lat' dir='ltr'>recuperacione,</span> <span class='ocrx_word' id='word_1_246' title='bbox 942 1293 1112 1320; x_wconf 78' lang='lat' dir='ltr'>attractione</span> <span class='ocrx_word' id='word_1_247' title='bbox 1137 1302 1242 1320; x_wconf 83' lang='lat' dir='ltr'>necnon</span> <span class='ocrx_word' id='word_1_248' title='bbox 1262 1294 1458 1320; x_wconf 82' lang='lat' dir='ltr'>reformacione</span> <span class='ocrx_word' id='word_1_249' title='bbox 1478 1294 1565 1328; x_wconf 61' lang='lat' dir='ltr'>ipsius</span> <span class='ocrx_word' id='word_1_250' title='bbox 1586 1294 1671 1321; x_wconf 80' lang='lat' dir='ltr'>Frisie</span> <span class='ocrx_word' id='word_1_251' title='bbox 1692 1304 1740 1328; x_wconf 85' lang='lat' dir='ltr'>pro</span> <span class='ocrx_word' id='word_1_252' title='bbox 1760 1304 1788 1321; x_wconf 78' lang='lat' dir='ltr'>se</span> 
     </span>
     <span class='ocr_line' id='line_1_22' title="bbox 143 1345 1788 1379; baseline 0.001 -8"><span class='ocrx_word' id='word_1_253' title='bbox 143 1347 170 1372; x_wconf 86' lang='lat' dir='ltr'>et</span> <span class='ocrx_word' id='word_1_254' title='bbox 189 1345 243 1371; x_wconf 88' lang='lat' dir='ltr'>suis</span> <span class='ocrx_word' id='word_1_255' title='bbox 262 1345 370 1371; x_wconf 84' lang='lat' dir='ltr'>duxerit</span> <span class='ocrx_word' id='word_1_256' title='bbox 389 1345 530 1371; x_wconf 82' lang='lat' dir='ltr'>faciendas</span> <span class='ocrx_word' id='word_1_257' title='bbox 549 1346 577 1370; x_wconf 86' lang='lat' dir='ltr'>et</span> <span class='ocrx_word' id='word_1_258' title='bbox 596 1345 781 1378; x_wconf 81' lang='lat' dir='ltr'>exponendas,</span> <span class='ocrx_word' id='word_1_259' title='bbox 801 1345 853 1370; x_wconf 92' lang='lat' dir='ltr'>sibi</span> <span class='ocrx_word' id='word_1_260' title='bbox 872 1346 915 1371; x_wconf 84' lang='lat' dir='ltr'>vel</span> <span class='ocrx_word' id='word_1_261' title='bbox 936 1345 992 1371; x_wconf 84' lang='lat' dir='ltr'>suis</span> <span class='ocrx_word' id='word_1_262' title='bbox 1012 1345 1158 1371; x_wconf 78' lang='lat' dir='ltr'>heredibus</span> <span class='ocrx_word' id='word_1_263' title='bbox 1178 1355 1227 1379; x_wconf 88' lang='lat' dir='ltr'>per</span> <span class='ocrx_word' id='word_1_264' title='bbox 1245 1354 1294 1371; x_wconf 90' lang='lat' dir='ltr'>nos</span> <span class='ocrx_word' id='word_1_265' title='bbox 1314 1346 1357 1371; x_wconf 89' lang='lat' dir='ltr'>vel</span> <span class='ocrx_word' id='word_1_266' title='bbox 1376 1354 1544 1372; x_wconf 80' lang='lat' dir='ltr'>successores</span> <span class='ocrx_word' id='word_1_267' title='bbox 1558 1348 1665 1372; x_wconf 85' lang='lat' dir='ltr'>nostros</span> <span class='ocrx_word' id='word_1_268' title='bbox 1678 1346 1788 1379; x_wconf 79' lang='lat' dir='ltr'>penitus</span> 
     </span>
     <span class='ocr_line' id='line_1_23' title="bbox 142 1396 1786 1430; baseline -0.001 -7"><span class='ocrx_word' id='word_1_269' title='bbox 142 1396 238 1423; x_wconf 85' lang='lat' dir='ltr'>refusis</span> <span class='ocrx_word' id='word_1_270' title='bbox 256 1396 406 1430; x_wconf 82' lang='lat' dir='ltr'>prehabita</span> <span class='ocrx_word' id='word_1_271' title='bbox 426 1396 646 1430; x_wconf 85' lang='lat' dir='ltr'>computacionis</span> <span class='ocrx_word' id='word_1_272' title='bbox 664 1396 793 1430; x_wconf 80' lang='lat' dir='ltr'>legitima</span> <span class='ocrx_word' id='word_1_273' title='bbox 812 1396 931 1423; x_wconf 78' lang='lat' dir='ltr'>racione.</span> <span class='ocrx_word' id='word_1_274' title='bbox 968 1396 1054 1422; x_wconf 78' lang='lat' dir='ltr'>Donis</span> <span class='ocrx_word' id='word_1_275' title='bbox 1068 1405 1139 1426; x_wconf 74' lang='lat' dir='ltr'>vero,</span> <span class='ocrx_word' id='word_1_276' title='bbox 1159 1397 1387 1427; x_wconf 75' lang='lat' dir='ltr'>liberalitatibus.</span> <span class='ocrx_word' id='word_1_277' title='bbox 1408 1397 1537 1427; x_wconf 75' lang='lat' dir='ltr'>exenniiS,</span> <span class='ocrx_word' id='word_1_278' title='bbox 1558 1397 1786 1424; x_wconf 65' lang='lat' dir='ltr'>concessionibus,</span> 
     </span>
     <span class='ocr_line' id='line_1_24' title="bbox 145 1447 1788 1481; baseline 0.001 -8"><span class='ocrx_word' id='word_1_279' title='bbox 145 1447 300 1474; x_wconf 83' lang='lat' dir='ltr'>redditibus</span> <span class='ocrx_word' id='word_1_280' title='bbox 313 1456 358 1474; x_wconf 85' lang='lat' dir='ltr'>seu</span> <span class='ocrx_word' id='word_1_281' title='bbox 374 1447 556 1481; x_wconf 87' lang='lat' dir='ltr'>proventibus</span> <span class='ocrx_word' id='word_1_282' title='bbox 577 1456 624 1474; x_wconf 88' lang='lat' dir='ltr'>seu</span> <span class='ocrx_word' id='word_1_283' title='bbox 646 1447 864 1480; x_wconf 83' lang='lat' dir='ltr'>quibuscumque</span> <span class='ocrx_word' id='word_1_284' title='bbox 880 1448 1086 1474; x_wconf 76' lang='lat' dir='ltr'>cnrialitatilms</span> <span class='ocrx_word' id='word_1_285' title='bbox 1106 1447 1158 1473; x_wconf 85' lang='lat' dir='ltr'>sibi</span> <span class='ocrx_word' id='word_1_286' title='bbox 1178 1448 1260 1473; x_wconf 87' lang='lat' dir='ltr'>factis</span> <span class='ocrx_word' id='word_1_287' title='bbox 1275 1448 1317 1474; x_wconf 81' lang='lat' dir='ltr'>vel</span> <span class='ocrx_word' id='word_1_288' title='bbox 1334 1448 1468 1475; x_wconf 86' lang='lat' dir='ltr'>faciendis</span> <span class='ocrx_word' id='word_1_289' title='bbox 1482 1448 1591 1474; x_wconf 81' lang='lat' dir='ltr'>racione</span> <span class='ocrx_word' id='word_1_290' title='bbox 1605 1448 1788 1474; x_wconf 64' lang='lat' dir='ltr'>amministra</span> 
     </span>
     <span class='ocr_line' id='line_1_25' title="bbox 142 1499 1787 1533; baseline 0 -8"><span class='ocrx_word' id='word_1_291' title='bbox 142 1499 226 1526; x_wconf 85' lang='lat' dir='ltr'>cionis</span> <span class='ocrx_word' id='word_1_292' title='bbox 246 1499 333 1533; x_wconf 89' lang='lat' dir='ltr'>ipsius</span> <span class='ocrx_word' id='word_1_293' title='bbox 352 1499 453 1529; x_wconf 82' lang='lat' dir='ltr'>Frisie,</span> <span class='ocrx_word' id='word_1_294' title='bbox 478 1508 531 1532; x_wconf 85' lang='lat' dir='ltr'>que</span> <span class='ocrx_word' id='word_1_295' title='bbox 551 1500 620 1525; x_wconf 88' lang='lat' dir='ltr'>fiunt</span> <span class='ocrx_word' id='word_1_296' title='bbox 639 1499 735 1525; x_wconf 90' lang='lat' dir='ltr'>comiti</span> <span class='ocrx_word' id='word_1_297' title='bbox 754 1499 881 1532; x_wconf 83' lang='lat' dir='ltr'>predicto</span> <span class='ocrx_word' id='word_1_298' title='bbox 901 1508 949 1533; x_wconf 81' lang='lat' dir='ltr'>per</span> <span class='ocrx_word' id='word_1_299' title='bbox 968 1499 1085 1525; x_wconf 66' lang='lat' dir='ltr'>Frisiam</span> <span class='ocrx_word' id='word_1_300' title='bbox 1106 1499 1274 1533; x_wconf 75' lang='lat' dir='ltr'>prodictam.</span> <span class='ocrx_word' id='word_1_301' title='bbox 1300 1508 1350 1533; x_wconf 85' lang='lat' dir='ltr'>per</span> <span class='ocrx_word' id='word_1_302' title='bbox 1374 1500 1480 1526; x_wconf 89' lang='lat' dir='ltr'>dictum</span> <span class='ocrx_word' id='word_1_303' title='bbox 1506 1500 1635 1526; x_wconf 89' lang='lat' dir='ltr'>comitem</span> <span class='ocrx_word' id='word_1_304' title='bbox 1661 1502 1710 1525; x_wconf 85' lang='lat' dir='ltr'>aut</span> <span class='ocrx_word' id='word_1_305' title='bbox 1730 1500 1787 1525; x_wconf 61' lang='lat' dir='ltr'>eiu&gt;-</span> 
     </span>
    </p>

    <p class='ocr_par' dir='ltr' id='par_1_9' title="bbox 102 1548 1787 1793">
     <span class='ocr_line' id='line_1_26' title="bbox 102 1548 1785 1587; baseline 0 -9"><span class='ocrx_word' id='word_1_306' title='bbox 102 1560 126 1579; x_wconf 79' lang='lat'>25</span> <span class='ocrx_word' id='word_1_307' title='bbox 144 1552 258 1578; x_wconf 87' lang='lat' dir='ltr'>heredes</span> <span class='ocrx_word' id='word_1_308' title='bbox 281 1552 362 1578; x_wconf 81' lang='lat' dir='ltr'>nobis</span> <span class='ocrx_word' id='word_1_309' title='bbox 386 1554 415 1578; x_wconf 84' lang='lat' dir='ltr'>et</span> <span class='ocrx_word' id='word_1_310' title='bbox 438 1552 541 1578; x_wconf 90' lang='lat' dir='ltr'>nostris</span> <span class='ocrx_word' id='word_1_311' title='bbox 566 1552 771 1578; x_wconf 88' lang='lat' dir='ltr'>successoribus</span> <span class='ocrx_word' id='word_1_312' title='bbox 795 1552 957 1578; x_wconf 86' lang='lat' dir='ltr'>nullatenus</span> <span class='ocrx_word' id='word_1_313' title='bbox 975 1552 1179 1586; x_wconf 86' lang='lat' dir='ltr'>computandis.</span> <span class='ocrx_word' id='word_1_314' title='bbox 1269 1548 1314 1587; x_wconf 75' lang='grc'>(3)</span> <span class='ocrx_word' id='word_1_315' title='bbox 1340 1553 1411 1578; x_wconf 82' lang='lat' dir='ltr'>Sane</span> <span class='ocrx_word' id='word_1_316' title='bbox 1436 1553 1459 1578; x_wconf 90' lang='lat' dir='ltr'>si</span> <span class='ocrx_word' id='word_1_317' title='bbox 1482 1552 1587 1578; x_wconf 87' lang='lat' dir='ltr'>dictum</span> <span class='ocrx_word' id='word_1_318' title='bbox 1604 1553 1733 1579; x_wconf 87' lang='lat' dir='ltr'>comitem</span> <span class='ocrx_word' id='word_1_319' title='bbox 1758 1553 1785 1578; x_wconf 91' lang='lat' dir='ltr'>in</span> 
     </span>
     <span class='ocr_line' id='line_1_27' title="bbox 143 1601 1786 1636; baseline 0.002 -9"><span class='ocrx_word' id='word_1_320' title='bbox 143 1601 229 1628; x_wconf 82' lang='lat' dir='ltr'>Frisia</span> <span class='ocrx_word' id='word_1_321' title='bbox 248 1601 375 1635; x_wconf 87' lang='lat' dir='ltr'>predicta</span> <span class='ocrx_word' id='word_1_322' title='bbox 394 1602 504 1635; x_wconf 84' lang='lat' dir='ltr'>aliquas</span> <span class='ocrx_word' id='word_1_323' title='bbox 517 1604 604 1628; x_wconf 82' lang='lat' dir='ltr'>terras</span> <span class='ocrx_word' id='word_1_324' title='bbox 623 1611 670 1628; x_wconf 81' lang='lat' dir='ltr'>seu</span> <span class='ocrx_word' id='word_1_325' title='bbox 684 1602 869 1636; x_wconf 74' lang='lat' dir='ltr'>possessiones</span> <span class='ocrx_word' id='word_1_326' title='bbox 884 1602 1033 1635; x_wconf 74' lang='lat' dir='ltr'>contigerit</span> <span class='ocrx_word' id='word_1_327' title='bbox 1048 1611 1216 1636; x_wconf 78' lang='lat' dir='ltr'>comparare,</span> <span class='ocrx_word' id='word_1_328' title='bbox 1236 1603 1270 1628; x_wconf 85' lang='lat' dir='ltr'>ad</span> <span class='ocrx_word' id='word_1_329' title='bbox 1285 1602 1430 1635; x_wconf 84' lang='lat' dir='ltr'>imperium</span> <span class='ocrx_word' id='word_1_330' title='bbox 1446 1605 1538 1628; x_wconf 80' lang='lat' dir='ltr'>tamen</span> <span class='ocrx_word' id='word_1_331' title='bbox 1553 1612 1604 1628; x_wconf 88' lang='lat' dir='ltr'>nou</span> <span class='ocrx_word' id='word_1_332' title='bbox 1618 1605 1786 1636; x_wconf 64' lang='lat' dir='ltr'>spectantes.</span> 
     </span>
     <span class='ocr_line' id='line_1_28' title="bbox 143 1651 1785 1689; baseline 0 -9"><span class='ocrx_word' id='word_1_333' title='bbox 143 1654 204 1680; x_wconf 86' lang='lat' dir='ltr'>illas</span> <span class='ocrx_word' id='word_1_334' title='bbox 228 1654 341 1688; x_wconf 88' lang='lat' dir='ltr'>pacifice</span> <span class='ocrx_word' id='word_1_335' title='bbox 366 1663 382 1680; x_wconf 84' lang='lat' dir='ltr'>a</span> <span class='ocrx_word' id='word_1_336' title='bbox 405 1654 486 1681; x_wconf 91' lang='lat' dir='ltr'>nobis</span> <span class='ocrx_word' id='word_1_337' title='bbox 510 1656 539 1680; x_wconf 90' lang='lat' dir='ltr'>et</span> <span class='ocrx_word' id='word_1_338' title='bbox 562 1654 679 1688; x_wconf 85' lang='lat' dir='ltr'>imperio</span> <span class='ocrx_word' id='word_1_339' title='bbox 703 1655 788 1680; x_wconf 88' lang='lat' dir='ltr'>titulo</span> <span class='ocrx_word' id='word_1_340' title='bbox 813 1655 887 1681; x_wconf 88' lang='lat' dir='ltr'>feodi</span> <span class='ocrx_word' id='word_1_341' title='bbox 912 1655 1074 1688; x_wconf 77' lang='lat' dir='ltr'>possidebit.</span> <span class='ocrx_word' id='word_1_342' title='bbox 1165 1651 1209 1689; x_wconf 72' lang='lat'>(4)</span> <span class='ocrx_word' id='word_1_343' title='bbox 1236 1654 1365 1680; x_wconf 85' lang='lat' dir='ltr'>Ceterum</span> <span class='ocrx_word' id='word_1_344' title='bbox 1388 1655 1416 1680; x_wconf 91' lang='lat' dir='ltr'>iu</span> <span class='ocrx_word' id='word_1_345' title='bbox 1440 1654 1508 1680; x_wconf 86' lang='lat' dir='ltr'>dicti</span> <span class='ocrx_word' id='word_1_346' title='bbox 1532 1655 1642 1680; x_wconf 84' lang='lat' dir='ltr'>comitis</span> <span class='ocrx_word' id='word_1_347' title='bbox 1659 1655 1785 1681; x_wconf 83' lang='lat' dir='ltr'>laborum</span> 
     </span>
     <span class='ocr_line' id='line_1_29' title="bbox 143 1705 1785 1742; baseline 0 -11"><span class='ocrx_word' id='word_1_348' title='bbox 143 1707 170 1732; x_wconf 85' lang='lat' dir='ltr'>et</span> <span class='ocrx_word' id='word_1_349' title='bbox 192 1705 412 1732; x_wconf 83' lang='lat' dir='ltr'>sollicitudinum</span> <span class='ocrx_word' id='word_1_350' title='bbox 438 1714 647 1739; x_wconf 82' lang='lat' dir='ltr'>recompensam</span> <span class='ocrx_word' id='word_1_351' title='bbox 673 1712 744 1732; x_wconf 84' lang='lat' dir='ltr'>cum</span> <span class='ocrx_word' id='word_1_352' title='bbox 771 1708 892 1739; x_wconf 89' lang='lat' dir='ltr'>quatuor</span> <span class='ocrx_word' id='word_1_353' title='bbox 922 1706 1052 1732; x_wconf 89' lang='lat' dir='ltr'>milibus</span> <span class='ocrx_word' id='word_1_354' title='bbox 1080 1715 1235 1732; x_wconf 85' lang='lat' dir='ltr'>marcarum</span> <span class='ocrx_word' id='word_1_355' title='bbox 1260 1706 1321 1740; x_wconf 83' lang='lat' dir='ltr'>puri</span> <span class='ocrx_word' id='word_1_356' title='bbox 1347 1707 1375 1732; x_wconf 88' lang='lat' dir='ltr'>et</span> <span class='ocrx_word' id='word_1_357' title='bbox 1398 1706 1551 1732; x_wconf 81' lang='lat' dir='ltr'>examinati</span> <span class='ocrx_word' id='word_1_358' title='bbox 1576 1707 1698 1739; x_wconf 67' lang='lat' dir='ltr'>argenti,</span> <span class='ocrx_word' id='word_1_359' title='bbox 1724 1712 1785 1742; x_wconf 64' lang='lat' dir='ltr'>qus}</span> 
     </span>
     <span class='ocr_line' id='line_1_30' title="bbox 143 1752 1787 1793; baseline -0.001 -10"><span class='ocrx_word' id='word_1_360' title='bbox 143 1752 246 1783; x_wconf 89' lang='lat' dir='ltr'>eidem</span> <span class='ocrx_word' id='word_1_361' title='bbox 270 1763 327 1783; x_wconf 81' lang='lat' dir='ltr'>rex</span> <span class='ocrx_word' id='word_1_362' title='bbox 344 1752 503 1783; x_wconf 86' lang='lat' dir='ltr'>Rudolfus</span> <span class='ocrx_word' id='word_1_363' title='bbox 527 1757 712 1783; x_wconf 80' lang='lat' dir='ltr'>antecessor</span> <span class='ocrx_word' id='word_1_364' title='bbox 735 1757 844 1783; x_wconf 87' lang='lat' dir='ltr'>noster</span> <span class='ocrx_word' id='word_1_365' title='bbox 869 1752 1071 1783; x_wconf 85' lang='lat' dir='ltr'>felicissimus</span> <span class='ocrx_word' id='word_1_366' title='bbox 1088 1753 1253 1783; x_wconf 78' lang='lat' dir='ltr'>occasione</span> <span class='ocrx_word' id='word_1_367' title='bbox 1270 1753 1451 1783; x_wconf 85' lang='lat' dir='ltr'>huiusmodi</span> <span class='ocrx_word' id='word_1_368' title='bbox 1477 1756 1523 1783; x_wconf 89' lang='lat' dir='ltr'>est</span> <span class='ocrx_word' id='word_1_369' title='bbox 1540 1753 1682 1793; x_wconf 67' lang='lat' dir='ltr'>largitus,</span> <span class='ocrx_word' id='word_1_370' title='bbox 1708 1753 1787 1783; x_wconf 85' lang='lat' dir='ltr'>sicut</span> 
     </span>
    </p>

    <p class='ocr_par' dir='ltr' id='par_1_10' title="bbox 100 1803 1788 2047">
     <span class='ocr_line' id='line_1_31' title="bbox 100 1803 1788 1844; baseline -0.001 -10"><span class='ocrx_word' id='word_1_371' title='bbox 100 1815 124 1834; x_wconf 83' lang='lat'>³0</span> <span class='ocrx_word' id='word_1_372' title='bbox 142 1806 231 1844; x_wconf 84' lang='lat' dir='ltr'>patet</span> <span class='ocrx_word' id='word_1_373' title='bbox 257 1804 289 1834; x_wconf 91' lang='lat' dir='ltr'>in</span> <span class='ocrx_word' id='word_1_374' title='bbox 316 1804 430 1834; x_wconf 83' lang='lat' dir='ltr'>litteris</span> <span class='ocrx_word' id='word_1_375' title='bbox 459 1814 555 1844; x_wconf 88' lang='lat' dir='ltr'>super</span> <span class='ocrx_word' id='word_1_376' title='bbox 584 1803 643 1834; x_wconf 88' lang='lat' dir='ltr'>hoc</span> <span class='ocrx_word' id='word_1_377' title='bbox 674 1804 828 1834; x_wconf 82' lang='lat' dir='ltr'>confectis</span> <span class='ocrx_word' id='word_1_378' title='bbox 858 1807 889 1834; x_wconf 90' lang='lat' dir='ltr'>et</span> <span class='ocrx_word' id='word_1_379' title='bbox 919 1804 1074 1843; x_wconf 67' lang='lat' dir='ltr'>tiaditisl,</span> <span class='ocrx_word' id='word_1_380' title='bbox 1105 1808 1139 1834; x_wconf 88' lang='lat' dir='ltr'>ut</span> <span class='ocrx_word' id='word_1_381' title='bbox 1166 1807 1273 1834; x_wconf 83' lang='lat' dir='ltr'>nostra</span> <span class='ocrx_word' id='word_1_382' title='bbox 1304 1804 1334 1834; x_wconf 90' lang='lat' dir='ltr'>in</span> <span class='ocrx_word' id='word_1_383' title='bbox 1359 1804 1426 1844; x_wconf 86' lang='lat' dir='ltr'>ipso</span> <span class='ocrx_word' id='word_1_384' title='bbox 1456 1804 1553 1834; x_wconf 86' lang='lat' dir='ltr'>etiam</span> <span class='ocrx_word' id='word_1_385' title='bbox 1581 1803 1788 1844; x_wconf 79' lang='lat' dir='ltr'>resplendeat</span> 
     </span>
     <span class='ocr_line' id='line_1_32' title="bbox 142 1854 1786 1896; baseline 0.001 -12"><span class='ocrx_word' id='word_1_386' title='bbox 142 1854 330 1894; x_wconf 70' lang='lat' dir='ltr'>liberalitas,</span> <span class='ocrx_word' id='word_1_387' title='bbox 357 1855 418 1885; x_wconf 90' lang='lat' dir='ltr'>duo</span> <span class='ocrx_word' id='word_1_388' title='bbox 442 1855 530 1885; x_wconf 87' lang='lat' dir='ltr'>milia</span> <span class='ocrx_word' id='word_1_389' title='bbox 555 1865 733 1885; x_wconf 82' lang='lat' dir='ltr'>marcarum</span> <span class='ocrx_word' id='word_1_390' title='bbox 758 1856 882 1896; x_wconf 80' lang='lat' dir='ltr'>argenti</span> <span class='ocrx_word' id='word_1_391' title='bbox 911 1855 1057 1885; x_wconf 81' lang='lat' dir='ltr'>similiter</span> <span class='ocrx_word' id='word_1_392' title='bbox 1085 1856 1154 1896; x_wconf 86' lang='lat' dir='ltr'>puri</span> <span class='ocrx_word' id='word_1_393' title='bbox 1180 1860 1211 1885; x_wconf 87' lang='lat' dir='ltr'>et</span> <span class='ocrx_word' id='word_1_394' title='bbox 1236 1856 1434 1885; x_wconf 58' lang='lat' dir='ltr'>examinati*</span> <span class='ocrx_word' id='word_1_395' title='bbox 1457 1855 1610 1885; x_wconf 60' lang='lat' dir='ltr'>duximus*</span> <span class='ocrx_word' id='word_1_396' title='bbox 1633 1860 1786 1893; x_wconf 71' lang='lat' dir='ltr'>largienda.</span> 
     </span>
     <span class='ocr_line' id='line_1_33' title="bbox 142 1909 1785 1944; baseline -0.001 -8"><span class='ocrx_word' id='word_1_397' title='bbox 142 1909 178 1936; x_wconf 79' lang='lat' dir='ltr'>Et</span> <span class='ocrx_word' id='word_1_398' title='bbox 200 1911 224 1936; x_wconf 84' lang='lat' dir='ltr'>si</span> <span class='ocrx_word' id='word_1_399' title='bbox 246 1920 297 1937; x_wconf 86' lang='lat' dir='ltr'>nos</span> <span class='ocrx_word' id='word_1_400' title='bbox 322 1911 363 1937; x_wconf 85' lang='lat' dir='ltr'>vel</span> <span class='ocrx_word' id='word_1_401' title='bbox 394 1920 566 1937; x_wconf 83' lang='lat' dir='ltr'>successores</span> <span class='ocrx_word' id='word_1_402' title='bbox 595 1912 706 1937; x_wconf 86' lang='lat' dir='ltr'>nostros</span> <span class='ocrx_word' id='word_1_403' title='bbox 735 1911 839 1937; x_wconf 84' lang='lat' dir='ltr'>dictam</span> <span class='ocrx_word' id='word_1_404' title='bbox 868 1913 971 1937; x_wconf 82' lang='lat' dir='ltr'>terrain</span> <span class='ocrx_word' id='word_1_405' title='bbox 996 1911 1082 1937; x_wconf 78' lang='lat' dir='ltr'>Frisie</span> <span class='ocrx_word' id='word_1_406' title='bbox 1107 1920 1123 1936; x_wconf 88' lang='lat' dir='ltr'>a</span> <span class='ocrx_word' id='word_1_407' title='bbox 1147 1911 1221 1937; x_wconf 88' lang='lat' dir='ltr'>dicto</span> <span class='ocrx_word' id='word_1_408' title='bbox 1252 1911 1355 1937; x_wconf 86' lang='lat' dir='ltr'>comite</span> <span class='ocrx_word' id='word_1_409' title='bbox 1384 1911 1535 1944; x_wconf 83' lang='lat' dir='ltr'>contigerit</span> <span class='ocrx_word' id='word_1_410' title='bbox 1563 1920 1681 1937; x_wconf 75' lang='lat' dir='ltr'>avocare</span> <span class='ocrx_word' id='word_1_411' title='bbox 1710 1911 1785 1944; x_wconf 80' lang='lat' dir='ltr'>prius</span> 
     </span>
     <span class='ocr_line' id='line_1_34' title="bbox 144 1962 1785 1996; baseline 0 -9"><span class='ocrx_word' id='word_1_412' title='bbox 144 1970 226 1994; x_wconf 85' lang='lat' dir='ltr'>quam</span> <span class='ocrx_word' id='word_1_413' title='bbox 250 1964 353 1988; x_wconf 87' lang='lat' dir='ltr'>terram</span> <span class='ocrx_word' id='word_1_414' title='bbox 377 1962 523 1994; x_wconf 83' lang='lat' dir='ltr'>restituat,</span> <span class='ocrx_word' id='word_1_415' title='bbox 552 1962 628 1988; x_wconf 88' lang='lat' dir='ltr'>dicta</span> <span class='ocrx_word' id='word_1_416' title='bbox 657 1968 713 1988; x_wconf 76' lang='lat' dir='ltr'>sex</span> <span class='ocrx_word' id='word_1_417' title='bbox 743 1962 821 1988; x_wconf 88' lang='lat' dir='ltr'>milia</span> <span class='ocrx_word' id='word_1_418' title='bbox 845 1971 1001 1988; x_wconf 84' lang='lat' dir='ltr'>marcarum</span> <span class='ocrx_word' id='word_1_419' title='bbox 1025 1971 1075 1996; x_wconf 83' lang='lat' dir='ltr'>per</span> <span class='ocrx_word' id='word_1_420' title='bbox 1098 1971 1148 1988; x_wconf 90' lang='lat' dir='ltr'>nos</span> <span class='ocrx_word' id='word_1_421' title='bbox 1172 1963 1216 1988; x_wconf 90' lang='lat' dir='ltr'>vel</span> <span class='ocrx_word' id='word_1_422' title='bbox 1240 1971 1412 1988; x_wconf 84' lang='lat' dir='ltr'>successores</span> <span class='ocrx_word' id='word_1_423' title='bbox 1435 1964 1546 1988; x_wconf 85' lang='lat' dir='ltr'>nostros</span> <span class='ocrx_word' id='word_1_424' title='bbox 1570 1962 1673 1988; x_wconf 89' lang='lat' dir='ltr'>debent</span> <span class='ocrx_word' id='word_1_425' title='bbox 1696 1962 1785 1988; x_wconf 84' lang='lat' dir='ltr'>eidem</span> 
     </span>
     <span class='ocr_line' id='line_1_35' title="bbox 144 2009 1785 2047; baseline -0.001 -9"><span class='ocrx_word' id='word_1_426' title='bbox 144 2013 238 2039; x_wconf 84' lang='lat' dir='ltr'>comiti</span> <span class='ocrx_word' id='word_1_427' title='bbox 261 2013 399 2047; x_wconf 84' lang='lat' dir='ltr'>assignari</span> <span class='ocrx_word' id='word_1_428' title='bbox 423 2015 451 2040; x_wconf 91' lang='lat' dir='ltr'>et</span> <span class='ocrx_word' id='word_1_429' title='bbox 475 2013 653 2047; x_wconf 83' lang='lat' dir='ltr'>integraliter</span> <span class='ocrx_word' id='word_1_430' title='bbox 676 2009 827 2047; x_wconf 52' lang='lat' dir='ltr'>persolvis*</span> <span class='ocrx_word' id='word_1_431' title='bbox 872 2014 903 2039; x_wconf 89' lang='lat' dir='ltr'>In</span> <span class='ocrx_word' id='word_1_432' title='bbox 928 2013 1126 2047; x_wconf 86' lang='lat' dir='ltr'>premissorum</span> <span class='ocrx_word' id='word_1_433' title='bbox 1150 2013 1274 2039; x_wconf 89' lang='lat' dir='ltr'>omnium</span> <span class='ocrx_word' id='word_1_434' title='bbox 1296 2013 1488 2039; x_wconf 83' lang='lat' dir='ltr'>testimonium</span> <span class='ocrx_word' id='word_1_435' title='bbox 1514 2015 1542 2039; x_wconf 90' lang='lat' dir='ltr'>et</span> <span class='ocrx_word' id='word_1_436' title='bbox 1565 2013 1649 2039; x_wconf 83' lang='lat' dir='ltr'>robur</span> <span class='ocrx_word' id='word_1_437' title='bbox 1672 2022 1785 2046; x_wconf 67' lang='lat' dir='ltr'>presens</span> 
     </span>
    </p>

    <p class='ocr_par' dir='ltr' id='par_1_11' title="bbox 103 2060 1402 2099">
     <span class='ocr_line' id='line_1_36' title="bbox 103 2060 1402 2099; baseline 0.001 -10"><span class='ocrx_word' id='word_1_438' title='bbox 103 2071 127 2090; x_wconf 75' lang='lat'>35</span> <span class='ocrx_word' id='word_1_439' title='bbox 145 2063 277 2098; x_wconf 86' lang='lat' dir='ltr'>scriptum</span> <span class='ocrx_word' id='word_1_440' title='bbox 302 2060 418 2091; x_wconf 74' lang='lat' dir='ltr'>exinde</span> <span class='ocrx_word' id='word_1_441' title='bbox 443 2065 580 2091; x_wconf 86' lang='lat' dir='ltr'>conscribi</span> <span class='ocrx_word' id='word_1_442' title='bbox 604 2068 633 2091; x_wconf 83' lang='lat' dir='ltr'>et</span> <span class='ocrx_word' id='word_1_443' title='bbox 655 2065 812 2092; x_wconf 84' lang='lat' dir='ltr'>maiestatis</span> <span class='ocrx_word' id='word_1_444' title='bbox 836 2067 932 2091; x_wconf 87' lang='lat' dir='ltr'>nostre</span> <span class='ocrx_word' id='word_1_445' title='bbox 957 2065 1049 2099; x_wconf 82' lang='lat' dir='ltr'>sigillo</span> <span class='ocrx_word' id='word_1_446' title='bbox 1074 2065 1204 2090; x_wconf 84' lang='lat' dir='ltr'>iussimus</span> <span class='ocrx_word' id='word_1_447' title='bbox 1229 2064 1402 2090; x_wconf 85' lang='lat' dir='ltr'>communiri.</span> 
     </span>
    </p>

    <p class='ocr_par' dir='ltr' id='par_1_12' title="bbox 139 2110 1784 2204">
     <span class='ocr_line' id='line_1_37' title="bbox 239 2110 1784 2150; baseline -0.001 -9"><span class='ocrx_word' id='word_1_448' title='bbox 239 2110 360 2141; x_wconf 87' lang='lat' dir='ltr'>Datum</span> <span class='ocrx_word' id='word_1_449' title='bbox 384 2112 414 2141; x_wconf 90' lang='lat' dir='ltr'>in</span> <span class='ocrx_word' id='word_1_450' title='bbox 432 2111 546 2149; x_wconf 78' lang='lat' dir='ltr'>Fulda,</span> <span class='ocrx_word' id='word_1_451' title='bbox 570 2112 646 2142; x_wconf 89' lang='lat' dir='ltr'>XII.</span> <span class='ocrx_word' id='word_1_452' title='bbox 664 2111 801 2142; x_wconf 84' lang='lat' dir='ltr'>Kalend.</span> <span class='ocrx_word' id='word_1_453' title='bbox 819 2111 998 2150; x_wconf 82' lang='lat' dir='ltr'>Februarii,</span> <span class='ocrx_word' id='word_1_454' title='bbox 1023 2111 1195 2141; x_wconf 80' lang='lat' dir='ltr'>indictione</span> <span class='ocrx_word' id='word_1_455' title='bbox 1221 2115 1344 2144; x_wconf 70' lang='lat' dir='ltr'>octava.</span> <span class='ocrx_word' id='word_1_456' title='bbox 1369 2121 1450 2140; x_wconf 88' lang='lat' dir='ltr'>anno</span> <span class='ocrx_word' id='word_1_457' title='bbox 1468 2110 1596 2140; x_wconf 90' lang='lat' dir='ltr'>Domini</span> <span class='ocrx_word' id='word_1_458' title='bbox 1615 2110 1784 2140; x_wconf 84' lang='lat' dir='ltr'>millesimo</span> 
     </span>
     <span class='ocr_line' id='line_1_38' title="bbox 139 2159 1300 2204; baseline 0.001 -13"><span class='ocrx_word' id='word_1_459' title='bbox 139 2159 353 2193; x_wconf 84' lang='lat' dir='ltr'>ducentesimo</span> <span class='ocrx_word' id='word_1_460' title='bbox 378 2164 584 2203; x_wconf 83' lang='lat' dir='ltr'>nonagesimo</span> <span class='ocrx_word' id='word_1_461' title='bbox 610 2164 729 2204; x_wconf 86' lang='lat' dir='ltr'>quinto.</span> <span class='ocrx_word' id='word_1_462' title='bbox 754 2164 843 2203; x_wconf 82' lang='lat' dir='ltr'>regni</span> <span class='ocrx_word' id='word_1_463' title='bbox 868 2173 943 2193; x_wconf 86' lang='lat' dir='ltr'>vero</span> <span class='ocrx_word' id='word_1_464' title='bbox 967 2163 1065 2193; x_wconf 78' lang='lat' dir='ltr'>nostri</span> <span class='ocrx_word' id='word_1_465' title='bbox 1089 2173 1171 2193; x_wconf 85' lang='lat' dir='ltr'>anno</span> <span class='ocrx_word' id='word_1_466' title='bbox 1197 2163 1300 2192; x_wconf 68' lang='lat' dir='ltr'>tertio.</span> 
     </span>
    </p>
   </div>
   <div class='ocr_carea' id='block_1_5' title="bbox 461 2288 1463 2322">
    <p class='ocr_par' dir='ltr' id='par_1_13' title="bbox 461 2288 1463 2322">
     <span class='ocr_line' id='line_1_39' title="bbox 461 2288 1463 2322; baseline -0.001 -2"><span class='ocrx_word' id='word_1_467' title='bbox 461 2289 536 2322; x_wconf 77' lang='lat'>537.</span> <span class='ocrx_word' id='word_1_468' title='bbox 572 2290 855 2321; x_wconf 79' lang='lat' dir='ltr'><em>MANDATUM</em></span> <span class='ocrx_word' id='word_1_469' title='bbox 873 2288 1182 2320; x_wconf 74' lang='lat' dir='ltr'><em>PRINCIPIBUS</em></span> <span class='ocrx_word' id='word_1_470' title='bbox 1206 2288 1463 2320; x_wconf 66' lang='lat' dir='ltr'>DJRECTI&#39;M.</span> 
     </span>
    </p>
   </div>
   <div class='ocr_carea' id='block_1_6' title="bbox 99 2347 1783 2439">
    <p class='ocr_par' dir='ltr' id='par_1_14' title="bbox 99 2347 1783 2439">
     <span class='ocr_line' id='line_1_40' title="bbox 239 2347 1783 2388; baseline -0.001 -9"><span class='ocrx_word' id='word_1_471' title='bbox 239 2349 383 2388; x_wconf 76' lang='lat' dir='ltr'>Siyillum</span> <span class='ocrx_word' id='word_1_472' title='bbox 410 2350 474 2387; x_wconf 79' lang='lat' dir='ltr'>fere</span> <span class='ocrx_word' id='word_1_473' title='bbox 500 2349 643 2380; x_wconf 72' lang='lat' dir='ltr'>illaesum</span> <span class='ocrx_word' id='word_1_474' title='bbox 666 2350 780 2388; x_wconf 68' lang='lat' dir='ltr'>pendet</span> <span class='ocrx_word' id='word_1_475' title='bbox 803 2349 867 2379; x_wconf 71' lang='lat' dir='ltr'>loro</span> <span class='ocrx_word' id='word_1_476' title='bbox 893 2349 1130 2379; x_wconf 64' lang='lat' dir='ltr'>menan-ammo.</span> <span class='ocrx_word' id='word_1_477' title='bbox 1183 2348 1215 2379; x_wconf 70' lang='grc' dir='ltr'>Γ,</span> <span class='ocrx_word' id='word_1_478' title='bbox 1241 2359 1340 2388; x_wconf 71' lang='lat' dir='ltr'>supra</span> <span class='ocrx_word' id='word_1_479' title='bbox 1369 2359 1416 2378; x_wconf 77' lang='lat' dir='ltr'>nr.</span> <span class='ocrx_word' id='word_1_480' title='bbox 1436 2350 1509 2379; x_wconf 64' lang='lat'>4311.</span> <span class='ocrx_word' id='word_1_481' title='bbox 1562 2347 1609 2385; x_wconf 78' lang='lat' dir='ltr'>Cf.</span> <span class='ocrx_word' id='word_1_482' title='bbox 1639 2348 1783 2378; x_wconf 62' lang='lat' dir='ltr'>Bolano:</span> 
     </span>
     <span class='ocr_line' id='line_1_41' title="bbox 99 2398 1682 2439; baseline -0.001 -8"><span class='ocrx_word' id='word_1_483' title='bbox 99 2413 125 2431; x_wconf 77' lang='lat'>40</span> <span class='ocrx_word' id='word_1_484' title='bbox 146 2398 218 2439; x_wconf 71' lang='lat' dir='ltr'>Rey.</span> <span class='ocrx_word' id='word_1_485' title='bbox 240 2400 302 2431; x_wconf 84' lang='lat' dir='ltr'>Ad.</span> <span class='ocrx_word' id='word_1_486' title='bbox 318 2402 390 2431; x_wconf 62' lang='lat'>243.</span> <span class='ocrx_word' id='word_1_487' title='bbox 1496 2399 1549 2437; x_wconf 82' lang='lat' dir='ltr'>(P.</span> <span class='ocrx_word' id='word_1_488' title='bbox 1575 2399 1682 2435; x_wconf 56' lang='lat' dir='ltr'>donst.)</span> 
     </span>
    </p>
   </div>
   <div class='ocr_carea' id='block_1_7' title="bbox 139 2477 1783 2667">
    <p class='ocr_par' dir='ltr' id='par_1_15' title="bbox 139 2477 1783 2607">
     <span class='ocr_line' id='line_1_42' title="bbox 239 2477 1783 2516; baseline -0.002 -8"><span class='ocrx_word' id='word_1_489' title='bbox 239 2477 377 2508; x_wconf 83' lang='lat' dir='ltr'>AdOlqu</span> <span class='ocrx_word' id='word_1_490' title='bbox 406 2482 458 2508; x_wconf 86' lang='lat' dir='ltr'>Dei</span> <span class='ocrx_word' id='word_1_491' title='bbox 485 2482 580 2516; x_wconf 83' lang='lat' dir='ltr'>gracia</span> <span class='ocrx_word' id='word_1_492' title='bbox 608 2482 795 2508; x_wconf 84' lang='lat' dir='ltr'>Romanorum</span> <span class='ocrx_word' id='word_1_493' title='bbox 828 2490 875 2508; x_wconf 83' lang='lat' dir='ltr'>rex</span> <span class='ocrx_word' id='word_1_494' title='bbox 904 2490 1012 2514; x_wconf 82' lang='lat' dir='ltr'>semper</span> <span class='ocrx_word' id='word_1_495' title='bbox 1041 2483 1176 2514; x_wconf 81' lang='lat' dir='ltr'>augustus</span> <span class='ocrx_word' id='word_1_496' title='bbox 1206 2480 1343 2506; x_wconf 77' lang='lat' dir='ltr'>universis</span> <span class='ocrx_word' id='word_1_497' title='bbox 1373 2480 1605 2513; x_wconf 73' lang='lat' dir='ltr'>archiepiscopis,</span> <span class='ocrx_word' id='word_1_498' title='bbox 1637 2479 1783 2513; x_wconf 78' lang='lat' dir='ltr'>episcopis.</span> 
     </span>
     <span class='ocr_line' id='line_1_43' title="bbox 139 2527 1782 2562; baseline -0.001 -8"><span class='ocrx_word' id='word_1_499' title='bbox 139 2527 259 2560; x_wconf 84' lang='lat' dir='ltr'>ducibus,</span> <span class='ocrx_word' id='word_1_500' title='bbox 278 2530 492 2562; x_wconf 83' lang='lat' dir='ltr'>marchionibus,</span> <span class='ocrx_word' id='word_1_501' title='bbox 512 2530 660 2556; x_wconf 85' lang='lat' dir='ltr'>comitibus</span> <span class='ocrx_word' id='word_1_502' title='bbox 679 2532 707 2556; x_wconf 88' lang='lat' dir='ltr'>et</span> <span class='ocrx_word' id='word_1_503' title='bbox 726 2530 867 2556; x_wconf 75' lang='lat' dir='ltr'>nobilibus</span> <span class='ocrx_word' id='word_1_504' title='bbox 887 2530 960 2556; x_wconf 80' lang='lat' dir='ltr'>circa</span> <span class='ocrx_word' id='word_1_505' title='bbox 981 2530 1097 2556; x_wconf 72' lang='lat' dir='ltr'>Frisium</span> <span class='ocrx_word' id='word_1_506' title='bbox 1113 2529 1347 2556; x_wconf 67' lang='lat' dir='ltr'>commorantibus</span> <span class='ocrx_word' id='word_1_507' title='bbox 1363 2530 1472 2555; x_wconf 70' lang='lat' dir='ltr'>dilectis</span> <span class='ocrx_word' id='word_1_508' title='bbox 1491 2529 1544 2554; x_wconf 87' lang='lat' dir='ltr'>sibi</span> <span class='ocrx_word' id='word_1_509' title='bbox 1563 2528 1687 2562; x_wconf 77' lang='lat' dir='ltr'>graciam</span> <span class='ocrx_word' id='word_1_510' title='bbox 1706 2537 1782 2553; x_wconf 70' lang='lat' dir='ltr'>suum</span> 
     </span>
     <span class='ocr_line' id='line_1_44' title="bbox 142 2581 394 2607; baseline 0.008 -2"><span class='ocrx_word' id='word_1_511' title='bbox 142 2581 169 2605; x_wconf 87' lang='lat' dir='ltr'>et</span> <span class='ocrx_word' id='word_1_512' title='bbox 189 2588 266 2607; x_wconf 85' lang='lat' dir='ltr'>omne</span> <span class='ocrx_word' id='word_1_513' title='bbox 284 2581 394 2607; x_wconf 86' lang='lat' dir='ltr'>bonum.</span> 
     </span>
    </p>

    <p class='ocr_par' dir='ltr' id='par_1_16' title="bbox 240 2629 1782 2667">
     <span class='ocr_line' id='line_1_45' title="bbox 240 2629 1782 2667; baseline -0.003 -9"><span class='ocrx_word' id='word_1_514' title='bbox 240 2632 279 2658; x_wconf 90' lang='lat' dir='ltr'>De</span> <span class='ocrx_word' id='word_1_515' title='bbox 299 2633 363 2659; x_wconf 81' lang='lat' dir='ltr'>fidei</span> <span class='ocrx_word' id='word_1_516' title='bbox 382 2633 519 2667; x_wconf 76' lang='lat' dir='ltr'>puritate.</span> <span class='ocrx_word' id='word_1_517' title='bbox 539 2642 592 2659; x_wconf 91' lang='lat' dir='ltr'>non</span> <span class='ocrx_word' id='word_1_518' title='bbox 612 2634 721 2660; x_wconf 84' lang='lat' dir='ltr'>modica</span> <span class='ocrx_word' id='word_1_519' title='bbox 741 2633 878 2659; x_wconf 82' lang='lat' dir='ltr'>industria</span> <span class='ocrx_word' id='word_1_520' title='bbox 897 2636 924 2659; x_wconf 86' lang='lat' dir='ltr'>et</span> <span class='ocrx_word' id='word_1_521' title='bbox 945 2633 1107 2659; x_wconf 84' lang='lat' dir='ltr'>constancia</span> <span class='ocrx_word' id='word_1_522' title='bbox 1129 2633 1288 2666; x_wconf 79' lang='lat' dir='ltr'>incorrupta</span> <span class='ocrx_word' id='word_1_523' title='bbox 1308 2632 1410 2657; x_wconf 76' lang='lat' dir='ltr'>nobilis</span> <span class='ocrx_word' id='word_1_524' title='bbox 1431 2631 1482 2656; x_wconf 76' lang='lat' dir='ltr'>viri</span> <span class='ocrx_word' id='word_1_525' title='bbox 1505 2630 1653 2663; x_wconf 61' lang='lat' dir='ltr'>Rcynaldi</span> <span class='ocrx_word' id='word_1_526' title='bbox 1674 2629 1782 2655; x_wconf 56' lang='lat' dir='ltr'>comitis</span> 
     </span>
    </p>
   </div>
   <div class='ocr_carea' id='block_1_8' title="bbox 98 2680 1782 2722">
    <p class='ocr_par' dir='ltr' id='par_1_17' title="bbox 98 2680 1782 2722">
     <span class='ocr_line' id='line_1_46' title="bbox 98 2680 1782 2722; baseline -0.001 -16"><span class='ocrx_word' id='word_1_527' title='bbox 98 2685 124 2704; x_wconf 82' lang='grc'>45</span> <span class='ocrx_word' id='word_1_528' title='bbox 144 2680 231 2708; x_wconf 88' lang='lat' dir='ltr'>Gelrie</span> <span class='ocrx_word' id='word_1_529' title='bbox 251 2681 477 2722; x_wconf 78' lang='lat' dir='ltr'>consanguinei</span> <span class='ocrx_word' id='word_1_530' title='bbox 501 2684 533 2712; x_wconf 79' lang='lat' dir='ltr'>et</span> <span class='ocrx_word' id='word_1_531' title='bbox 559 2685 646 2710; x_wconf 86' lang='lat' dir='ltr'>fidelis</span> <span class='ocrx_word' id='word_1_532' title='bbox 666 2684 752 2710; x_wconf 79' lang='lat' dir='ltr'>nostri</span> <span class='ocrx_word' id='word_1_533' title='bbox 778 2684 874 2710; x_wconf 85' lang='lat' dir='ltr'>dilecti</span> <span class='ocrx_word' id='word_1_534' title='bbox 898 2683 1030 2710; x_wconf 68' lang='lat' dir='ltr'>sincerius</span> <span class='ocrx_word' id='word_1_535' title='bbox 1050 2686 1075 2710; x_wconf 87' lang='lat' dir='ltr'>et</span> <span class='ocrx_word' id='word_1_536' title='bbox 1097 2684 1205 2717; x_wconf 68' lang='lat' dir='ltr'>plenius</span> <span class='ocrx_word' id='word_1_537' title='bbox 1225 2684 1391 2709; x_wconf 77' lang='lat' dir='ltr'>confidentes</span> <span class='ocrx_word' id='word_1_538' title='bbox 1410 2682 1462 2707; x_wconf 68' lang='lat' dir='ltr'>sibi</span> <span class='ocrx_word' id='word_1_539' title='bbox 1487 2684 1575 2707; x_wconf 76' lang='lat' dir='ltr'>totam</span> <span class='ocrx_word' id='word_1_540' title='bbox 1595 2680 1710 2705; x_wconf 48' lang='lat' dir='ltr'>Frisium</span> <span class='ocrx_word' id='word_1_541' title='bbox 1730 2689 1782 2712; x_wconf 74' lang='lat' dir='ltr'>que</span> 
     </span>
    </p>
   </div>
   <div class='ocr_carea' id='block_1_9' title="bbox 242 2760 507 2793">
    <p class='ocr_par' dir='ltr' id='par_1_18' title="bbox 242 2760 507 2793">
     <span class='ocr_line' id='line_1_47' title="bbox 242 2760 507 2793; baseline 0.011 -9"><span class='ocrx_word' id='word_1_542' title='bbox 242 2760 267 2792; x_wconf 92' lang='grc'>1)</span> <span class='ocrx_word' id='word_1_543' title='bbox 288 2760 379 2793; x_wconf 74' lang='lat' dir='ltr'>Supra</span> <span class='ocrx_word' id='word_1_544' title='bbox 397 2769 437 2787; x_wconf 70' lang='lat' dir='ltr'>vr.</span> <span class='ocrx_word' id='word_1_545' title='bbox 453 2764 507 2787; x_wconf 67' lang='lat'>435.</span> 
     </span>
    </p>
   </div>
  </div>
 </body>
</html>
