2259 3116
415 168 476 195 540
730 162 860 188 ADOLFI
881 161 985 187 REGIS
1005 161 1329 188 CONSTITUTIONES.
1369 161 1441 186 1207.
1480 159 1599 185 N1·.576.
1620 159 1677 185 577.
1697 160 1754 185 578.

416 250 572 291 prelibata
600 249 765 288 dissensio,
791 258 890 289 seque
914 258 1011 288 super
1033 247 1094 278 hiis
1118 246 1310 278 informandi
1334 246 1506 277 summarie
1532 248 1564 276 et
1588 245 1628 276 de
1645 245 1752 286 plano,
1777 250 1809 276 et
1833 246 1859 276 si
1883 256 1946 286 qua
1961 246 2069 277 taliter

415 313 472 342 per
496 312 552 331 nos
576 304 631 331 aut
655 300 902 341 predecessores
926 302 1051 330 nostros
1075 299 1240 329 inveniunt
1263 298 1370 329 taliter
1394 300 1566 338 occupata,
1591 296 1632 327 ad
1661 300 1779 327 statum
1804 296 1948 328 debitum
1972 297 2066 328 redu-

415 353 508 384 cendi
526 363 563 383 ac
581 351 777 389 declarandi,
802 350 1016 391 componendi
1033 353 1066 381 et
1089 349 1257 381 ordinandi
1281 349 1322 380 de
1346 349 1411 379 alto
1437 352 1469 379 et
1492 348 1587 379 basso
1612 358 1709 389 super
1731 348 1802 388 hiis,
1827 349 1909 379 sicut
1926 349 2066 389 equitate

415 404 572 435 suadente
605 403 741 434 viderint
771 402 940 443 expedire,
973 412 1009 432 ac
1040 402 1199 442 questioni
1229 404 1261 432 et
1285 401 1472 432 dissensioni
1497 400 1650 441 predictis
1673 401 1769 431 finem
1793 403 1985 441 perpetuum
2008 401 2066 432 im-

415 455 555 497 ponendi
585 465 622 485 ac
647 454 786 485 faciendi
810 454 917 484 omnia
942 457 974 484 et
998 453 1137 494 singula,
1170 463 1231 493 que
1256 453 1340 483 circa
1363 453 1520 493 premissa
1543 451 1661 482 fuerint
1685 455 1857 493 oportuna,
1885 452 2013 493 plenam
2038 455 2069 483 et

415 508 549 538 liberam
574 506 770 547 presentium
796 509 907 536 tenore
932 505 1160 535 committimus
1184 507 1388 545 potestatem.
1424 503 1656 534 Promittentes
1678 514 1736 534 nos
1759 506 1864 534 ratum
1889 507 1920 534 et
1943 506 2068 544 gratum

414 559 536 589 habere
569 569 606 588 ac
637 561 746 588 tenere
776 560 808 587 et
836 557 1014 597 adimplere
1043 556 1177 586 firmiter
1205 559 1238 586 et
1265 555 1493 586 inviolabiliter
1522 555 1710 594 observare,
1744 555 1895 596 quicquid
1928 565 1987 595 per
2015 565 2069 586 eos

415 610 549 649 factum,
579 609 759 640 ordinatum
784 609 836 639 vel
861 608 1027 639 decretum
1052 607 1148 640 fuerit
1171 608 1202 638 in
1226 608 1398 648 premissis.
1489 607 1535 647 (3)
1561 606 1656 642 Quod
1684 607 1709 637 si
1733 606 1842 637 forsan
1869 607 2006 637 alterum
2030 606 2068 637 de

416 662 532 693 comite
558 661 666 691 Sancti
690 660 784 691 Pauli
809 663 841 690 et
865 659 1044 690 Godefrido
1069 659 1202 700 prefatis
1226 662 1360 700 propter
1383 658 1527 699 aliquod,
1553 659 1578 688 si
1602 659 1838 699 superveniret,
1871 658 2069 689 obstaculum

416 712 596 744 huiusmodi
618 711 834 753 prosecutioni
859 715 891 741 et
915 711 1069 742 decisioni
1092 711 1218 751 negocii
1243 720 1357 740 vacare
1375 720 1437 740 non
1462 720 1557 750 posse
1574 710 1785 750 contingeret,
1810 709 1918 749 alium,
1943 709 1982 740 de
2008 720 2068 751 quo

415 764 507 795 nobis
532 763 686 804 expedire
712 762 872 793 videbitur
901 762 971 792 loco
1002 763 1083 799 cius,
1115 772 1210 803 quem
1235 762 1343 792 taliter
1366 761 1516 802 impediri
1540 762 1723 802 contigerit,
1754 761 1935 792 curabimus
1958 761 2068 792 subro-

416 826 503 857 gare.
594 815 629 845 In
659 815 748 844 cuius
772 814 819 844 rei
843 814 1062 844 testimonium
1086 813 1291 854 presentibus
1314 814 1429 843 litteris
1452 816 1596 843 nostrum
1620 813 1755 844 fecimus
1779 813 1897 854 apponi
1921 812 2068 854 sigillum.

524 875 642 905 Actum
667 875 698 905 in
723 874 890 904 obsidione
916 874 1035 913 Insulc,
1061 873 1112 904 die
1137 873 1315 914 penultima
1339 873 1421 907 Iulii,
1446 884 1528 904 anno
1552 873 1681 904 Domini
1705 872 2032 904 MCCLXXXXVII.

490 1012 566 1043 577.
601 1012 840 1042 LITTERAE
866 1010 1048 1042 ADOLFJ
1075 1010 1219 1041 REGIS
1247 1010 1414 1042 COMITI
1438 1010 1722 1043 FLANDRIAE
1748 1010 1999 1042 DIRECTAE.

1166 1063 1248 1102 Aug).
1274 1063 1324 1093 31.

526 1124 708 1163 prctinms
739 1124 904 1155 editionem
938 1126 1078 1154 noso-mn
1115 1123 1228 1154 ‘Neues
1262 1122 1390 1154 Archiv*
1424 1123 1498 1161 XX,
1522 1124 1585 1152 430
1620 1133 1658 1153 ea:
1694 1122 1888 1162 autographo
1919 1122 2071 1153 tabularii

418 1175 595 1207 [usulensis
618 1176 659 1206 B.
681 1177 743 1205 408
766 1186 814 1206 nr.
829 1175 914 1205 3986
931 1178 1093 1215 paratam.
1143 1174 1184 1205 In
1204 1184 1289 1205 verso
1313 1174 1515 1205 inscribitur:
1546 1173 1723 1215 Spectabili
1746 1174 1813 1205 viro
1836 1173 1938 1205 Gwid.
1964 1174 2070 1204 comiti

418 1226 570 1258 Flandrie
596 1227 682 1257 fideli
706 1230 813 1257 nostro
838 1226 1017 1256 karissimo.
1065 1225 1211 1265 Sigsz'llum
1235 1226 1325 1257 dorso
1342 1226 1528 1265 impressum
1543 1236 1629 1256 mmo
1645 1225 1736 1256 deest.
1761 1243 1802 1247 ——
1825 1225 1971 1262 Bfflmaer,
1995 1224 2068 1264 Rey.

418 1279 479 1310 Ad.
503 1280 576 1310 3114.
1779 1276 1832 1316 (Ρ.
1856 1276 1964 1314 deest.)

526 1363 664 1393 Adolfus
693 1363 753 1394 Dei
784 1364 891 1404 gracia
924 1363 1144 1393 Romanorum
1180 1373 1238 1393 rex
1273 1373 1402 1404 semper
1436 1366 1592 1404 augustus
1627 1362 1796 1403 spectabili
1831 1363 1897 1392 viro
1923 1361 2068 1393 Gwidoni

419 1415 525 1445 comiti
550 1414 699 1445 Flandric
724 1415 812 1445 fideli
836 1425 892 1444 suo
918 1414 1086 1444 karissimo
1112 1415 1253 1454 graciam
1279 1425 1368 1444 suam
1394 1417 1426 1445 et
1450 1425 1544 1445 omne
1568 1415 1696 1445 bonum.

526 1466 666 1496 Litteras
683 1466 874 1496 sinceritatis
898 1468 951 1495 tue
969 1469 1076 1496 nostro
1095 1465 1223 1496 culmini
1241 1466 1365 1496 noviter
1389 1465 1565 1496 destinatas
1582 1466 1675 1495 solita
1700 1465 1870 1496 affectione
1892 1465 2068 1505 recepimus

420 1522 451 1548 ot
477 1521 625 1548 contenta
652 1518 680 1547 in
707 1518 752 1548 eis
777 1518 871 1558 pleno
897 1518 1101 1558 concepimus
1118 1517 1293 1548 intellectu.
1331 1517 1414 1547 Sane
1440 1518 1520 1547 scire
1546 1518 1576 1547 te
1601 1517 1758 1556 volumus⁷
1783 1516 1869 1557 quod
1892 1527 1987 1557 super
2010 1517 2069 1547 tuis

420 1569 661 1599 turbacionibus
693 1580 753 1599 non
787 1569 890 1599 minus
922 1569 1093 1609 afficimur,
1130 1579 1225 1610 quam
1260 1569 1299 1599 de
1330 1570 1454 1599 nostris.
1501 1568 1596 1599 Unde
1626 1569 1702 1599 licet
1730 1568 1864 1599 rebellio
1893 1568 2068 1608 aliquorum

420 1622 643 1661 precipuorum
670 1621 794 1661 imperii
820 1621 998 1660 principum
1028 1624 1060 1651 et
1082 1621 1341 1651 machinaciones
1372 1631 1482 1651 eorum
1506 1630 1675 1661 perverse,
1707 1619 1821 1660 quibus
1846 1620 1976 1650 crimine
2004 1620 2069 1650 lese

419 1672 596 1702 maiestatis
621 1684 654 1702 se
680 1672 824 1712 polluere
849 1683 911 1701 11011
942 1671 1128 1709 formidant,
1160 1672 1328 1702 desideriis
1352 1673 1467 1702 nostris
1496 1672 1553 1702 tibi
1578 1672 1727 1702 celeriter
1752 1671 1938 1702 occurrendi
1963 1675 2069 1702 contra

419 1733 528 1763 regem
559 1723 693 1753 Fraucie
730 1723 884 1753 hactenus
920 1722 1102 1753 obstiterint
1138 1727 1170 1753 et
1197 1723 1301 1753 adhuc
1330 1733 1392 1753 non
1424 1722 1631 1753 mediocriter
1658 1723 1837 1764 impediant
1866 1726 1972 1753 nostre
1997 1733 2068 1763 pro-

420 1774 557 1814 positum
592 1774 779 1813 voluntatis,
816 1774 900 1814 quod
933 1774 1062 1814 quidem
1091 1774 1149 1804 sub
1180 1774 1297 1805 fiducia
1324 1774 1488 1804 fidelitatis
1513 1774 1569 1804 tibi
1594 1775 1795 1815 presencium
1821 1775 1903 1805 serie
1927 1774 2068 1805 declara-

420 1836 500 1863 mus,
589 1825 807 1855 indubitanter
832 1831 939 1856 tamen
964 1829 1073 1855 teneat
1097 1829 1151 1855 tua
1176 1825 1303 1863 fiducia,
1329 1826 1415 1866 quod
1439 1825 1561 1866 absque
1585 1837 1674 1856 more
1698 1826 1841 1867 periculo
1866 1836 1937 1856 cum
1954 1825 2070 1856 viribus

419 1880 630 1916 armatorum,
664 1888 758 1917 quam
790 1877 940 1908 admittet
964 1878 1121 1918 presentis
1145 1878 1346 1907 necessitatis
1369 1878 1542 1918 instancia,
1575 1877 1751 1908 debeamus
1776 1877 2012 1908 consolabiliter
2040 1880 2069 1907 te

421 1927 540 1961 videre,
567 1929 654 1958 iuxta
681 1929 765 1968 quod
791 1928 905 1959 nobilis
930 1929 977 1958 vir
1000 1928 1160 1959 Iohannes·
1185 1929 1224 1959 de
1242 1929 1337 1969 Kvig,
1363 1929 1465 1959 affinis
1489 1932 1596 1959 noster
1614 1929 1759 1967 dilectus,
1782 1929 1882 1959 lacius
1907 1932 1938 1958 te
1955 1928 2070 1970 poterit

421 1979 590 2019 expedire,
621 1980 670 2009 cui
700 1983 817 2010 statum
847 1980 1074 2020 premissorum
1107 1984 1139 2010 ct
1163 1980 1280 2011 exinde
1305 1984 1445 2011 nostram
1475 1981 1602 2021 penitus
1626 1981 1842 2021 expressimus
1866 1980 2068 2011 voluntatem.

420 2030 515 2060 quta
537 2031 596 2060 hoc
614 2031 771 2071 siquidem
788 2032 944 2071 volumus,
970 2031 1055 2072 quod
1073 2032 1216 2072 spiritum
1235 2032 1466 2062 consolacionis
1484 2037 1515 2063 et
1531 2033 1672 2062 animum
1691 2032 1883 2062 fortitudinis
1900 2041 2069 2069 assumens,

422 2082 542 2112 amicos
567 2086 636 2111 tuos
666 2086 697 2112 et
721 2083 865 2112 subditos
894 2083 1015 2113 debeas
1039 2083 1232 2114 fiducialiter
1255 2083 1426 2118 consolari,
1455 2084 1590 2114 sciturus
1615 2084 1806 2123 certissime,
1836 2083 1921 2124 quod
1946 2084 1971 2113 si
1994 2093 2070 2124 quos

423 2144 491 2162 1-11111
520 2133 664 2173 predicto
690 2145 766 2174 rege
783 2134 918 2164 Francie
937 2135 1107 2175 contigerit
1124 2135 1237 2165 haberi
1260 2135 1371 2165 finales
1389 2138 1553 2166 tractatus.
1579 2135 1636 2165 tibi
1654 2146 1711 2176 per
1736 2135 1860 2165 ornuia⁸
1879 2134 2069 2173 cavebimus,

423 2191 575 2224 quantum
607 2185 757 2225 possibile
789 2186 879 2215 uobis
911 2187 998 2216 erita.
1045 2186 1094 2216 Dc
1125 2186 1265 2216 adventu
1295 2187 1395 2216 eciam
1424 2186 1554 2217 illustris
1577 2186 1756 2226 Ed(wardi)
1787 2187 1872 2228 regis
1895 2186 2068 2227 Anglorum

422 2246 524 2275 nuper
548 2236 638 2265 nobis
663 2236 790 2267 fuerunt
814 2237 921 2277 aliqua
946 2238 1101 2268 intimata.
1127 2238 1214 2267 cuius
1238 2248 1350 2268 revera
1376 2238 1568 2268 adiutorium
1594 2242 1659 2268 tani
1683 2238 1774 2268 nobis
1799 2249 1894 2279 quam
1918 2237 1975 2268 tibi
2003 2247 2069 2267 cre-

423 2286 554 2317 deretur
578 2288 746 2327 plurimum
766 2292 990 2328 opportunum.
1027 2289 1087 2323 Qui
1106 2289 1171 2318 sive
1189 2289 1305 2321 veniat.
1331 2289 1415 2329 quod
1433 2289 1566 2319 inultum
1584 2290 1699 2320 nostris
1724 2289 1890 2320 desideriis
1907 2289 2070 2324 arrideret,

423 2339 489 2368 six-e
515 2349 590 2372 11011,
617 2339 722 2378 1111011“’
747 2340 823 2369 satis
848 2345 931 2369 essct
957 2340 1147 2369 contrarium
1174 2341 1254 2370 votis
1279 2341 1407 2376 uostris,
1433 2340 1472 2370 (10
1497 2340 1654 2371 adiutorio
1680 2345 1787 2371 tamen
1811 2347 1918 2372 nostro
1943 2341 2069 2372 certitu-

423 2389 530 2419 dinem
557 2390 772 2420 omnimodam
798 2390 943 2420 volumus
969 2396 998 2421 te
1023 2390 1153 2421 habere.

535 2449 606 2479 Dat.
633 2450 661 2479 iu
688 2449 840 2481 Slctstud.
866 2450 907 2480 11.
926 2450 996 2481 Kal.
1023 2451 1215 2490 Septenilun,
1242 2452 1329 2491 regui
1355 2452 1452 2481 nostri
1477 2463 1558 2482 :inno
1583 2457 1684 2484 sexto.

561 2576 636 2607 578.
677 2577 887 2607 m'mvfl'lo
915 2577 1227 2608 [NJM'TIAIflffll
1248 2578 1340 2608 I’El:
1366 2579 1541 2609 REGEM
1559 2580 1781 2612 ANGLIAE.
1832 2580 1894 2611 Oct.
1912 2582 1940 2610 1).

540 2637 718 2675 ltqtelimus
746 2637 908 2667 sditionem
936 2641 1075 2668 mmlram
1105 2638 1216 2668 ‘er's
1246 2639 1372 2669 Archiv*
1401 2639 1529 2676 XXIX,
1551 2642 1611 2670 ‚531
1636 2643 1787 2679 paratam
1815 2652 1852 2671 111
1880 2638 2068 2679 autoyrapho

429 2687 582 2718 {alodarii
607 2688 753 2718 Paris-ini
780 2689 907 2719 ‘sturton
932 2689 964 2718 Ji
983 2690 1052 2719 61:23·
1078 2700 1124 2719 nr.
1142 2692 1192 2720 24.
1246 2690 1361 2720 Pendet
1391 2691 1526 2729 siffllum
1558 2693 1661 2722 maius
1690 2691 1805 2722 laesum
1835 2691 1898 2722 loro
1925 2689 2068 2721 membra-

529 2782 592 2807 ν’)ἷῗ.
613 2788 635 2803 ³1
657 2785 769 2807 ;ι-1Ἰ“ἰί
790 2784 814 2806 ιἰι
835 2791 927 2806 susm-11
949 2794 984 2808 or.
1074 2784 1096 2809 ¹*i
1117 2794 1195 2815 supra
1217 2786 1308 2809 [suctim
1330 2786 1390 2810 add.
1411 2796 1447 2810 or.

2090 719 2112 737 1⁰

2088 1065 2111 1083 15

2087 1371 2111 1390 20

2088 1631 2111 1650 25

2088 1887 2111 1905 ³0

2088 2142 2110 2160 ³5

2087 2398 2110 2415 40

2084 2785 2107 2804 ⁴5
