2259 3164
536 139 665 165 Δ»100111
686 139 790 165 REGIS
809 140 1132 168 CONSTITUTIONES.
1172 144 1245 168 1297.
1283 144 1329 170 Ns.
1341 144 1397 169 581.
1419 145 1475 171 ‚as—2,
1765 148 1825 177 543

663 380 1246 436 PROSCRIPTION
1269 385 1341 437 [S.

868 475 974 510 10297.
1009 477 1087 510 Iun.
1115 477 1143 511 1.

285 573 501 612 Autoyraplm,
525 584 605 611 quae
628 574 661 603 ¹in
678 573 857 604 bibliotheca
874 573 1052 605 Parisiensi
1073 575 1215 605 ‘Cleartes
1232 576 1267 606 dc
1287 576 1413 607 C'olberl'
1437 588 1484 608 ην.
1504 580 1564 608 514
1589 582 1616 609 ct
1640 582 1700 609 2315
1725 590 1825 611 asser-

149 635 159 653 5
178 627 302 662 vantur,
328 625 390 655 iam
406 624 476 655 olim
500 625 664 664 descripsit
686 625 789 656 waitz
812 625 866 664 (=
889 625 1111 657 Winlmlmann
1134 626 1225 657 ’Λεία
1251 628 1372 666 imperii
1398 629 1523 660 incdifa'
1549 630 1596 662 IIv
1616 632 1677 660 173
1700 642 1748 662 m:
1766 633 1825 661 2²4?

178 678 205 706 et
228 677 289 706 174
314 676 463 715 m·.243).
510 675 622 707 Denuo
647 675 777 707 (eontulit
802 677 848 706 rii·
872 676 899 706 d.
925 678 965 707 A.
985 677 1100 708 I'idier.

808 786 884 818 581.
920 788 1194 819 SENTENTIA.

286 846 403 877 Pendet
418 847 555 886 se'yillmn
571 847 688 878 laesum
706 847 769 878 loro
786 848 1026 879 mmbrmzcceeo.
1045 866 1085 870 —-
1102 849 1246 886 Biilimer,
1265 850 1337 889 Rea.
1356 850 1416 880 Aa.
1430 852 1501 880 347.
1561 851 1614 889 (Γ.
1633 852 1738 885 (Inest.)

285 923 351 955 Nos
374 923 511 955 Adolfus
534 924 595 955 Dei
625 925 727 965 gratia
752 925 970 956 Romanorum
1002 936 1058 955 rex
1090 936 1217 966 semper
1246 930 1398 967 augustus
1429 927 1469 956 ad
1498 929 1716 958 universorum
1745 930 1824 959 sacri

137 987 160 1005 10
178 974 316 1006 Romani
334 975 461 1019 imperii
482 975 624 1006 fidelium
641 977 792 1007 noticiam
809 977 953 1007 volumus
970 978 1148 1017 pervenire,
1167 977 1252 1018 quod
1270 988 1351 1008 anno
1369 977 1498 1008 Domini
1512 977 1599 1008 MCC
1617 979 1824 1020 nonagesimo

178 1027 323 1067 septimo,
347 1027 437 1068 regni
462 1038 537 1058 vero
561 1029 659 1057 nostri
684 1038 766 1058 anno
790 1031 897 1067 sexto,
922 1028 1099 1058 indiccione
1125 1028 1264 1066 decima,
1290 1029 1361 1059 Kal.
1386 1029 1481 1067 Iunii⁷
1507 1031 1694 1060 constitutus
1719 1041 1825 1061 coram

177 1078 267 1109 nobis
281 1078 413 1109 Colonie
431 1080 462 1109 in
478 1079 594 1109 iudicio
613 1079 848 1119 presidentibus
865 1080 895 1110 in
913 1079 1008 1110 domo
1026 1081 1179 1121 prepositi
1197 1080 1314 1111 Sancte
1328 1080 1428 1110 Mario
1446 1080 1486 1110 ad
1501 1080 1626 1110 Gradus
1643 1083 1826 1121 spectabilis

177 1131 223 1160 vir
247 1129 351 1160 Guido
377 1140 484 1160 comes
508 1130 657 1160 Flandrie
682 1131 824 1161 marchio
848 1131 1074 1161 Namurcensis
1103 1132 1229 1172 petivit,
1260 1136 1293 1162 ut
1322 1135 1450 1172 recepta
1482 1132 1632 1162 caucione
1657 1132 1824 1163 sufficienti

178 1181 217 1211 de
243 1181 384 1221 parendo
409 1182 468 1211 iuri
492 1182 523 1211 in
548 1192 657 1221 causa,
683 1193 778 1222 quam
803 1186 911 1212 movet
935 1182 1041 1213 eidem
1066 1183 1250 1223 spectabilis
1274 1184 1320 1213 vir
1346 1208 1350 1213 .
1371 1208 1375 1213 .
1402 1193 1509 1213 comes
1533 1182 1697 1217 Hanonic.
1723 1185 1824 1224 ipsum

137 1243 159 1262 15
178 1244 196 1263 a
219 1234 383 1263 sentencia
407 1233 661 1274 proscripcionis,
686 1244 747 1274 qua
771 1234 801 1264 in
827 1234 942 1264 eadem
971 1245 1066 1265 causa
1090 1234 1260 1265 innodatus
1282 1235 1387 1265 extitit
1398 1235 1418 1273 ῑ,
1443 1234 1609 1265 absolvere
1633 1245 1823 1266 curaremus.

178 1284 244 1315 Nos
268 1285 380 1325 igitur,
409 1284 679 1325 quemadmodum
706 1285 848 1315 decrevit
872 1286 1048 1316 communis
1072 1287 1230 1316 sententia
1255 1286 1433 1326 principum
1457 1290 1646 1326 nostrorum,
1671 1286 1825 1316 nobilium

178 1346 303 1376 quoque
339 1339 371 1366 et
404 1336 600 1377 sapientum,
633 1337 685 1377 qui
715 1339 788 1367 tunc
817 1337 914 1367 nostri
945 1337 1052 1367 iudicii
1080 1338 1266 1367 consistorio
1296 1338 1479 1374 astiterunt.
1512 1340 1643 1377 recepta
1673 1338 1825 1368 caucionc

177 1387 357 1418 huiusmodi
381 1386 580 1418 fideiussoria
604 1388 644 1418 ab
670 1388 795 1423 eodem.
820 1388 923 1428 ipsum
948 1399 966 1418 a
990 1388 1135 1429 predicta
1160 1389 1403 1429 proscripeionis
1428 1387 1607 1430 sente[n]tia
1633 1389 1825 1419 absolvimus

179 1442 210 1470 et
233 1439 461 1470 sentcneiando
492 1440 771 1479 pronunciavimus
801 1439 998 1479 absolutum,
1034 1439 1156 1470 litteras
1185 1440 1429 1480 proscripcionis
1453 1450 1684 1479 quascumque,
1721 1450 1782 1480 quc
1807 1451 1823 1470 0

138 1502 161 1521 20
179 1491 279 1522 felicis
308 1490 544 1521 recordacionis
579 1501 655 1531 rege
684 1490 824 1521 Rudolfo
855 1494 1058 1521 antecessore
1088 1494 1195 1521 nostro
1221 1491 1271 1521 vel
1295 1502 1313 1521 a
1338 1491 1429 1521 nobis
1453 1501 1548 1531 super
1571 1492 1726 1530 premissa
1751 1502 1824 1531 pro-

178 1543 353 1583 seripcione
384 1542 499 1572 tradite
529 1543 727 1582 aparuerint.
759 1545 920 1572 cassantes
950 1546 982 1572 et
1011 1553 1117 1572 cassas
1147 1545 1179 1572 et
1207 1543 1310 1572 irritas
1340 1542 1559 1572 decernentes.
1618 1541 1824 1572 Presencium

178 1594 359 1625 testimonio
384 1593 561 1624 litterarum
585 1596 693 1624 nostre
718 1594 895 1624 maiestatis
919 1594 1013 1634 sigilli
1038 1595 1234 1634 appensione
1260 1597 1293 1624 ct
1316 1594 1430 1624 robore
1455 1594 1657 1623 munitarum.

284 1645 403 1676 Datum
429 1644 572 1683 Colonie‚
597 1655 678 1675 anno
705 1648 737 1675 et
760 1644 812 1674 die
837 1646 982 1685 superius
1006 1646 1175 1675 annotatis.

722 1754 798 1786 582.
839 1756 1023 1787 CITATIO
1047 1756 1274 1787 PARTIUM.

137 1826 159 1845 2⁵
284 1815 402 1846 Pendet
418 1816 554 1855 sigillum
571 1816 690 1846 laesum
708 1815 771 1846 Zoro
787 1816 1026 1847 membr-(macco.
1046 1834 1086 1838 —-
1103 1816 1247 1850 Bohmer,
1265 1815 1338 1854 [ίῳ.
1357 1815 1419 1846 Ad.
1432 1815 1504 1844 348.
1559 1813 1612 1853 (Ρ,
1630 1813 1736 1850 deest.)

283 1892 350 1923 Nos
373 1892 510 1923 Adolfus
536 1892 599 1923 Dei
623 1894 726 1933 gratia
750 1892 967 1923 Romanorum
999 1904 1056 1923 rex
1086 1903 1213 1933 semper
1243 1896 1396 1932 augustus
1425 1891 1466 1922 ad
1495 1892 1713 1921 universorum
1744 1891 1825 1920 sacri

176 1942 313 1974 Romani
329 1945 455 1985 imperii
471 1944 615 1974 fidelium
632 1944 781 1974 noticiam
798 1944 943 1974 volumus
961 1944 1138 1984 pervenire,
1161 1944 1246 1984 quod
1263 1954 1319 1974 nos
1336 1954 1418 1973 anno
1435 1942 1564 1973 Domini
1576 1941 1665 1972 MCC
1682 1951 1823 1981 nonage—

177 1995 254 2025 simo
279 1996 426 2036 septimo⁷
451 1996 542 2036 regni
557 2006 632 2025 vero
649 1996 748 2025 nostri
768 2006 849 2025 anno
868 1998 970 2035 sexto,
995 1995 1171 2025 indiccione
1190 1994 1325 2033 (10011110,
1350 1994 1421 2024 Kal.
1440 1994 1532 2031 Iunii,
1558 1992 1689 2023 Colonie
1707 1992 1823 2022 iudicio

177 2046 376 2086 presidentes
396 2048 428 2077 in
452 2047 546 2077 (101110
566 2072 571 2077 .
586 2071 592 2077 .
610 2046 765 2087 prepositi
782 2046 898 2077 Sancte
916 2046 1016 2077 Mario
1041 2046 1082 2076 ad
1100 2045 1236 2081 Gradus,
1261 2046 1439 2086 principum
1456 2048 1645 2083 nostrorum,
1670 2043 1823 2074 nobilium

135 2113 159 2132 30
178 2107 303 2138 quoque
329 2102 361 2129 et
384 2099 574 2139 sapientum,
599 2099 653 2138 qui
676 2101 749 2128 tunc
773 2098 871 2128 nostri
896 2098 1004 2128 iudicii
1029 2098 1215 2128 consistorio
1233 2097 1411 2132 astiterunt.
1437 2096 1595 2126 communi
1621 2099 1652 2125 et
1676 2094 1823 2125 concordi

178 2147 316 2179 dictante
340 2150 503 2180 sentencia
528 2149 739 2190 spectabilem
764 2149 865 2179 virum
890 2148 1071 2179 Guidonem
1097 2149 1246 2179 comitem
1271 2147 1420 2178 Flandrie
1445 2147 1661 2177 marchionem
1686 2146 1821 2176 Namur—

177 2209 318 2240 oensem,
344 2211 362 2231 a
385 2201 548 2231 sentencia
573 2201 830 2241 proscripcionis,
856 2211 918 2241 qua
942 2199 1112 2230 innodatus
1136 2200 1243 2230 extitit
1266 2200 1297 2229 in
1321 2209 1431 2236 causa,
1463 2209 1557 2239 quam
1586 2200 1693 2228 movet
1718 2197 1822 2227 eidem

176 2251 359 2291 spectabilis
388 2253 436 2282 vir
466 2252 625 2282 Iohannes
658 2262 766 2283 comes
794 2251 959 2289 Hauonie.
995 2251 1190 2282 absolvimus
1223 2254 1254 2281 et
1286 2249 1513 2281 sentenciando
1545 2249 1821 2289 pronunciavimus

175 2301 365 2342 absolutum,
390 2303 502 2334 feriam
528 2307 674 2344 quartam
698 2304 878 2344 proximam
903 2306 977 2333 ante
1003 2303 1118 2333 festum
1140 2303 1235 2333 beate
1253 2302 1354 2333 Mai-ie
1371 2301 1564 2342 Magdalene
1589 2310 1695 2330 coram
1720 2299 1820 2337 nobis,
1861 2314 1888 2326 η,
1914 2310 1931 2327 τ.

135 2369 158 2388 35
176 2352 366 2394 ubicumque
391 2354 544 2385 fuerimus
569 2355 741 2394 constituti,
766 2354 851 2385 diem
875 2354 947 2384 hinc
967 2354 1042 2385 inde
1067 2354 1159 2384 dictis
1183 2353 1352 2384 comitibus
1376 2353 1590 2393 assignantes,
1615 2350 1699 2380 unde
1724 2349 1820 2379 iidem

177 2404 307 2435 comites
324 2408 397 2436 tune
415 2409 623 2446 compareant
640 2416 746 2436 0010111
764 2406 865 2445 nobis⁷
889 2416 979 2436 suam
997 2406 1196 2446 prosecuturi
1213 2405 1381 2444 iusticiam,
1407 2414 1501 2444 quam
1519 2402 1640 2433 eisdem
1657 2402 1819 2431 faciemus.

176 2458 268 2495 prout
292 2455 460 2488 dictaverit
483 2458 561 2488 ordo
586 2458 671 2488 iuris.
760 2457 968 2488 Presencium
993 2457 1174 2487 testimonio
1199 2456 1376 2486 litterarum
1401 2458 1507 2485 nostre
1532 2453 1708 2484 maiestatis
1725 2451 1818 2491 sigilli

176 2505 289 2538 robore
314 2509 518 2540 munitarum.

281 2560 397 2590 Actum
423 2563 455 2591 et
479 2560 587 2591 datum
614 2560 757 2595 Oolonie.
783 2571 863 2590 anno
889 2564 921 2590 et
945 2560 997 2590 die
1022 2560 1168 2600 superius
1192 2559 1360 2589 annotatis.

135 2755 159 2773 ⁴0
280 2753 303 2784 l)
325 2752 366 2783 Cs'.
385 2761 468 2786 supra
486 2757 598 2780 2125308.
618 2756 671 2779 Son.
