2259 3116
464 120 521 151 108
797 118 954 144 RUDOLFI
974 118 1077 144 REGIS
1097 117 1419 145 CONSTITUTIONES.
1457 118 1531 145 1276.
1568 117 1759 144 Nr.114.115.

461 205 678 237 amicabilium
704 206 953 247 compositorum
980 206 1039 237 sub
1064 206 1165 237 forma
1189 206 1358 247 prehabita
1383 205 1422 237 de
1442 205 1574 237 consilio
1600 209 1631 236 et
1648 204 1880 247 approbatione
1899 205 2100 247 supradicto-

461 269 530 288 rum
554 258 734 300 principum
765 260 830 288 tam
863 257 1065 289 concorditer
1095 258 1332 299 promulgatum
1362 258 1580 300 approbantes
1611 268 1666 288 seu
1697 257 1920 298 emologantes
1945 268 2100 299 expresse

460 310 584 351 ipsique
610 312 770 351 perpetuo
796 312 882 340 stare
908 309 1070 347 volentes,
1098 309 1130 340 id
1158 320 1177 340 a
1208 310 1325 340 nostris
1351 309 1592 340 suecessoribus
1617 308 1846 339 inviolabiliter
1870 308 2016 339 volumus
2042 309 2100 340 ob-

461 362 591 392 servari.
641 361 678 392 In
704 362 793 391 cuius
820 361 1065 402 emologationis
1091 371 1247 402 expresse
1272 361 1403 392 evidens
1428 364 1653 402 argumentum
1678 360 1783 401 sigilla
1806 364 1918 391 nostra
1941 371 2005 391 una
2030 372 2101 392 cum

461 412 679 454 predictorum
698 409 900 452 arbitrorum,
925 412 1150 444 arbitratorum
1169 423 1225 443 seu
1243 413 1460 444 amicabilium
1479 412 1729 454 compositorum
1749 416 1781 443 et
1798 412 1932 444 illustris
1950 412 1992 444 H.
2016 413 2100 444 lant-

460 465 561 505 gravii
587 464 715 503 I-Iassie,
740 465 793 505 qui
818 465 983 505 premissis
1009 465 1163 502 interfuit,
1189 465 1304 505 sigillis
1329 465 1534 506 presentibus
1560 469 1635 495 sunt
1660 475 1814 506 appensa.

568 516 687 546 Actum
711 519 744 547 et
767 516 877 546 datum
902 516 932 546 in
958 517 1070 547 castris
1095 520 1170 547 ante
1196 515 1385 554 Wicnnam,
1411 526 1495 546 anno
1520 516 1651 547 Domini
1679 516 1849 547 millesimo
1879 515 2100 548 ducentesimo

460 568 701 609 septuagesimo
727 572 830 607 sexte,
859 567 913 599 VI.
939 567 1012 599 Kal.
1037 568 1207 599 Deccmbr.

462 711 535 743 115.
566 712 806 743 LITTERAE
832 713 975 744 REGIS
1003 713 1261 744 BOHEMIAE
1282 713 1347 744 AD
1375 713 1645 746 RUDOLFUM
1669 714 1849 746 REGEM.
1895 714 1984 755 (Dcc.
2009 716 2101 757 med.)

568 774 747 812 Supersunt
776 775 808 804 m
837 774 1009 805 collectione
1039 774 1250 812 formularum
1281 785 1362 813 quac
1394 775 1513 805 (licitur
1542 774 1675 805 chriczss
1705 775 1742 806 (lc
1769 775 1907 813 Iserffla,
1941 787 2036 815 quam
2058 777 2102 807 acl

458 836 506 855 ην.
534 827 574 855 16
610 826 671 856 ίαηι
711 826 745 856 >in
775 837 868 856 usum
898 829 1039 857 nostram
1066 827 1222 857 vertimus.
1287 826 1358 857 (j'od.
1390 826 1689 868 Klaqczzfurtanwn
1719 826 1778 868 (K)
1808 827 1864 857 Ms
1892 827 2015 858 XXXI
2019 828 2036 859 b
2062 828 2102 858 12

462 887 542 908 saec.
563 877 658 908 XIV.
683 888 732 908 nr.
754 878 794 907 96
817 878 947 908 contulit
971 879 1011 909 A.
1036 878 1072 908 (lc
1091 878 1215 909 Ialcsch.
1262 878 1333 909 Cod.
1359 878 1623 909 Vindobonensem
1654 878 1710 919 (V)
1745 880 1830 909 3143
1866 879 1998 919 (Philos.
2028 882 2104 921 179)

458 940 535 960 saec.
558 929 634 962 XV.
653 929 711 970 fol.
736 932 795 960 101
826 941 873 961 ην.
897 931 937 959 ,(Ηί
965 930 1094 961 contulit
1123 931 1172 960 ‘nir
1201 931 1230 961 d.
1255 931 1380 968 Nomine,
1405 931 1458 961 ubi
1481 931 1610 961 rulwum
1635 930 1708 961 Rex
1733 930 1864 961 Boemie
1895 931 2006 962 scribit
2034 933 2102 972 regi

460 981 692 1021 Romanorum,
719 986 753 1012 ut
770 986 989 1013 retractentur
1006 983 1130 1024 spoliaa
1148 983 1329 1013 commissa.
1368 983 1509 1013 Codicem
1532 981 1587 1021 (P)
1610 982 1827 1013 univcrsitatis
1847 982 2017 1022 Praymzsis
2032 983 2109 1015 XII

458 1033 500 1064 B.
520 1035 560 1063 12
582 1044 660 1064 saec.
679 1033 713 1064 X
722 1034 753 1065 V.
774 1034 832 1074 fol.
850 1035 922 1064 125‘
945 1045 993 1065 m:
1015 1036 1076 1064 120
1100 1045 1155 1065 nos
1180 1035 1240 1074 ipsi
1264 1034 1408 1065 Bcrolini
1430 1034 1626 1065 contulimus,
1673 1034 1834 1065 Lectiones
1855 1035 1986 1065 m'z'noris
2005 1036 2102 1074 pretii

458 1096 521 1115 nont
543 1086 773 1117 ‹ulnotmvimm
819 1086 868 1117 Dc
891 1089 1022 1125 l‘aefnzporc
1046 1097 1071 1116 v.
1097 1086 1229 1125 Κορσεία
1254 1087 1386 1125 imperii.
1412 1106 1450 1109 —
1474 1086 1619 1123 Beli-mer,
1644 1085 1717 1125 Rcy.
1737 1086 1808 1125 imp.
1828 1086 1880 1123 VI,
1898 1087 1970 1118 639.

1811 1138 1864 1178 (P.
1888 1139 1995 1180 deest.)

568 1199 616 1239 (1)
630 1198 714 1230 Dum
730 1210 856 1230 eramus
871 1210 974 1240 nuper
989 1199 1020 1229 in
1034 1202 1140 1229 vestre
1155 1199 1333 1229 maiestatis
1351 1199 1517 1240 presencia
1533 1198 1710 1236 constituti,
1728 1202 1775 1228 tot
1792 1199 1984 1230 instancium
2001 1211 2101 1241 nego-

461 1250 581 1281 ciorum
611 1254 675 1281 tam
700 1261 757 1281 vos
783 1261 877 1292 quam
902 1262 960 1281 nos
984 1251 1119 1281 involuti
1144 1261 1272 1281 eramus
1298 1251 1582 1292 perplexitatibus,
1607 1261 1678 1281 cum
1703 1254 1736 1281 et
1760 1260 1815 1281 vos
1839 1255 1982 1282 vestrum
2007 1263 2101 1284 exer-

463 1303 559 1333 citum
586 1307 618 1333 et
642 1313 699 1333 nos
724 1307 868 1334 nostrum
894 1303 1075 1334 dimissoria
1099 1303 1255 1333 vellemus
1287 1303 1426 1334 liberare
1450 1303 1584 1333 licencia
1608 1302 1773 1343 multaque
1798 1302 1861 1333 alia
1885 1313 1941 1344 pre
1966 1305 2100 1336 curiosis
2128 1314 2138 1332 2¹

460 1355 575 1385 nostris
600 1355 747 1385 manibus
768 1359 981 1393 versarentur,
1007 1359 1042 1385 ut
1059 1355 1214 1396 pleraque
1238 1355 1277 1385 de
1302 1355 1431 1385 archivo
1449 1358 1559 1385 nostre
1576 1354 1700 1395 dilapsa
1718 1355 1882 1394 memorie,
1908 1366 1969 1396 que
1985 1357 2100 1388 vestris

465 1410 556 1437 erant
580 1407 765 1437 necessario
791 1407 922 1437 auribus
946 1407 1149 1446 instillanda,
1173 1407 1376 1437 omiserimus
1402 1407 1575 1449 explicare.
1666 1406 1714 1447 (2)
1739 1405 1781 1436 Et
1798 1406 1916 1437 idcirco
1941 1417 2001 1448 que
2025 1411 2101 1439 tunc

462 1459 552 1489 vobis
578 1459 649 1490 vive
676 1459 763 1489 vocis
789 1459 919 1490 oraculo
943 1470 1007 1489 non
1032 1459 1281 1495 insinuavimus,
1307 1459 1347 1489 ad
1370 1459 1547 1490 litterarum
1572 1458 1797 1499 confugientes
1823 1458 2015 1498 remedium,
2039 1470 2101 1501 que

462 1511 619 1541 mittentis
652 1512 803 1552 supplent
827 1512 1029 1547 absenciam,
1060 1511 1169 1552 lingue
1195 1511 1299 1541 officio
1323 1511 1503 1541 ministerio
1529 1510 1725 1541 succedente
1759 1510 1873 1541 calami
1897 1510 2100 1542 declaramus

460 1567 570 1592 tenore
594 1563 796 1603 presencium
822 1562 1009 1593 celsitudini
1040 1563 1128 1603 regie
1160 1562 1353 1601 referentes,
1385 1562 1469 1604 quod
1500 1562 1644 1604 quamvis
1670 1587 1676 1593 .
1700 1562 1728 1593 .¹
1761 1562 1873 1592 civitas
1904 1562 2019 1594 fuisset
2041 1563 2099 1594 dos

458 1613 542 1644 bone
581 1614 733 1644 memorie
770 1615 842 1644 olim
877 1614 1004 1645 domine
1033 1614 1145 1644 matris
1175 1618 1302 1651 nostre,
1340 1618 1447 1645 tamen
1471 1614 1562 1645 vobis
1598 1624 1669 1645 earn
1699 1617 1868 1655 postquam
1899 1615 2103 1656 promisimus

460 1665 611 1695 duximus
637 1666 876 1707 assignandam,
902 1667 1046 1697 volentes
1071 1666 1316 1707 promissionem
1342 1670 1486 1696 nostram
1513 1676 1608 1707 quam
1634 1666 1767 1696 fecimus
1792 1666 2022 1697 inviolabiliter
2045 1667 2102 1697 ob-

461 1727 591 1747 servare
625 1728 684 1747 nec
713 1718 817 1748 minus
843 1722 1012 1759 sperantes
1043 1718 1082 1748 de
1108 1722 1215 1748 vestre
1241 1718 1495 1749 mansuetudinis
1526 1718 1742 1758 benignitate,
1774 1718 1858 1759 quod
1887 1717 1978 1748 nobis
2009 1718 2040 1748 in
2064 1728 2103 1749 ea

461 1769 612 1800 maiestas
644 1770 752 1810 gracie
786 1770 936 1800 favoralis
968 1770 1060 1800 oculo
1084 1770 1230 1800 blandius
1258 1770 1427 1808 arridebit,
1463 1781 1559 1812 quam
1585 1770 1762 1800 emulorum
1789 1773 1968 1800 nostrorum
1996 1770 2102 1811 opinio

460 1825 580 1858 teneat,
605 1821 658 1861 qui
687 1832 748 1851 non
765 1821 842 1852 dant
859 1822 949 1852 nobis
974 1822 1013 1853 dc
1031 1823 1140 1863 gracia
1165 1826 1271 1853 vestra
1296 1833 1386 1864 spem
1412 1823 1584 1853 sinceram.
1673 1821 1720 1861 (3)
1744 1821 1813 1852 Nec
1839 1822 1941 1852 solum
1966 1821 1997 1852 in
2013 1821 2101 1863 Egra

462 1872 652 1903 confidimus
678 1884 733 1903 vos
759 1873 851 1903 nobis
877 1874 1020 1906 invenire
1044 1874 1240 1916 propiciosb,
1265 1885 1374 1905 verum
1401 1874 1502 1905 eciam
1528 1874 1595 1915 spei
1621 1876 1708 1904 certe
1732 1873 1816 1904 freta
1838 1873 1987 1915 presidiis
2012 1873 2103 1904 nobis

460 1924 643 1955 indubitata
669 1924 768 1955 dictat
791 1924 980 1963 credulitas,
1013 1925 1097 1966 quod
1123 1925 1321 1957 municiones
1346 1930 1377 1956 ct
1402 1930 1518 1963 castra,
1543 1936 1604 1967 que
1630 1926 1660 1956 in
1686 1925 1823 1966 Egrensi
1847 1925 2002 1957 habemus
2026 1936 2100 1967 pro-

461 1977 564 2007 vincia
594 1976 634 2007 ad
658 1987 716 2006 nos
741 1977 834 2007 titulo
859 1977 1034 2018 empcionis
1058 1977 1257 2019 spectancia,
1288 1977 1378 2008 nobis
1412 1978 1460 2008 ius
1486 1981 1631 2008 nostrum
1655 1977 1889 2008 conservabitis
1914 1977 1945 2008 in
1970 1977 2102 2016 eisdem,

463 2032 614 2069 tanquam
640 2029 692 2069 qui
718 2034 809 2059 actus
835 2033 960 2059 vestros
984 2029 1132 2070 dirigitis,
1156 2033 1191 2059 ut
1217 2039 1273 2059 suo
1298 2029 1367 2060 iure
1393 2029 1528 2070 quilibet
1545 2028 1695 2070 gaudeat,
1721 2032 1814 2070 prout
1838 2028 1980 2060 debitum
2006 2029 2102 2060 officii

462 2080 582 2120 regalis
614 2081 749 2111 asciscit.
799 2080 935 2122 Insuper
966 2081 1047 2111 sicut
1076 2091 1134 2122 per
1158 2081 1280 2122 priores
1310 2085 1438 2111 nostras
1468 2080 1614 2111 litteras2
1638 2081 1847 2118 asseruimus,
1872 2081 1917 2112 sic
1947 2081 2048 2112 eciam
2072 2085 2104 2112 et

464 2131 574 2162 harum
602 2132 684 2162 serie
709 2132 920 2169 inculcamus,
955 2132 1039 2174 quod
1064 2133 1171 2163 omnia
1195 2138 1276 2173 quec
1304 2133 1395 2163 vobis
1420 2133 1622 2174 promisimus
1646 2133 1884 2164 observacionis
1907 2132 2103 2164 stabilitated

464 2194 594 2213 servaro
631 2183 777 2213 volumus
823 2187 855 2213 ct
895 2184 1100 2215 cxccucionis
1148 2184 1289 2215 efficacis
1329 2184 1434 2215 studio
1479 2184 1673 2226 adimplere,
1718 2189 1752 2216 ut
1796 2195 1858 2215 non
1902 2185 1934 2215 in
1977 2185 2102 2216 modico

465 2239 575 2265 nostra
608 2234 722 2265 eadem
748 2236 918 2276 promissio
944 2236 1090 2267 violetur.
1181 2236 1228 2276 (4)
1252 2236 1335 2266 Nam
1360 2237 1506 2267 civitates
1535 2247 1614 2277 quas
1639 2236 1810 2267 habuimus
1828 2237 1962 2268 fecimus
1979 2237 2101 2278 absque

464 2286 626 2317 tarditatis
644 2287 775 2326 diffugio
801 2288 960 2327 assignari
980 2298 1037 2317 nec
1062 2288 1124 2318 iam
1152 2291 1274 2318 restant
1299 2288 1359 2318 nisi
1377 2287 1463 2328 Egra
1487 2292 1517 2318 ct
1533 2287 1743 2329 Haymburch
1760 2288 1981 2319 tantummodo
2000 2289 2102 2329 assig—

464 2338 583 2373 nanda,
616 2342 820 2369 autumantes
846 2339 1017 2369 cuiuslibet
1042 2339 1188 2379 relegato
1206 2340 1354 2380 ancipitis
1379 2339 1574 2370 dubietatise
1599 2339 1758 2380 ambigat),
1785 2340 1869 2381 quod
1894 2344 1925 2371 ct
1949 2351 2004 2371 vos
2029 2352 2100 2383 pro-

466 2391 650 2420 missionem
678 2394 816 2420 vestram
842 2401 903 2420 non
931 2390 1073 2421 reddetis
1103 2391 1143 2421 ab
1168 2391 1404 2421 observacionis
1430 2392 1581 2422 limitibus
1606 2392 1744 2423 alienam
1770 2396 1801 2422 et
1826 2392 1909 2433 quod
1935 2393 2102 2424 retractari

465 2442 590 2473 faciatis
616 2442 731 2481 omnia,
756 2453 815 2482 quc
841 2442 928 2484 posts
952 2442 1187 2473 ordinacionem
1214 2442 1383 2473 concordio
1409 2443 1492 2473 inter
1515 2454 1570 2473 vos
1596 2447 1627 2474 et
1652 2454 1708 2474 nos
1732 2445 1918 2485 spontaneis
1942 2444 2100 2486 approba-

465 2494 566 2524 cionis
593 2493 804 2523 consensibus
831 2493 1032 2535 stabilitalml
1060 2497 1251 2535 attemptata
1275 2498 1349 2524 sunt
1374 2495 1546 2526 enormiter
1575 2501 1607 2525 et
1636 2498 1777 2537 patrata,
1808 2495 1853 2526 ita
1881 2495 1966 2536 quod
1997 2500 2102 2527 castra

570 2587 630 2613 115.
650 2588 672 2619 ⁸)
693 2589 819 2619 sponsalia
840 2588 864 2612 Γ,
943 2588 966 2620 b)
981 2590 1085 2621 lucipinus
1100 2590 1128 2614 Ι).
1206 2593 1228 2619 c)
1243 2598 1393 2621 quecunque
1415 2590 1440 2614 1⁷.
1452 2590 1480 2613 J'.
1558 2589 1580 2619 ⁴¹)
1594 2591 1692 2615 scibilis
1706 2592 1851 2616 constancia
1869 2591 1932 2617 l'.]‘.
2004 2590 2026 2623 ι“)
2041 2592 2101 2616 effu-

463 2632 504 2663 gi«.
525 2632 585 2655 mlil.
606 2632 634 2655 Γ,
725 2630 742 2661 s)
763 2641 777 2663 11
805 2631 830 2656 Γ.
847 2632 878 2659 [’;
897 2633 931 2664 ‘'s*
953 2642 991 2656 nr.
1011 2636 1057 2656 lm.

571 2700 592 2724 lr
615 2699 688 2731 Μαι-ιι
714 2699 886 2732 snpplcnzlmn
913 2703 965 2729 μετ,-
991 2709 1010 2725 r.
1036 2700 1116 2733 infra.
1223 2702 1249 2733 2')
1270 2700 1415 2733 Epistulam.
1441 2701 1491 2725 iam
1513 2701 1620 2727 incunte
1643 2711 1675 2728 m.
1696 2702 1830 2727 Deccmbri
1853 2702 1977 2735 scriptam
1998 2710 2018 2729 ι’.
2039 2701 2101 2736 Req.

466 2742 525 2775 imp.
547 2743 589 2775 VI,
604 2746 661 2768 6:14.

2128 788 2152 807 10

2130 1049 2151 1067 15

2127 1573 2153 1591 23

2130 1831 2154 1849 30

2131 2089 2153 2108 35

2129 2354 2153 2372 40

2128 2638 2152 2657 45
