2259 3116
453 93 510 124 138
822 90 980 117 RUDOLFI
1000 90 1103 118 REGIS
1123 90 1443 118 CONSTITUTIONES.
1481 90 1553 116 1277.
1591 89 1709 116 N1·.142.

556 179 715 210 Rudolfus
739 178 801 210 Dei
823 179 933 221 gracia
949 179 1169 210 Romanorum
1194 189 1251 210 rex
1268 189 1394 221 semper
1417 180 1574 220 augustus
1592 176 1749 208 universis
1767 177 1936 217 presentes
1960 175 2083 206 litteras

449 231 641 273 inspecturis
665 231 806 272 graciam
831 241 922 262 suam
947 234 979 262 et
1002 241 1096 262 omne
1119 230 1249 262 bonum.

556 282 605 324 (l)
633 282 722 314 Inter
757 283 820 313 alia
855 292 970 324 magne
1007 282 1191 314 devocionis
1230 286 1262 313 et
1294 281 1368 313 fidei
1402 283 1605 323 argumenta,
1642 280 1757 322 quibus
1790 279 1952 321 principes
1985 279 2085 310 nostri

448 335 607 366 karissimi
631 334 814 366 Fridericus
839 335 1034 366 venerabilis
1065 334 1325 376 archiepiscopus
1350 333 1645 374 Saltzbui‘gensis⁸,
1675 331 1871 363 Berhtoldus
1893 331 2083 362 Babenber-

447 387 567 428 gensiS,
592 387 659 417 Leo
683 387 939 428 Ratisponensis,
964 387 1080 418 Petrus
1104 387 1320 427 Pataviensis,
1343 386 1486 417 Ditricus
1511 385 1696 423 Gurcensis,
1721 384 1882 415 Iohannes
1900 383 2084 425 Chyemen·

448 439 514 469 sisb
539 441 571 470 et
589 439 813 470 VVernhardus
832 438 1078 471 Seccouiensisc
1103 439 1312 470 ecelesiarum
1330 438 1473 479 episcopi
1497 448 1554 479 per
1571 438 1722 468 effectum
1741 436 1846 478 operis
1864 436 2083 475 ostenderunt,

447 502 509 532 quo
534 491 651 522 affectu
675 502 845 533 personam
869 494 1011 523 nostram
1035 490 1212 532 respiciunt
1235 493 1267 521 et
1291 501 1352 531 quo
1383 490 1453 521 zelo
1478 488 1659 520 Romanum
1690 488 1858 530 imperium
1883 489 2082 530 amplectun-

446 546 511 581 tur,
547 543 626 574 illud
657 546 808 585 tanquam
838 543 1024 574 memoriale
1054 545 1246 585 perpetuum
1276 552 1332 584 pro
1362 542 1504 583 ipsorum
1541 541 1662 572 honore
1692 544 1724 571 et
1751 541 1853 581 gloria
1890 541 2082 573 extollendis

446 596 651 637 presencium
677 596 760 626 serie
784 596 965 627 litterarum
990 595 1139 626 duximus
1166 594 1428 636 exprimendum,
1452 593 1605 624 videlicet
1628 592 1713 634 quod
1737 603 1809 623 cum
1834 603 1931 624 causa
1953 593 2083 635 reipub-

446 647 517 687 lice,
541 647 630 678 cuius
646 648 781 678 tutelam
798 647 949 688 gerimus,
974 658 1031 678 nos
1048 649 1187 688 urgeret,
1212 650 1247 678 ut
1270 646 1310 677 ad
1337 649 1445 688 partes
1463 645 1595 676 Austrie
1621 644 1718 676 robur
1741 645 1866 687 imperii
1882 644 2081 685 duceremus,

446 699 580 741 predicti
602 699 761 741 principes
785 699 832 730 sic
850 699 997 737 fideliter,
1024 699 1068 730 sic
1092 699 1266 730 efficaciter
1289 701 1321 729 et
1350 701 1535 729 constanter
1558 697 1590 728 in
1614 697 1700 728 omni
1723 697 1817 728 nobis
1840 697 1983 738 periculo
2006 699 2082 730 asti-

444 754 553 782 terunt
577 751 717 789 consilio,
743 751 850 782 favore
876 754 907 782 et
931 751 1051 782 auxilio
1075 751 1225 789 manuali,
1249 753 1284 781 ut
1307 751 1394 792 ipsos
1413 750 1594 791 relinquere
1618 749 1732 779 merito
1757 748 1932 780 debeamus
1957 750 2028 780 aliis
2051 751 2083 781 in

446 803 640 845 exemplum.
719 802 766 843 (2)
784 802 930 844 Cumque
948 803 1039 834 nobis
1061 813 1183 834 moram
1208 802 1410 833 trahentibus
1435 802 1467 832 in
1492 801 1613 832 eisdem
1630 801 1776 843 partibus
1794 804 1940 842 sumptus
1964 801 2081 833 milicie

444 858 552 886 nostre
577 855 750 886 necessarii
766 855 895 896 penitus
912 854 1107 886 defecissent
1130 865 1189 886 nec
1213 865 1381 896 possemus
1405 865 1464 896 per
1481 854 1564 884 viam
1588 853 1640 884 vel
1663 852 1792 884 modum
1809 853 1949 894 aliquem
1973 853 2082 885 huius-

444 907 529 938 modi
562 907 744 948 indigencie
773 906 960 948 providere,
1001 906 1077 937 dicti
1110 907 1271 948 principes
1302 906 1401 937 nostri
1434 905 1512 936 moti
1546 915 1677 947 precum
1709 908 1890 936 nostrarum
1924 905 2081 937 instancia

443 959 622 990 voluntarie
648 961 887 997 consenserunt,
912 961 946 989 ut
971 962 1035 989 tam
1059 958 1098 989 de
1123 958 1214 989 bonis
1238 958 1381 999 ipsorum
1407 957 1663 997 dominicalibus,
1687 967 1783 998 quam
1808 956 1847 988 de
1871 957 1989 999 prediis
2013 968 2080 988 mo—

445 1011 659 1041 nasteriorum
684 1014 715 1041 ct
740 1010 949 1042 ecclesiarum
974 1021 1086 1041 eorum
1110 1010 1320 1041 iurisdictioni
1344 1010 1376 1040 in
1400 1009 1545 1051 partibus
1569 1009 1719 1049 Austrie,
1752 1009 1874 1051 Styrie,
1900 1009 2080 1049 Karinthie,

445 1062 603 1101 Oarniole,
628 1062 772 1093 Marchie
797 1062 996 1093 subditarum
1022 1062 1199 1093 subsidium
1222 1062 1391 1093 tolerabile
1414 1065 1610 1103 peteremus,
1635 1072 1692 1102 per
1716 1061 1801 1103 quod
1824 1064 1912 1093 tante
1937 1062 2080 1093 necessi-

443 1115 517 1145 tatis
535 1115 700 1154 articulus,
726 1115 778 1156 qui
803 1126 860 1145 nos
884 1117 916 1145 ct
933 1115 1100 1156 imperium
1118 1113 1338 1152 cohartabatd,
1362 1124 1420 1156 per
1444 1124 1554 1144 eorum
1572 1113 1724 1154 suffragia
1748 1116 1781 1144 et
1797 1113 1892 1155 digne
1910 1113 2081 1144 recolenda

444 1167 588 1198 subsidia
617 1167 792 1198 tolleretur.
881 1166 929 1209 (3)
956 1167 1019 1198 Sed
1048 1167 1123 1208 quia
1147 1166 1361 1208 predictorum
1392 1166 1571 1208 principum
1602 1166 1720 1197 devota
1749 1166 1931 1207 benignitas
1962 1165 1993 1196 in
2021 1166 2079 1198 hac

444 1222 536 1261 parte
561 1219 654 1250 nobis
680 1219 826 1250 exhibita
842 1221 952 1260 posset
968 1219 1047 1261 ipsis
1073 1222 1105 1250 et
1122 1219 1261 1260 ipsorum
1280 1219 1423 1249 ecclesiis
1449 1221 1561 1249 contra
1577 1221 1721 1249 nostrum
1738 1219 1937 1260 propositum
1954 1220 2079 1249 votum-

443 1281 503 1313 que
528 1271 625 1301 animi
656 1271 860 1302 occasionem
884 1270 1036 1302 inducere
1061 1271 1224 1301 servitutis
1248 1281 1305 1312 per
1328 1273 1456 1301 nostros
1481 1280 1685 1301 successores
1715 1273 1746 1301 et
1774 1270 1899 1300 futuros
1924 1269 2079 1300 dictarum

444 1326 601 1354 terrarum
626 1322 772 1353 dominos
797 1322 989 1364 inponendo,
1014 1333 1072 1354 nos
1097 1323 1149 1364 qui
1175 1333 1284 1354 eorum
1301 1322 1527 1363 indempnitati
1552 1322 1719 1353 consulere
1736 1321 1883 1353 volumus
1908 1324 1940 1353 et
1964 1332 2078 1353 cavere

443 1378 601 1414 tenemur,
627 1374 732 1406 edicto
757 1378 913 1416 perpetuo
939 1375 1126 1414 statuimus,
1150 1377 1186 1405 ut
1209 1375 1316 1405 nullus
1342 1385 1565 1405 successorum
1589 1377 1771 1405 nostrorum
1795 1373 1827 1404 in
1849 1372 1995 1404 Romano
2019 1374 2077 1404 im-

442 1427 530 1468 perio
554 1427 620 1457 sive
644 1437 741 1468 regno
765 1437 802 1457 ae
826 1427 927 1458 eciam
952 1426 1170 1469 predictarum
1194 1429 1351 1457 terrarum
1376 1426 1504 1466 domini,
1529 1426 1556 1457 si
1580 1426 1662 1457 forte
1688 1426 1857 1467 contigerit
1880 1426 1912 1456 in
1936 1426 2077 1457 futurum

443 1482 544 1509 terras
568 1478 707 1519 prefatas
732 1489 788 1520 per
812 1479 971 1520 speciales
997 1479 1143 1510 dominos
1168 1478 1319 1513 ordinari,
1344 1478 1521 1520 predictam
1545 1478 1685 1519 graciam
1719 1489 1759 1509 ex
1785 1478 1853 1509 sola
1883 1478 2077 1509 liberalitate

442 1530 621 1571 principum
651 1530 742 1561 nobis
766 1531 883 1561 factam
908 1531 947 1562 ad
972 1530 1239 1572 consequenciam
1263 1530 1392 1561 trahere
1417 1530 1467 1560 vel
1496 1530 1564 1561 eius
1592 1532 1743 1571 pretextu
1774 1528 1894 1570 aliquid
1925 1533 2077 1571 tanquam

440 1582 500 1613 sibi
525 1582 669 1612 debitum
694 1585 906 1623 extorquere,
932 1584 1064 1623 exigere
1090 1593 1146 1613 seu
1173 1585 1322 1613 exactum
1347 1582 1500 1623 colligere
1525 1581 1644 1613 audeat
1666 1581 1718 1612 vel
1742 1580 1924 1612 contendat.
1972 1581 2075 1612 Sciat—

440 1644 501 1675 que
525 1636 729 1675 presumptor
753 1635 828 1665 talis
853 1635 984 1675 iniurie,
1016 1646 1050 1666 se
1075 1635 1229 1665 adversus
1260 1634 1486 1665 inmunitatem
1511 1634 1765 1665 ecclesiasticam
1791 1643 1963 1674 sacrasque
1987 1633 2076 1675 leges

438 1685 575 1715 Romani
604 1685 731 1727 imperii
765 1697 843 1717 ausu
869 1687 1028 1727 sacrilego
1053 1686 1239 1728 deliquisse.
1329 1686 1375 1727 (4)
1399 1686 1467 1717 Nos
1492 1696 1619 1727 quoque
1643 1685 1849 1727 promisimus
1874 1685 1965 1716 dictis
1989 1686 2075 1727 prin-

440 1737 563 1778 cipibus
586 1737 649 1771 fide
675 1737 749 1768 data
773 1748 869 1779 quam
890 1739 958 1769 vice
982 1739 1181 1780 prestitimus
1198 1738 1402 1774 sacramenti,
1428 1737 1512 1779 quod
1536 1737 1736 1779 temporibus
1760 1737 1825 1768 vite
1850 1740 1955 1768 nostre
1978 1737 2076 1768 nichil

438 1789 549 1819 talium
574 1789 757 1830 exigemus,
790 1790 845 1821 scd
877 1790 978 1831 magis
1005 1790 1217 1831 cogitabimus
1241 1793 1271 1820 et
1296 1789 1497 1821 servabimus
1529 1790 1600 1820 illas
1625 1789 1708 1828 vias,
1741 1800 1799 1831 per
1826 1799 1904 1831 quas
1934 1789 2011 1830 ipsis
2044 1792 2076 1820 et

438 1840 582 1871 eeclesiis
606 1840 687 1871 hanc
712 1841 939 1872 liberalitatem
972 1845 1068 1883 grata
1092 1841 1313 1872 vicissitudine
1345 1841 1568 1883 rependamus.
1658 1841 1704 1882 (5)
1730 1840 1915 1872 Statuentes
1939 1841 2074 1873 nichilo-

440 1893 543 1922 minus
569 1896 681 1923 contra
705 1894 829 1924 futuros
854 1894 1013 1924 dictarum
1038 1897 1195 1924 terrarum
1221 1893 1382 1932 dominos,
1407 1894 1461 1935 qui
1486 1896 1669 1934 presentem
1692 1897 1834 1925 nostram
1858 1894 1977 1924 violare
2002 1904 2074 1935 pre-

439 1945 631 1985 sumpserint
663 1945 884 1981 sanccionem,
921 1949 955 1976 ut
990 1947 1016 1976 si
1047 1946 1147 1976 tercio
1178 1945 1376 1976 conmonitus
1408 1955 1465 1986 per
1497 1945 1666 1986 episcopos
1698 1956 1761 1976 non
1790 1945 1950 1976 destiterit
1978 1956 1997 1976 a
2020 1945 2075 1976 tali

441 1996 565 2026 sarcina
590 1997 735 2027 ecclesiis
760 1997 941 2039 inponenda
966 2000 1021 2028 aut
1045 1997 1185 2039 inposita
1210 1996 1410 2038 colligenda,
1441 2000 1560 2028 extunc
1591 1997 1661 2038 ipso
1692 1997 1761 2028 iure
1791 2000 1942 2039 tanquam
1971 1997 2073 2028 factus

439 2048 581 2087 ingratus
606 2049 763 2087 ecclesiis,
788 2059 806 2079 a
829 2060 962 2090 quarum
980 2049 1168 2090 gravamine
1192 2050 1329 2080 monitus
1354 2059 1418 2079 non
1435 2049 1570 2087 desistit,
1595 2049 1691 2080 feuda
1714 2049 1828 2091 perdat
1852 2060 1913 2091 que
1931 2049 2074 2091 possidet

437 2099 477 2130 ab
502 2099 666 2135 ecclesiis,
692 2110 770 2141 quas
795 2101 939 2131 indebita
962 2101 1136 2132 exaccione
1160 2112 1221 2131 non
1246 2101 1360 2131 metuit
1384 2111 1534 2139 onerare,
1559 2104 1594 2131 ut
1617 2101 1697 2132 sciat
1720 2101 1945 2132 nichilominus
1970 2103 2071 2131 trans-

438 2162 566 2191 gressor
591 2151 770 2182 huiusmodi
788 2153 889 2183 nostri
907 2153 1078 2194 privilegii,
1104 2153 1188 2194 quod
1212 2153 1272 2183 iuri
1290 2155 1445 2184 consonat
1469 2156 1501 2184 et
1518 2153 1658 2184 continet
1675 2153 1839 2194 pietatem,
1864 2153 1947 2194 quod
1965 2155 2072 2194 preter

439 2202 568 2243 dignam
594 2204 776 2234 severitatis
800 2204 1022 2243 acrimoniam,
1055 2215 1116 2245 quc
1146 2207 1257 2235 contra
1288 2205 1463 2245 sacrilegos
1500 2215 1556 2246 per
1584 2205 1673 2246 leges
1699 2205 1835 2237 Romani
1866 2204 1992 2246 imperii
2022 2206 2071 2235 est

437 2254 611 2295 promenda
624 2255 642 2293 ¹,
668 2256 790 2295 virgam
817 2256 1039 2287 nichilominus
1065 2256 1237 2287 sustinebit
1260 2256 1477 2287 ecclesiastice
1502 2256 1680 2298 discipline.

543 2306 662 2337 Datum
699 2306 854 2343 NVicnnc,
891 2319 972 2339 anno
1006 2308 1135 2338 Domini
1169 2308 1340 2339 millesimo
1373 2307 1595 2339 ducentesimo
1628 2309 1887 2350 septuagesimo⁰
1924 2306 2069 2348 septimo,

438 2358 547 2399 quinto
572 2358 643 2389 Kal.
669 2358 761 2398 Iunii,
788 2359 965 2391 indiccione
991 2360 1110 2401 quinta,
1139 2360 1229 2401 regni
1254 2370 1330 2390 vcro
1356 2360 1457 2390 nostri
1480 2371 1563 2391 anno
1588 2364 1711 2401 quarto.

521 2458 534 2470 δ

540 2631 602 2657 142.
622 2634 645 2664 ⁴¹)
665 2634 855 2663 salzburgensis
874 2634 897 2657 2.
980 2633 1003 2658 ¹¹}
1023 2635 1171 2667 (¹liyincnsis
1191 2636 1213 2660 2,
1286 2635 1308 2667 ⁰)
1328 2635 1489 2660 Selwviensis
1509 2636 1532 2661 12.
1613 2636 1636 2670 ¹¹)
1655 2637 1689 2661 sic
1711 2636 1730 2662 l.
1750 2635 1773 2661 ἱ).
1836 2636 1858 2668 ⁰)
1879 2637 2026 2661 MCCLXX.
2044 2633 2067 2658 2.

542 2710 564 2737 l>
586 2709 625 2740 (γ.
651 2708 712 2741 Diu.
731 2709 871 2741 nrm,
888 2713 924 2737 1³.

2111 660 2134 679 10

2110 918 2131 937 15

2106 1176 2130 1196 90

2104 1435 2127 1454 25

2103 1698 2127 1717 ³0

2101 1957 2124 1977 ³5

2098 2215 2122 2234 40

2092 2723 2115 2746 ⁴5
