2259 3164
104 934 127 952 10

106 1299 128 1317 15

108 1577 131 1597 20

109 1834 132 1853 25

112 2093 135 2112 ³⁰

117 2349 138 2368 35

118 2694 143 2713 {0

486 147 643 174 RUDOLFI
663 147 766 173 REGIS
785 146 1105 173 CONSTITUTIONES.
1143 148 1216 174 1291.
1254 148 1300 175 Nr.
1313 149 1371 175 460.
1384 149 1442 175 461.
1716 152 1776 180 449

151 233 342 266 Mulenbach
372 244 442 264 cum
474 233 669 275 appendiciis
701 236 734 263 ct
766 233 887 264 iuribus
913 234 994 271 suis,
1026 236 1145 264 curtem
1170 233 1343 266 Kaztwilrc
1374 246 1442 266 cum
1474 236 1671 277 appendiciis
1701 236 1776 270 suis,

152 290 258 317 curtes
283 286 446 317 Selhoven
469 289 501 316 et
518 285 713 316 Schonevclt
738 296 808 315 cum
833 284 1033 326 appendiciis
1058 288 1090 315 ct
1114 285 1235 316 iuribus
1261 287 1336 317 suis.
1419 288 1466 327 (3)
1484 287 1641 318 Volumus
1658 288 1776 328 itaque,

151 341 186 368 ut
225 338 330 368 omnia
367 348 427 378 que
462 340 536 368 sunt
572 337 719 378 superius
754 347 969 378 preexpressa
1007 337 1074 367 sine
1106 337 1247 377 qualibet
1274 338 1447 368 violatione
1477 338 1625 379 perpetui
1655 339 1776 369 roboris

153 389 318 420 obtineant
341 389 533 419 firmitatem.
581 388 614 419 Si
646 388 714 429 quis
746 392 853 418 autem
882 388 954 418 huic
984 391 1090 418 nostre
1122 387 1314 419 ordinationi
1340 390 1472 420 salutari
1501 400 1581 420 ausu
1606 390 1775 421 temerario

152 440 380 483 presumpserit
398 440 566 478 contraire,
585 442 694 481 preter
710 439 961 480 indignationem
979 439 1206 480 omnipotentis
1222 439 1283 471 Dei
1301 444 1409 471 nostre
1426 441 1604 472 maiestatis
1623 442 1777 472 offensam

153 492 220 523 sine
245 502 301 533 spe
325 491 431 532 gracie
455 502 489 521 se
514 491 637 522 noverit
660 491 801 531 graviter
826 491 1035 522 incursurum.
1123 490 1159 520 In
1185 491 1273 521 cuius
1298 492 1343 522 rei
1361 492 1577 523 testimonium
1603 496 1635 523 ct
1653 492 1779 523 eviden-

152 544 227 574 tiam
250 543 425 584 pleniorem
450 545 631 584 presentem
655 543 805 584 paginam
829 542 926 572 nostri
951 542 1046 583 sigilli
1070 542 1245 573 munimine
1269 543 1418 573 iussimus
1444 543 1597 574 roborari.

259 594 376 625 Datum
407 593 515 635 Spire5
548 594 656 635 quinto
684 594 760 624 Idus
789 594 925 635 Aprilis,
962 593 1134 624 indictione
1172 597 1298 634 quarta,
1335 605 1416 625 anno
1446 594 1574 625 Domini
1608 595 1776 625 millesimo

153 646 371 677 ducentesimo
395 646 604 687 nonagesimo
629 645 742 687 primo,
767 645 858 686 regni
883 655 959 676 vero
983 645 1084 675 nostri
1108 655 1190 676 anno
1215 645 1338 676 decimo
1364 649 1488 678 octavo.

406 918 501 969 461.
538 915 739 970 UNIO
776 914 1229 969 PRINCIPUM
1270 914 1528 968 REGNI

686 991 1254 1046 ARELATENSIS.

827 1087 933 1122 1Q91.
979 1087 1059 1122 Mai.
1082 1086 1116 1122 4.

258 1178 485 1217 Anto-‹melcon
501 1189 530 1210 «c.
546 1180 636 1208 1901
654 1178 793 1209 Taurini
807 1179 838 1209 sn
851 1178 1030 1209 bibliotheca
1043 1180 1128 1218 Γραῖα,
1135 1179 1266 1218 privata
1279 1178 1589 1217 ‘Pergsamcncpatric
1601 1178 1703 1215 XIII,
1714 1178 1783 1207 139’

153 1241 174 1260 a
195 1229 282 1261 nobis
306 1230 485 1260 ἱηυιήίιιηι1
511 1230 610 1261 denno
633 1230 851 1269 descripsimus
881 1231 985 1269 itaque
1015 1231 1103 1261 naria
1130 1230 1314 1270 (opoyrctplta
1345 1230 1378 1259 in
1407 1230 1564 1260 codicibus
1588 1229 1783 1260 bibliothecae

155 1281 346 1312 Parisfe'ensis
373 1284 505 1312 escarum
535 1282 732 1322 ueyloerz'muS.
777 1282 921 1321 Siyillztm
950 1282 1014 1313 iam
1042 1282 1123 1313 deest
1150 1282 1214 1320 filis
1237 1282 1345 1312 sericis
1368 1281 1494 1312 rollolis.
1543 1281 1628 1320 Quam
1654 1281 1783 1320 lecytus-ta

154 1333 276 1372 imperii
297 1332 350 1370 VI,
362 1333 445 1363 :24:30
461 1336 619 1371 notantur,
636 1333 764 1364 delenda
780 1336 854 1364 szmt
863 1334 885 1364 2.
912 1352 948 1356 —-
973 1333 1117 1371 Bo‘hmer,
1136 1333 1210 1373 Rey.
1225 1334 1298 1371 imp.
1318 1332 1370 1370 VI,
1383 1333 1476 1363 2449.
1513 1332 1564 1371 (P,
1590 1332 1677 1368 457.)

260 1410 451 1452 Rodulphus
477 1410 584 1442 divina
608 1411 736 1442 favente
762 1412 937 1442 clemencia
960 1411 1179 1442 Romanorum
1209 1422 1267 1442 rex
1296 1420 1424 1452 semper
1448 1413 1601 1450 augustus
1626 1410 1784 1440 universis

155 1462 278 1503 imperii
300 1462 449 1494 fidelibus
473 1464 613 1504 graciam
637 1474 727 1494 suam
753 1467 784 1494 et
809 1474 901 1494 omne
926 1464 1056 1494 bonum.

260 1514 306 1556 (1)
332 1514 487 1546 Omnibus
517 1515 698 1546 hominibus
729 1515 781 1556 qui
805 1519 891 1546 recte
916 1516 1043 1557 sapiunt
1067 1514 1260 1546 credendum
1286 1524 1358 1545 esse
1383 1516 1550 1555 putamus,
1583 1513 1667 1554 quod
1692 1523 1783 1543 omne

157 1566 246 1597 nobis
268 1566 407 1597 studium
432 1570 489 1607 est,
513 1569 547 1597 ut
571 1566 705 1597 subiecti
723 1566 866 1597 Romano
884 1567 1018 1608 imperio
1042 1567 1124 1597 bene
1142 1567 1248 1596 vivant
1272 1569 1304 1596 ct
1328 1566 1450 1596 virente
1475 1565 1601 1595 iusticia
1625 1565 1706 1595 inter
1730 1575 1784 1595 eos

157 1617 317 1659 gaudeant
346 1618 592 1649 comoditatibus
624 1618 743 1659 pariter
773 1621 804 1649 et
835 1618 964 1649 honore.
1011 1618 1193 1659 Eapropter
1222 1617 1262 1647 ad
1293 1617 1442 1647 noticiam
1472 1616 1611 1646 omnium
1641 1616 1783 1646 fidelium

157 1670 279 1711 imperii
303 1670 448 1700 volumus
471 1670 653 1711 pervenire,
683 1669 767 1711 quod
791 1669 1024 1700 conditionibus
1053 1670 1269 1700 subiectorum
1302 1671 1483 1698 nostrorum
1515 1668 1544 1698 in
1577 1678 1675 1708 regno
1700 1666 1782 1697 Ara-

157 1720 271 1752 latensi
299 1721 503 1763 multipharie
534 1721 721 1755 intellectis,
753 1721 933 1752 astantibus
964 1722 994 1751 in
1024 1721 1193 1762 presencia
1221 1720 1399 1750 maiestatis
1432 1721 1540 1749 nostre
1565 1744 1572 1751 .
1600 1743 1605 1748 .
1631 1720 1782 1760 episcopo

157 1772 407 1814 Valentin(ensi)
432 1776 464 1803 et
486 1772 598 1803 Diensi
623 1775 654 1803 et
679 1798 685 1804 .
704 1798 709 1803 .
735 1773 886 1814 episcopo
910 1773 1110 1804 Lausanensi
1134 1772 1330 1813 principibus
1348 1771 1464 1801 nostris
1483 1774 1514 1801 et
1531 1770 1690 1801 nobilibus
1709 1770 1783 1799 viris

158 1824 336 1856 Humberto
361 1824 516 1866 Dalphini
540 1823 724 1866 Vien(ensi)
750 1827 781 1854 et
804 1824 1013 1864 Albon(ensi)
1047 1824 1161 1855 comite
1186 1823 1365 1854 senescallo
1396 1826 1504 1853 nostro
1530 1823 1561 1852 in
1586 1831 1685 1862 regno
1710 1832 1783 1862 pre-

157 1876 238 1907 dicto
275 1879 307 1908 et
343 1876 442 1907 nobili
480 1879 626 1907 matrona
655 1876 691 1906 B.
727 1875 854 1907 domina
888 1876 1084 1907 Fiuciniaci³
1116 1879 1148 1906 et
1178 1875 1322 1906 Amedeo
1357 1874 1471 1905 comite
1507 1873 1713 1904 Gebenncnsi
1752 1876 1784 1903 et

157 1927 308 1969 Aymario
334 1927 372 1959 de
395 1927 554 1969 Peytauia
578 1931 609 1958 et
633 1927 812 1958 Humberto
838 1927 965 1959 domino
990 1928 1028 1959 de
1046 1928 1174 1958 Vilariis
1193 1927 1341 1958 fidelibus
1366 1926 1481 1957 nostris
1507 1929 1539 1955 et
1562 1925 1687 1966 imperii
1711 1935 1783 1965 prc—

158 1979 290 2018 dilectis,
313 1980 399 2021 ipsos
423 1980 505 2010 uniri
529 1980 678 2010 iussimus
702 1980 871 2021 sollempni
896 1980 1106 2021 promissione
1132 1980 1163 2009 in
1189 1979 1336 2010 manibus
1361 1977 1544 2009 serenitatis
1567 1980 1674 2007 nostre
1700 1977 1785 2006 facta

159 2033 191 2062 et
213 2031 368 2073 corporali
392 2031 526 2072 prestito
550 2031 727 2061 iuramento
753 2034 862 2062 contra
885 2031 1022 2062 rebelles
1052 2031 1177 2072 imperii
1208 2034 1239 2061 et
1269 2029 1492 2061 mandatorum
1528 2028 1683 2069 regalium
1709 2038 1783 2057 con-

160 2085 333 2124 temptores
350 2086 382 2113 et
398 2085 509 2113 contra
525 2093 677 2124 personas
693 2083 783 2121 alias,
801 2083 1026 2124 cuiuscumque
1045 2085 1156 2119 status,
1174 2082 1366 2113 condicionis
1383 2084 1438 2112 aut
1453 2080 1615 2121 dignitatis
1634 2079 1784 2117 existant,

160 2137 380 2175 presumentes
398 2133 497 2165 dictos
513 2134 623 2165 fideles
640 2138 765 2165 nostros
782 2137 814 2166 et
830 2135 971 2176 ipsorum
989 2135 1071 2165 bona
1088 2133 1251 2165 offendere
1276 2143 1401 2174 quoquo
1426 2132 1528 2162 modo.
1599 2131 1644 2172 (2)
1660 2130 1784 2161 Dantes

162 2185 243 2217 serie
265 2186 422 2227 presentis
446 2186 658 2217 annotationis
682 2189 791 2217 nostre
822 2186 1001 2217 districcius
1030 2186 1061 2216 in
1090 2185 1248 2216 mandatis
1276 2210 1306 2215 ..
1331 2184 1462 2215 baillivo
1496 2186 1603 2213 nostro
1632 2182 1671 2213 ab
1697 2182 1784 2212 Auro

162 2237 315 2278 superius,
340 2238 393 2278 qui
416 2248 499 2268 nunc
524 2241 583 2276 est,
607 2240 639 2268 et
662 2237 743 2277 aliis,
768 2238 820 2279 qui
844 2238 962 2268 fuerint
979 2237 1179 2279 temporibus
1203 2236 1329 2273 futuris,
1355 2236 1412 2266 sub
1438 2245 1520 2276 pena
1538 2234 1652 2265 amoris
1676 2234 1784 2271 nostri,

163 2288 307 2328 quatinus
331 2289 414 2320 inter
437 2288 540 2320 dictos
565 2288 677 2320 fideles
697 2292 823 2320 nostros
841 2290 992 2320 unionem
1016 2288 1194 2331 predictam
1217 2288 1314 2319 faciat
1337 2287 1468 2318 firmiter
1493 2285 1656 2317 observari
1682 2286 1784 2325 ipsos-

164 2349 223 2380 que
240 2342 398 2372 eteorum
414 2341 499 2372 bona
515 2343 626 2372 contra
645 2351 765 2380 omnes,
789 2341 877 2372 nullo
899 2340 1032 2372 ulterius
1058 2343 1243 2382 exspectato
1264 2338 1426 2377 mandato,
1450 2348 1546 2368 manu
1568 2337 1641 2367 forti
1665 2336 1784 2366 tociens

164 2392 312 2432 quociens
337 2403 416 2434 opus
441 2393 500 2423 erit
522 2395 731 2424 manuteneat
760 2395 791 2424 et
819 2392 978 2424 defendat.
1067 2392 1104 2422 In
1134 2402 1268 2433 quorum
1299 2390 1439 2421 omnium
1469 2388 1689 2420 testimonium
1714 2397 1784 2428 pre-

167 2445 272 2474 sentes
295 2443 418 2475 litteras
443 2444 548 2485 sigillo
572 2444 750 2475 maiestatis
773 2447 881 2475 nostre
905 2444 1055 2474 iussimus
1080 2443 1245 2474 comuniri.

266 2494 340 2527 Dat.
365 2495 448 2537 apud
473 2495 644 2533 Muratum,
668 2494 747 2525 IIII.
764 2494 846 2526 Non.
872 2495 962 2533 Maii,
987 2505 1069 2525 anno
1094 2494 1224 2525 Domini
1248 2493 1418 2524 millesimo
1442 2490 1661 2522 ducentesimo
1685 2499 1784 2519 nona-

165 2545 284 2586 gesimo
307 2547 418 2588 primo,
442 2548 533 2589 regni
557 2547 658 2578 nostri
680 2557 762 2578 anno
786 2546 911 2577 XVIII.

263 2697 326 2724 461.
346 2699 368 2731 a)
387 2701 517 2725 Fiueiniac
536 2710 572 2725 or.

265 2758 290 2791 1)
312 2758 351 2792 Cf.
371 2759 466 2785 ‘Neues
484 2759 588 2785 Afrchtv’
610 2758 756 2791 XXVIII,
770 2762 826 2784 494.
896 2758 922 2789 2)
945 2758 983 2788 Cf.
1002 2757 1100 2782 ibidem.

264 2817 300 2835 ιι.
311 2818 520 2836 CONSTITUTIONES
533 2819 566 2836 111.
1551 2805 1582 2829 57
