2259 3164
527 166 658 191 ADOLFI
679 166 781 192 REGIS
801 166 1122 192 CONS'rl'rUTIONEs
1163 167 1234 192 12512.
1272 167 1318 192 Nr.
1332 168 1389 193 472.
1408 169 1465 193 47³5.
1753 172 1813 199 453)

178 254 269 289 coris,
292 253 323 283 in
346 253 437 283 bonis
461 252 621 293 quondam
647 277 652 282 .
675 277 680 282 .
707 252 745 282 de
771 251 934 292 Steppaeh
958 262 1079 282 necnon
1104 253 1134 282 in
1160 253 1351 283 burehstallo
1376 255 1441 284 sive
1465 257 1568 284 castro
1591 255 1816 285 Stoltzcnecke

179 315 249 335 cum
279 304 483 344 pertinenciis
513 303 591 341 suis,
622 313 683 343 que
713 302 841 343 quidem
875 302 958 333 bona
988 314 1058 333 cum
1089 303 1233 343 predicto
1264 308 1366 335 castro
1394 316 1464 335 cum
1489 316 1545 335 sua
1570 307 1703 346 pecunia
1728 317 1814 336 com-

178 366 306 397 parasse
332 355 513 389 dinoscitur,
539 358 571 385 et
593 355 625 385 in
649 357 751 385 castro
775 354 1014 393 Reichenstcin,
1039 355 1123 395 quod
1147 355 1187 385 ab
1212 356 1345 395 imperio
1376 360 1483 387 tenere
1509 357 1606 387 debet
1630 358 1659 387 in
1684 358 1814 388 feudum

178 410 210 437 et
232 407 334 437 tenuit
358 417 397 437 ex
421 407 562 446 1111110110,
586 415 854 447 recognoscemus
878 406 1065 446 simpliciter
1089 410 1121 436 et
1144 407 1184 437 de
1210 407 1303 446 plano
1329 408 1375 437 ius
1399 419 1507 444 suum,
1538 409 1655 438 nullum
1681 409 1740 439 sibi
1765 410 1814 439 vcl

147 469 157 487 5
178 459 240 488 suis
262 457 435 488 heredibus
459 458 490 487 in
513 457 604 488 bonis
628 457 780 497 predictis
804 457 1057 497 inpedimentum
1082 457 1131 487 vel
1157 457 1356 488 obstaculum
1374 460 1534 499 prestituri
1560 464 1591 489 ct
1615 471 1663 493 ea,
1688 471 1749 500 000
1775 471 1815 490 ex

177 510 252 550 ipsis
275 509 334 539 hac
359 510 427 539 viee
452 509 482 539 in
506 519 563 538 sua
592 519 654 538 non
685 508 823 539 tenuerit
854 511 1030 548 potestate,
1062 509 1090 537 in
1120 519 1208 538 suam
1234 509 1283 538 vel
1314 510 1453 549 ipsorum
1485 510 1639 540 heredum
1667 517 1816 541 suorum³L

177 562 243 591 sine
275 560 463 591 difficultate
496 560 639 600 qualibet
669 559 902 600 assignabimus
930 562 1133 599 potestatem.
1233 560 1280 600 (2)
1306 560 1526 591 Promittimus
1556 562 1697 602 insuper,
1730 561 1815 602 quod

176 612 277 651 nobis,
301 613 327 642 si
350 611 420 642 Deo
445 611 597 652 placitum
621 611 726 649 fuerit,
751 614 785 641 ut
809 610 1024 651 premisimus,
1049 610 1090 640 ad
1114 610 1250 640 Romani
1275 612 1363 651 regni
1388 612 1604 651 gubernacula
1628 613 1817 647 sublimatis,

177 667 313 695 castrum
346 662 569 694 Chamerstein
601 673 672 693 cum
704 663 767 692 suis
795 662 998 702 pertinenciis
1029 672 1153 692 necnon
1185 662 1267 692 bona
1298 666 1406 702 empta
1435 674 1491 703 per
1522 664 1629 694 inclite
1662 665 1816 694 memorie

135 725 159 744 10
177 720 300 757 patrem
336 718 478 745 nostrum
511 717 544 744 et
572 714 734 744 dominum
769 713 931 744 dominum
958 712 1133 743 Rfidolfum
1162 713 1378 744 Romanorum
1415 716 1542 755 rcgem¹
1573 726 1590 744 a
1622 717 1816 745 monasterio

176 767 350 798 Ebracensi
374 766 559 796 adiacencia
583 768 686 796 castro
712 765 855 806 predicto
880 775 950 795 cum
975 765 1038 794 suis
1054 765 1234 795 attinenciis
1251 766 1404 796 universis
1421 776 1490 795 cum
1509 770 1611 796 castro
1630 766 1815 807 Tylisperch

178 822 209 849 et
232 818 323 848 bonis
347 817 493 848 omnibus
517 820 549 847 et
572 816 753 846 hominibus
778 826 814 846 ac
838 816 1043 856 pertinenciis
1068 816 1258 855 eorundem,
1290 828 1351 857 0110
1381 818 1525 847 similiter
1550 817 1692 857 prefatus
1717 829 1816 858 quon-

178 869 251 900 dam
274 872 366 909 pater
390 872 422 899 et
445 868 590 898 dominus
611 871 719 898 noster
742 878 799 897 rex
816 867 1034 897 Romanorum
1060 878 1078 896 a
1102 867 1199 897 nobili
1224 868 1290 898 viro
1317 892 1321 897 .
1341 894 1346 899 .
1373 869 1487 898 comite
1513 868 1552 898 de
1569 868 1657 899 Dvrn
1681 880 1736 909 pro
1761 881 1817 899 sua

177 921 311 962 pecunia
329 920 556 960 eomparaviffl,
580 919 725 960 predicto
743 919 828 949 affini
853 923 959 949 nostro
985 923 1017 949 et
1040 919 1103 948 suis
1128 919 1300 950 heredibus
1325 920 1524 950 conferemus
1548 931 1566 950 a
1591 921 1680 950 nobis
1705 925 1736 951 et
1760 922 1816 951 im-

136 983 158 1001 15
178 973 266 1013 perio
291 971 411 1002 feudali
434 971 526 1002 titulo
556 974 712 1012 perpetuo
737 971 931 1011 possidenda
999 976 1030 1001 ct
1059 971 1099 1000 ad
1128 971 1188 1001 1100
1218 982 1406 1002 consensum
1434 972 1627 1011 principum,
1661 976 1818 1012 qnatenus

177 1024 373 1054 necessarius
390 1023 496 1061 fuerit,
519 1023 550 1052 in
575 1025 728 1063 quantum
745 1023 920 1062 poterimus
944 1022 1029 1052 bona
1045 1022 1118 1062 fide,
1143 1022 1256 1053 fraude
1281 1033 1317 1053 ac
1343 1023 1415 1053 dolo
1434 1023 1579 1062 exclusis,
1605 1024 1818 1054 obtinelnnnls

178 1086 232 1116 pro
258 1075 388 1105 eisdem.
478 1074 526 1115 (3)
550 1074 685 1114 Insuper
709 1074 815 1103 omnia
843 1074 1012 1114 privilegia
1041 1074 1106 1104 sive
1138 1075 1239 1104 eciam
1270 1075 1477 1104 instrumenta
1506 1078 1570 1104 tum
1600 1086 1695 1115 super
1719 1076 1817 1105 dona-

177 1128 266 1157 cione
290 1126 375 1157 facta
399 1127 458 1166 ipsi
483 1126 569 1156 affini
595 1129 702 1156 nostro
727 1135 785 1165 per
809 1125 968 1165 quondam
994 1125 1156 1155 dominum
1176 1125 1381 1156 Chuni-adum
1405 1126 1502 1156 filium
1521 1126 1680 1166 quondam
1698 1127 1816 1157 domini

178 1178 338 1209 Chunradi
371 1177 588 1208 Romanorum
620 1177 719 1217 regis,
753 1180 819 1207 111111
852 1177 953 1207 eciam
987 1187 1083 1217 super
1117 1177 1187 1207 aliis
1216 1177 1467 1218 quibuscumque
1503 1177 1563 1207 sibi
1595 1188 1652 1218 per
1680 1179 1817 1218 impera-

135 1239 159 1258 20
177 1235 262 1260 tores
285 1229 336 1259 ve‘l
359 1239 453 1269 reges
477 1228 594 1258 tradita
628 1232 659 1258 et
687 1238 837 1258 concessa
866 1228 1093 1258 ratificabimus
1122 1234 1153 1259 et
1184 1239 1224 1259 ex
1253 1232 1340 1259 certa
1369 1229 1506 1259 sciencia
1536 1229 1715 1259 tenebimur
1744 1240 1817 1260 con-

177 1281 311 1319 firmare,
372 1291 559 1311 consensum
584 1279 626 1310 ad
649 1279 708 1310 hoc
733 1279 909 1319 principum
935 1280 1000 1309 sine
1026 1280 1178 1319 capcione
1203 1281 1233 1309 in
1258 1284 1411 1321 quantum
1428 1291 1605 1320 possumus,
1629 1281 1682 1311 ubi
1708 1292 1817 1312 neces-

178 1333 276 1363 sarius
300 1332 408 1371 fuerit,
433 1332 602 1362 obtenturi.
692 1331 805 1361 Daturi
837 1331 1059 1361 nichilominus
1089 1342 1184 1371 super
1213 1332 1358 1362 omnibns
1382 1332 1543 1372 premissis
1568 1333 1819 1363 confirmacionis

177 1388 282 1414 nostre
305 1383 438 1423 litteras,
463 1394 557 1424 quam
583 1384 644 1413 cito
670 1382 711 1413 ad
734 1383 858 1423 apicem
883 1383 971 1423 regie
996 1382 1169 1423 dignitatis,
1192 1383 1354 1413 Altissinlo
1372 1387 1531 1413 annuente
1549 1385 1697 1421 sermoni,
1721 1384 1818 1415 fueri-

177 1446 246 1465 mus
270 1434 413 1469 exaltati,
437 1435 478 1465 ad
502 1435 562 1465 hec
587 1438 619 1465 et
643 1434 809 1475 quodlibet
833 1435 1059 1474 premissorum
1083 1445 1139 1464 nos
1163 1435 1341 1465 iuramento
1358 1435 1491 1474 prestito
1510 1434 1698 1475 obligantes.
1781 1436 1817 1466 In

136 1496 159 1515 :¹5
178 1487 264 1517 euius
288 1487 333 1517 rei
358 1487 574 1517 testimonium
599 1490 764 1527 presentes
788 1486 911 1515 litteras
935 1486 1089 1516 conscribi
1114 1489 1145 1515 et
1169 1486 1272 1526 sigillo
1297 1490 1404 1516 nostro
1428 1486 1575 1516 iussimus
1600 1488 1795 1517 communiri.

279 1538 352 1569 Dat.
378 1537 463 1578 apud
481 1537 630 1568 Sanctum
648 1537 768 1574 Vitum„
793 1538 823 1567 in
849 1536 899 1567 die
917 1537 1174 1567 annunciacionis
1191 1537 1286 1567 beate
1304 1537 1403 1567 Mario
1428 1538 1566 1577 virginis⁴¹
1592 1548 1673 1567 anno
1691 1537 1819 1568 Domini

178 1590 345 1620 millesimo
371 1589 589 1619 ducentesimo
614 1589 820 1629 nonagesimo
847 1589 995 1619 secundo.

299 1717 374 1748 473.
411 1717 662 1747 PHOMJSSIO
688 1717 878 1748 COJHTIS
902 1717 1127 1748 PALATLVI
1152 1717 1266 1748 DI'CI
1289 1716 1490 1748 AVUSTRIA
1500 1718 1529 1747 la*
1550 1717 1684 1747 DATA.

863 1771 950 1799 1202.
990 1771 1069 1808 Altr.
1089 1772 1137 1799 15¹.

138 1837 162 1856 :30
279 1828 488 1867 Proponamus
520 1840 556 1859 ew
589 1828 794 1867 cmtoyrapho,
828 1829 910 1868 qaod
945 1830 977 1860 [n
1008 1829 1164 1860 tabulario
1195 1829 1420 1859 Isindolnnmzwsi
1450 1831 1637 1858 asservatur.
1700 1829 1819 1860 Pendet

178 1880 312 1920 siyillzcm
341 1881 406 1918 sere
437 1880 577 1911 illacsmn
607 1880 670 1911 loro
699 1881 936 1911 memlnzmaceo.
999 1901 1005 1902 ff
1034 1881 1183 1920 Raeycsten
1211 1881 1265 1910 dm·
1295 1879 1500 1919 Ps'alsyrafen
1530 1882 1621 1910 1264.
1673 1880 1817 1914 Rolnam:

180 1931 254 1971 ΒΘΗ.
279 1933 490 1962 1246ᾉ1313
514 1931 741 1962 Reichssaelzen
765 1934 836 1962 171.
1530 1931 1582 1964 (P.
1607 1931 1715 1969 (least.)

280 2017 327 2058 (l)
351 2017 417 2047 Nos
446 2016 616 2047 Ludwieus
646 2017 707 2047 Dei
740 2018 848 2058 gracia
882 2028 988 2049 comes
1019 2018 1178 2058 palatinus
1206 2018 1287 2048 Heni
1321 2017 1385 2047 dux
1419 2017 1564 2047 Bawarie
1599 2022 1709 2048 tenore
1744 2028 1817 2058 pre-

181 2069 319 2099 sencium
343 2068 528 2109 profitemur
552 2072 584 2098 et
608 2069 687 2099 scire
712 2068 856 2098 volumus
879 2070 1056 2105 universos,
1081 2069 1165 2109 quod
1189 2080 1246 2099 nos
1269 2069 1353 2099 bona
1376 2068 1438 2099 fide
1464 2069 1664 2109 promisimus
1689 2073 1720 2099 et
1744 2080 1816 2109 pro-

140 2131 161 2148 31
180 2120 332 2150 mittimus
360 2120 517 2160 corporali
550 2130 646 2160 super
675 2130 712 2150 eo
744 2120 876 2160 prestito
907 2120 1097 2156 iuramento,
1133 2120 1217 2160 quod
1248 2121 1288 2150 ad
1318 2120 1378 2150 hoc
1408 2121 1509 2150 tocius
1537 2120 1757 2150 sollicitudinis
1787 2128 1819 2151 et

182 2170 348 2212 diligencie
372 2175 478 2201 nostre
503 2171 640 2201 studium
667 2175 888 2201 convertemus
913 2173 1061 2212 0111111000
1087 2172 1198 2202 fraude
1224 2183 1259 2202 ac
1285 2172 1411 2212 ingenio
1436 2171 1519 2201 malo
1538 2172 1674 2201 exclusis
1692 2172 1816 2202 curabi-

181 2232 248 2252 mus
272 2232 430 2263 opemque
456 2222 601 2252 dabimus
626 2226 658 2253 et
686 2233 817 2263 operam
843 2223 1022 2262 efficacem,
1053 2223 1136 2263 quod
1166 2224 1327 2254 seculares
1356 2224 1513 2264 principes
1544 2224 1591 2253 ius
1621 2224 1649 2253 in
1680 2223 1816 2253 Romani

181 2273 263 2313 regis
294 2273 455 2304 eleccione
487 2273 644 2303 habentes
673 2284 735 2303 una
767 2275 932 2304 nobiscum
962 2275 992 2304 in
1021 2275 1223 2315 magnificum
1253 2275 1427 2315 principem
1460 2274 1620 2304 dominnm
1646 2274 1814 2305 Albcrtum

183 2323 293 2354 ducem
318 2324 445 2355 Austrie
471 2329 503 2355 et
526 2324 645 2365 Styrie,
679 2325 806 2355 astinem
838 2330 978 2356 nostrum
1003 2326 1220 2364 karissimum,
1249 2330 1322 2356 vota
1351 2336 1407 2355 sua
1432 2325 1570 2365 dirigant
1594 2326 1761 2365 ipsumque
1786 2327 1815 2355 in

140 2386 163 2403 1ο
182 2385 288 2415 regem
313 2376 433 2416 eligant
448 2375 676 2413 Romanorum„
702 2387 796 2417 quem
821 2380 908 2406 tanto
934 2377 1062 2407 culmini
1083 2377 1277 2418 singulorum
1296 2377 1472 2417 principum
1490 2377 1658 2406 Alamanie
1677 2378 1816 2417 pensatis

182 2426 415 2457 condicionibus
439 2430 471 2457 et
494 2428 741 2458 eircumstanciis
758 2428 942 2468 ponderatis
958 2429 1060 2469 magis
1077 2432 1186 2469 aptum
1212 2434 1244 2459 et
1265 2429 1404 2459 habilem
1422 2428 1621 2458 arbitramur.
1705 2428 1751 2468 (2)
1776 2428 1815 2457 Et

182 2477 206 2506 si
229 2477 309 2508 forte
335 2478 419 2518 quod
443 2478 525 2509 absit
549 2479 709 2519 predictos
733 2482 856 2509 nostros
881 2481 1101 2520 conprincipes
1124 2480 1174 2509 vel
1204 2490 1312 2510 eorum
1345 2479 1469 2520 aliquos
1497 2482 1552 2509 aut
1579 2479 1733 2519 1111000111,
1769 2480 1814 2508 in-

183 2527 304 2569 dagatis
320 2529 459 2569 ipsorum
476 2530 691 2561 voluntatibus
712 2534 785 2560 ante
804 2530 972 2561 eleccionis
989 2532 1156 2561 terminum
1182 2531 1231 2561 vel
1256 2532 1286 2561 in
1310 2532 1378 2571 ipso
1403 2531 1548 2569 termino,
1572 2541 1633 2560 non
1651 2541 1815 2570 pos-scmus

183 2578 222 2609 ad
250 2579 428 2610 huiusmodi
459 2581 641 2611 favorabilis
672 2582 858 2612 intencionis
886 2585 992 2612 nostre
1024 2583 1220 2623 propositum
1255 2582 1421 2614 inclinare,
1456 2581 1676 2611 11101111011111105ι
1709 2584 1812 2610 tamen

143 2640 165 2657 11,
184 2629 283 2669 ipsum
312 2630 424 2661 ducem
453 2632 581 2663 Austrie
612 2636 643 2662 et
671 2632 790 2662 nullum
820 2633 916 2663 alium
941 2644 1139 2663 assumemus
1168 2637 1199 2663 ct
1231 2634 1259 2663 in
1292 2644 1398 2674 regem
1430 2633 1583 2662 debemus
1612 2636 1643 2661 ct
1672 2632 1815 2661 volumus

283 2723 346 2750 472.
366 2726 388 2757 a)
407 2735 436 2750 sv
455 2735 521 2751 corr.
540 2735 569 2751 επ
588 2736 607 2758 sJ
628 2736 666 2752 or.

284 2792 308 2822 1)
330 2791 370 2823 Cf.
391 2793 450 2826 Re‘y.
470 2793 529 2825 imp.
550 2793 596 2825 VI,
612 2797 658 2819 985
675 2796 696 2819 vt
716 2798 784 2819 1374.
872 2795 897 2827 2)
918 2794 1000 2819 Caius
1018 2793 1156 2825 emptionis
1175 2793 1328 2819 documenta
1348 2796 1450 2817 serrata
1472 2801 1523 2817 non
1543 2796 1612 2817 sunt.

1565 2843 1613 2866 ...18³⁷
