2259 3164
92 848 114 866 10

88 1151 110 1169 1⁵

86 1412 110 1430 20

84 1667 107 1687 25

84 1924 107 1943 30

83 2189 105 2208 ³5

81 2445 105 2463 ⁴0

79 2794 102 2813 45

481 179 637 206 RUDOLFI
656 179 759 205 REGIS
779 178 1097 205 CONSTITUTIONES.
1136 181 1208 206 1278.
1246 181 1291 206 Nr.
1307 182 1361 207 184.
1378 182 1433 207 135.
1717 186 1770 214 171

146 279 228 312 pape
251 266 480 306 marschalcoss‚
504 266 654 297 Adinolfo
679 265 824 303 Comitis,
848 266 985 297 Nicolao
1012 266 1144 297 Comitis
1170 271 1203 298 et
1225 268 1322 298 Petro
1341 268 1472 299 Comitis
1496 269 1534 300 de
1552 269 1638 300 Urbe
1663 270 1772 300 militi-

147 321 203 352 bus
234 323 265 350 et
294 329 388 360 quam
420 318 563 360 pluribus
593 318 664 348 aliis
690 318 814 348 clericis
841 322 871 348 ct
895 319 983 348 laicis
1015 318 1045 348 in
1070 318 1274 349 multitudine
1305 325 1503 355 numerosae,
1533 332 1615 351 anno
1648 321 1773 352 Domini

145 369 507 409 MCOLXXVIII,IIII.
526 369 576 400 die
594 370 714 400 mensis
728 369 815 409 Maii,
830 370 938 400 indict.
952 370 1008 408 VI,
1026 370 1228 411 pontificatus
1244 381 1318 401 vcro
1337 371 1454 402 domini
1468 372 1600 413 Nycolai
1618 383 1701 413 pape
1715 372 1773 404 ΙΙΙ.

146 433 226 454 anno
251 432 360 464 primo.

249 473 318 514 Ego
342 473 464 504 Paulus
490 472 528 503 de
553 472 656 503 Reate
682 473 859 514 apostolica
884 473 1058 503 autoritate
1084 477 1116 504 et
1140 484 1222 503 nunc
1248 484 1373 504 (amere
1392 474 1507 505 domini
1526 485 1607 515 pape
1632 475 1773 505 notarius

144 527 203 557 hiis
228 525 372 556 omnibus
397 525 526 555 interfui
553 528 584 555 et
608 524 647 554 de
672 523 824 554 mandato
850 524 994 554 ciusdem
1020 525 1213 555 sanctissimi
1246 526 1346 565 patris
1370 525 1487 556 domini
1512 526 1644 568 Nycolai
1674 536 1709 556 ac
1734 525 1772 556 de

142 581 254 618 rogatu
278 577 377 619 ipsius
401 576 509 607 fratris
535 575 672 606 Conradi
697 576 817 617 scripsi,
842 576 1003 617 publicavi
1028 579 1059 606 ct
1084 577 1207 617 signum
1233 577 1302 607 feci.

320 721 394 753 185.
425 721 684 752 INNOVATIO
711 721 1110 753 CONFIRMATIONJS
1132 721 1518 753 PRH‘ILEGIORNM
1540 722 1602 752 ET

237 772 630 805 IURAMENTORUM
648 785 676 804 α.
696 774 787 803 1:374.
817 773 908 804 PER
932 773 1318 804 PROCURATOREM
1336 773 1502 804 DATAE.
1542 774 1624 804 Mai.
1641 776 1669 805 4.

243 834 469 873 Autem-siphon
485 833 620 864 ciusdem
644 833 798 864 talmlariz‘
815 834 902 864 Arm.
917 834 939 864 I
958 845 982 864 c.
1002 833 1028 864 V
1043 844 1090 864 ην.
1105 835 1133 870 9,
1157 834 1248 864 cuius
1263 833 1398 872 sv’ssillum
1415 834 1618 869 ‹che'dm-utm·‚
1642 833 1771 863 contulit

138 886 259 917 Paulus
281 886 397 916 Keltrk
443 885 576 916 Editzcm
604 887 647 915 cst
676 885 764 924 0de
793 885 951 924 Zaccaqmi
980 885 997 916 l.
1016 896 1039 915 c.
1064 886 1206 924 Append.
1225 886 1355 915 :37-112
1381 888 1409 915 et
1437 885 1523 924 apud
1549 885 1681 915 Theium·
1710 884 1727 916 Ι.
1746 896 1768 915 ι’.

143 938 245 975 Ι,2()3
267 948 314 969 vr.
333 938 405 968 3:38.
444 937 531 968 Haec
559 937 716 967 innovatio
740 937 774 967 rin
792 937 970 975 Rzyislrum
994 936 1121 967 Nicolai
1137 937 1202 967 III.
1226 936 1244 967 l.
1261 947 1285 966 e.
1310 937 1476 975 aqum-«tine
1501 946 1560 966 nrm
1585 939 1628 966 est
1651 939 1769 974 recepta

135 990 187 1020 sed
211 989 252 1019 ihi
267 989 471 1028 recoquitionc
487 988 545 1019 silla
561 988 693 1019 alterins
713 989 923 1019 invitm-(dionis
939 998 1037 1027 suffla
1062 999 1111 1018 ω’.
1131 989 1170 1017 91
1195 988 1341 1026 implicite
1362 989 1544 1018 (fontinattsur.
1588 986 1621 1017 Γ.
1642 987 1773 1017 Tleeimr

135 1040 153 1072 l.
170 1051 194 1072 c.
211 1041 237 1079 I,
254 1041 316 1070 :229
339 1040 392 1071 col.
410 1042 438 1072 1.
464 1059 503 1063 —
527 1040 673 1077 BOhmer,
699 1040 772 1079 Rey.
788 1040 861 1078 simp.
887 1039 939 1076 ΓΙ,
957 1040 1026 1070 944.
1476 1038 1529 1078 (P.
1554 1039 1660 1078 deest)

240 1135 278 1166 In
301 1135 428 1166 nomine
451 1134 582 1165 Domini
605 1145 708 1166 amen.

241 1195 309 1236 Ego
338 1196 436 1226 frater
460 1194 626 1226 Conradus
659 1195 806 1225 minister
838 1195 970 1225 fratrum
996 1194 1155 1225 Minorum
1186 1193 1361 1235 superioris
1386 1192 1571 1231 Alemanie,
1601 1193 1763 1233 gloriosis-

136 1248 205 1279 simi
229 1250 261 1279 et
287 1247 494 1278 illustrissimi
521 1247 672 1288 principis
697 1246 815 1277 domini
840 1247 902 1276 mei
931 1245 1059 1276 Rudolfi
1083 1245 1144 1276 Dei
1165 1245 1266 1285 gratia
1288 1245 1372 1285 regis
1397 1244 1614 1275 Romanorum
1638 1255 1763 1285 semper

135 1299 260 1340 augusti
284 1302 471 1340 procurator
495 1302 527 1329 et
551 1299 698 1333 nuntius,
724 1297 845 1329 habens
870 1297 910 1327 ab
934 1298 1002 1338 ipso
1026 1300 1220 1338 potestatem
1247 1299 1278 1327 et
1301 1296 1487 1327 mandatum
1512 1296 1541 1326 in
1566 1295 1668 1326 forma
1692 1295 1766 1326 sub-

138 1352 265 1393 scripta,
291 1351 485 1381 constitutus
510 1351 541 1380 in
566 1350 731 1391 presentia
757 1353 873 1387 vostra,
898 1349 1083 1380 beatissime
1108 1351 1200 1389 pater
1224 1347 1351 1378 domine
1376 1347 1506 1378 Nicolae
1531 1347 1638 1377 divina
1662 1347 1766 1388 provi—

136 1403 242 1434 dentia
264 1413 349 1444 papa
372 1402 432 1440 III,
456 1403 488 1433 in
514 1403 707 1433 consistorio
732 1405 838 1432 vestro
864 1401 895 1431 in
919 1401 1025 1442 papali
1050 1400 1171 1441 palatio
1195 1399 1278 1441 apud
1305 1399 1458 1430 Sanctum
1477 1399 1607 1430 Petrum
1632 1399 1663 1428 in
1688 1398 1766 1429 urbe

134 1454 288 1493 Romana,
314 1454 539 1485 assistentibus
564 1454 655 1485 vobis
681 1453 858 1484 reverendo
884 1456 957 1483 cetu
981 1452 1183 1482 dominorum
1209 1450 1433 1489 cardinalium,
1458 1450 1608 1481 videlicet
1631 1460 1764 1481 venera-

132 1505 246 1536 bilibus
269 1506 413 1548 patribus
437 1505 573 1536 dominis
601 1504 637 1535 O.
663 1505 858 1543 Tusculano,
883 1504 920 1534 B.
946 1504 1124 1535 Albanensi
1153 1507 1184 1533 et
1207 1503 1243 1533 L.
1261 1502 1405 1533 Ostiensi
1430 1506 1461 1533 et
1478 1502 1673 1533 Velletrensi
1698 1502 1764 1542 epi-

135 1558 252 1599 scopis,
284 1558 322 1588 A.
355 1558 439 1588 tituli
468 1557 585 1588 Sancte
616 1557 789 1591 PraxediS,
822 1556 860 1587 G.
891 1556 975 1586 tituli
1008 1555 1116 1586 Sancti
1146 1554 1245 1585 Marci
1280 1557 1312 1585 et
1336 1554 1373 1585 G.
1406 1554 1488 1584 tituli
1519 1553 1650 1584 basilice
1680 1552 1765 1583 ΧΙΙ1ι

134 1609 356 1650 Apostolorum
386 1609 592 1650 presbiteris,
624 1608 650 1639 Ι.
677 1609 796 1639 Sancte
820 1608 922 1639 Mai-ie
954 1609 985 1638 in
1011 1607 1190 1646 Cosmidin,
1223 1606 1261 1637 G.
1287 1607 1397 1637 Sancti
1428 1606 1560 1646 Georgii
1584 1605 1625 1636 ad
1647 1605 1763 1635 Velum

134 1671 282 1700 aureum,
311 1661 353 1693 M.
379 1660 495 1692 Sancte
520 1661 621 1691 Maric
647 1661 678 1691 in
703 1661 850 1693 Porticu,
886 1659 911 1691 I.
937 1659 1045 1689 Sancti
1070 1658 1237 1689 Eustachii
1267 1661 1299 1688 et
1322 1657 1440 1688 Iacobo
1466 1656 1583 1687 Sancte
1607 1656 1708 1687 Marie
1733 1656 1763 1686 in

134 1713 194 1744 Via
217 1713 283 1744 lata
305 1713 448 1744 diaconis
473 1712 704 1751 cardinalibus,
731 1722 926 1753 rccognosco
952 1715 984 1741 et
1008 1710 1177 1747 confiteor,
1208 1709 1366 1750 quondam
1391 1709 1540 1739 Ottoncm
1567 1708 1763 1749 prepositum

134 1765 267 1795 ecclesie
291 1765 392 1796 sancti
418 1764 574 1796 Gnidonis
604 1764 766 1806 Spirensis
792 1764 878 1804 regie
909 1763 981 1793 aule
1015 1762 1242 1792 cancellarium
1275 1761 1426 1791 habuisse
1456 1770 1474 1790 a
1503 1759 1646 1800 predicto
1676 1770 1762 1789 sere-

132 1816 261 1847 nissimo
285 1817 426 1858 principe
451 1816 579 1847 domino
606 1816 745 1846 Rudolfo
770 1815 831 1845 Dei
857 1815 958 1855 gratia
984 1824 1059 1855 rege
1078 1814 1296 1844 Romanorum
1322 1822 1449 1853 semper
1473 1814 1608 1852 augusto
1633 1809 1762 1840 manda-

132 1870 197 1898 tum
221 1868 317 1909 sigilli
342 1869 389 1899 sui
413 1868 589 1899 munimine
624 1867 853 1897 communitum
886 1865 1080 1906 infrascripti
1113 1865 1249 1900 tenoris,
1286 1864 1374 1894 cuius
1406 1863 1598 1893 auctoritate
1633 1861 1761 1891 nomine

133 1919 274 1950 eiusdem
300 1920 419 1951 domini
450 1920 535 1961 regis
565 1930 673 1950 coram
699 1919 749 1959 pie
774 1919 926 1949 memorie
951 1918 1081 1947 domino
1107 1916 1263 1957 Gregorio
1293 1925 1377 1956 papa
1411 1914 1549 1951 decimo,
1581 1912 1761 1943 astantibus

134 1970 192 2001 sibi
215 1971 316 2002 felicis
342 1971 573 2003 recordationis
597 1971 726 2001 domino
751 1971 938 2001 Innocentio
964 1970 1004 2000 V.
1029 1973 1103 1999 tunc
1128 1968 1225 1999 Petro
1251 1967 1394 1997 Ostiensi
1422 1970 1452 1996 et
1475 1965 1668 1996 Velletrensi
1693 1964 1760 2005 cpi-

133 2033 241 2064 scopo,
276 2023 418 2054 Adriano
449 2023 488 2055 V.
522 2026 598 2053 tunc
630 2022 791 2053 Ottobono
828 2022 937 2052 Sancti
967 2021 1100 2051 Adriani
1131 2019 1265 2050 diacono
1301 2017 1454 2049 cardinali
1489 2021 1520 2047 et
1550 2016 1678 2047 domino
1708 2016 1760 2046 Io-

132 2073 234 2105 hanne
258 2074 348 2106 XXI.
373 2079 447 2105 tunc
472 2075 567 2106 Petro
594 2075 746 2115 episcopo
772 2074 972 2110 Tusculano,
1003 2072 1156 2103 Romanis
1191 2070 1411 2112 pontificibus,
1447 2072 1478 2099 et
1501 2069 1583 2099 bone
1608 2068 1760 2098 memorie

132 2124 272 2157 Iohanne
295 2126 476 2164 Portuensi,
501 2126 712 2157 Viccdomino
737 2125 943 2156 Prenestrino
970 2128 1001 2154 et
1025 2124 1122 2154 fratre
1139 2123 1368 2153 Bonauentura
1386 2120 1563 2151 Albanensi
1589 2119 1758 2160 episcopis,

134 2175 270 2218 Symone
295 2178 379 2208 tituli
404 2178 513 2208 Sancti
537 2177 668 2208 Martini
693 2177 873 2219 presbitero
898 2180 930 2207 et
953 2176 1076 2206 Vberto
1102 2175 1211 2205 Sancti
1236 2172 1400 2203 Eustachii
1430 2171 1564 2202 diacono
1590 2170 1758 2200 cardinali-

132 2227 190 2259 bus
214 2239 250 2260 ac
275 2229 458 2260 reverendis
483 2230 629 2271 patribus
654 2229 804 2270 predictis
829 2228 965 2259 dominis
990 2228 1031 2258 A.
1055 2226 1138 2257 tituli
1159 2225 1277 2256 Sancte
1294 2223 1462 2259 Praxedis,
1488 2222 1526 2252 G.
1545 2222 1627 2252 tituli
1650 2221 1758 2252 Sancti

131 2278 245 2319 Marci,
277 2280 415 2322 Symone
445 2281 527 2311 tituli
560 2280 677 2311 Sancte
708 2280 829 2311 Cecilie
860 2278 1063 2321 presbiteris.v
1100 2277 1216 2308 Iacobo
1248 2277 1364 2307 Sancte
1396 2274 1496 2304 Marie
1527 2274 1556 2304 in
1582 2272 1757 2304 Cosmidin,

132 2329 310 2363 Gottifredo
329 2332 437 2363 Sancti
455 2332 588 2373 Georgii
612 2331 652 2362 ad
670 2332 785 2362 Velum
804 2341 937 2362 aureum
959 2334 990 2360 et
1007 2329 1137 2359 Matheo
1157 2328 1275 2359 Sancte
1292 2327 1392 2357 Mario
1417 2326 1447 2355 in
1465 2325 1592 2355 Porticu
1616 2323 1757 2354 diaconis

132 2383 341 2414 cardinalibus
366 2387 398 2415 et
420 2384 624 2425 presentibus
656 2384 734 2414 inibi
757 2382 992 2413 venerabilibus
1018 2381 1163 2422 patribus
1188 2379 1330 2410 Henrico
1349 2376 1553 2412 Treuercnsi,
1579 2374 1755 2405 Guarnerio

130 2433 561 2476 Maguntin0,Enguebe1-t0
591 2435 789 2469 Coloniensi,
820 2433 968 2464 Conrado
1000 2431 1273 2472 Magdeburgensi
1307 2432 1339 2460 et
1371 2428 1555 2459 Gisclbcrto
1587 2426 1755 2456 Brcmcnsi

130 2485 384 2528 archiepiscopis,
407 2486 554 2517 Conrado
572 2486 811 2527 Argentinensi,
838 2485 943 2516 Leone
962 2483 1203 2524 Ratisponcnsi.
1229 2481 1381 2511 Brunonc
1399 2478 1592 2515 Brixincnsi,
1618 2476 1754 2507 Ottoncb

130 2535 297 2577 Mindensi,
321 2538 493 2569 Frederico
518 2538 791 2579 Merseburgcnsi,
818 2536 998 2577 NVidcgonc
1024 2535 1188 2571 Misnensi,
1214 2533 1356 2564 Iohanne
1382 2530 1537 2561 Kimensi.
1562 2527 1752 2558 Ildcbrando

230 2631 291 2658 184.
310 2632 334 2664 8)
352 2642 363 2658 s
382 2642 448 2659 corr,
467 2642 496 2658 ex
515 2642 527 2657 c
547 2637 576 2657 tr.

229 2708 291 2734 185.
312 2712 334 2742 ἢ)
354 2711 457 2735 basilice
477 2711 523 2734 xll
544 2711 570 2734 ἰη
588 2718 682 2733 rasura
702 2718 738 2733 or.
826 2708 849 2734 ὓ)
870 2708 893 2731 in
915 2716 1008 2731 rasum
1027 2716 1063 2730 or.

230 2786 254 2819 l)
278 2786 304 2812 V.
323 2787 419 2812 ‘Neues
441 2787 544 2812 Ao-elzz'c’
566 2785 647 2818 XIV,
661 2788 707 2809 35⁸
727 2792 766 2809 ην,
780 2788 817 2809 35.
