<?xml version="1.0" encoding="UTF-8"?>
<!DOCTYPE html PUBLIC "-//W3C//DTD XHTML 1.0 Transitional//EN"
    "http://www.w3.org/TR/xhtml1/DTD/xhtml1-transitional.dtd">
<html xmlns="http://www.w3.org/1999/xhtml" xml:lang="en" lang="en">
 <head>
  <title>
</title>
<meta http-equiv="Content-Type" content="text/html;charset=utf-8" />
  <meta name='ocr-system' content='tesseract 3.04.00' />
  <meta name='ocr-capabilities' content='ocr_page ocr_carea ocr_par ocr_line ocrx_word'/>
</head>
<body>
  <div class='ocr_page' id='page_1' title='image "./monumentagelegum03geseuoft/monumentagelegum03geseuoft_0677.png"; bbox 0 0 2259 3164; ppageno 0'>
   <div class='ocr_carea' id='block_1_1' title="bbox 182 745 205 763">
    <p class='ocr_par' dir='ltr' id='par_1_1' title="bbox 182 745 205 763">
     <span class='ocr_line' id='line_1_1' title="bbox 182 745 205 763; baseline -0.043 0"><span class='ocrx_word' id='word_1_1' title='bbox 182 745 205 763; x_wconf 90' lang='lat'>10</span> 
     </span>
    </p>
   </div>
   <div class='ocr_carea' id='block_1_2' title="bbox 180 1001 202 1019">
    <p class='ocr_par' dir='ltr' id='par_1_2' title="bbox 180 1001 202 1019">
     <span class='ocr_line' id='line_1_2' title="bbox 180 1001 202 1019; baseline 0 0"><span class='ocrx_word' id='word_1_2' title='bbox 180 1001 202 1019; x_wconf 79' lang='lat'>1⁵</span> 
     </span>
    </p>
   </div>
   <div class='ocr_carea' id='block_1_3' title="bbox 179 1258 204 1277">
    <p class='ocr_par' dir='ltr' id='par_1_3' title="bbox 179 1258 204 1277">
     <span class='ocr_line' id='line_1_3' title="bbox 179 1258 204 1277; baseline -0.04 0"><span class='ocrx_word' id='word_1_3' title='bbox 179 1258 204 1277; x_wconf 81' lang='lat'>20</span> 
     </span>
    </p>
   </div>
   <div class='ocr_carea' id='block_1_4' title="bbox 180 1515 203 1534">
    <p class='ocr_par' dir='ltr' id='par_1_4' title="bbox 180 1515 203 1534">
     <span class='ocr_line' id='line_1_4' title="bbox 180 1515 203 1534; baseline -0.043 0"><span class='ocrx_word' id='word_1_4' title='bbox 180 1515 203 1534; x_wconf 83' lang='lat'>25</span> 
     </span>
    </p>
   </div>
   <div class='ocr_carea' id='block_1_5' title="bbox 179 1771 204 1790">
    <p class='ocr_par' dir='ltr' id='par_1_5' title="bbox 179 1771 204 1790">
     <span class='ocr_line' id='line_1_5' title="bbox 179 1771 204 1790; baseline -0.04 0"><span class='ocrx_word' id='word_1_5' title='bbox 179 1771 204 1790; x_wconf 87' lang='grc'>30</span> 
     </span>
    </p>
   </div>
   <div class='ocr_carea' id='block_1_6' title="bbox 177 2381 200 2399">
    <p class='ocr_par' dir='ltr' id='par_1_6' title="bbox 177 2381 200 2399">
     <span class='ocr_line' id='line_1_6' title="bbox 177 2381 200 2399; baseline 0 0"><span class='ocrx_word' id='word_1_6' title='bbox 177 2381 200 2399; x_wconf 80' lang='lat'>3⁵</span> 
     </span>
    </p>
   </div>
   <div class='ocr_carea' id='block_1_7' title="bbox 268 186 1870 223">
    <p class='ocr_par' dir='ltr' id='par_1_7' title="bbox 268 186 1870 223">
     <span class='ocr_line' id='line_1_7' title="bbox 268 186 1870 223; baseline 0.005 -11"><span class='ocrx_word' id='word_1_7' title='bbox 268 186 563 213; x_wconf 74' lang='lat' dir='ltr'>SUPPLEMENTUM</span> <span class='ocrx_word' id='word_1_8' title='bbox 583 187 629 212; x_wconf 77' lang='grc' dir='ltr'>ΑΙ)</span> <span class='ocrx_word' id='word_1_9' title='bbox 648 186 806 213; x_wconf 84' lang='lat' dir='ltr'>RUDOLFI</span> <span class='ocrx_word' id='word_1_10' title='bbox 826 186 929 212; x_wconf 72' lang='lat' dir='ltr'>REGIS</span> <span class='ocrx_word' id='word_1_11' title='bbox 949 186 1273 216; x_wconf 61' lang='lat' dir='ltr'>CONN&#39;I&#39;ITU&#39;PIONES.</span> <span class='ocrx_word' id='word_1_12' title='bbox 1313 191 1385 217; x_wconf 73' lang='lat'>1274.</span> <span class='ocrx_word' id='word_1_13' title='bbox 1426 192 1497 218; x_wconf 72' lang='lat'>1277,</span> <span class='ocrx_word' id='word_1_14' title='bbox 1535 193 1581 218; x_wconf 84' lang='lat' dir='ltr'>Nr.</span> <span class='ocrx_word' id='word_1_15' title='bbox 1596 193 1652 219; x_wconf 75' lang='lat'>650.</span> <span class='ocrx_word' id='word_1_16' title='bbox 1672 193 1729 219; x_wconf 31' lang='lat'>651,</span> <span class='ocrx_word' id='word_1_17' title='bbox 1810 198 1870 223; x_wconf 60' lang='lat' dir='ltr'>{31}ss</span> 
     </span>
    </p>
   </div>
   <div class='ocr_carea' id='block_1_8' title="bbox 221 273 1871 1857">
    <p class='ocr_par' dir='ltr' id='par_1_8' title="bbox 227 273 1871 369">
     <span class='ocr_line' id='line_1_8' title="bbox 228 273 1871 320; baseline 0.004 -17"><span class='ocrx_word' id='word_1_18' title='bbox 228 274 368 313; x_wconf 81' lang='lat' dir='ltr'>presenti</span> <span class='ocrx_word' id='word_1_19' title='bbox 393 273 584 303; x_wconf 86' lang='lat' dir='ltr'>sanctientes</span> <span class='ocrx_word' id='word_1_20' title='bbox 602 273 718 311; x_wconf 86' lang='lat' dir='ltr'>edicto,</span> <span class='ocrx_word' id='word_1_21' title='bbox 743 273 827 313; x_wconf 90' lang='lat' dir='ltr'>quod</span> <span class='ocrx_word' id='word_1_22' title='bbox 844 283 964 312; x_wconf 87' lang='lat' dir='ltr'>omnes,</span> <span class='ocrx_word' id='word_1_23' title='bbox 989 284 1068 313; x_wconf 74' lang='lat' dir='ltr'>quos</span> <span class='ocrx_word' id='word_1_24' title='bbox 1085 274 1168 305; x_wconf 83' lang='lat' dir='ltr'>dicte</span> <span class='ocrx_word' id='word_1_25' title='bbox 1186 276 1321 306; x_wconf 82' lang='lat' dir='ltr'>civitatis</span> <span class='ocrx_word' id='word_1_26' title='bbox 1339 277 1568 308; x_wconf 70' lang='lat' dir='ltr'>inhabitatores</span> <span class='ocrx_word' id='word_1_27' title='bbox 1586 289 1654 309; x_wconf 83' lang='lat' dir='ltr'>esse</span> <span class='ocrx_word' id='word_1_28' title='bbox 1672 280 1871 320; x_wconf 77' lang='lat' dir='ltr'>contingerit,</span> 
     </span>
     <span class='ocr_line' id='line_1_9' title="bbox 227 324 1489 369; baseline 0.005 -16"><span class='ocrx_word' id='word_1_29' title='bbox 227 327 334 354; x_wconf 89' lang='lat' dir='ltr'>nostra</span> <span class='ocrx_word' id='word_1_30' title='bbox 359 328 391 355; x_wconf 86' lang='lat' dir='ltr'>et.</span> <span class='ocrx_word' id='word_1_31' title='bbox 413 324 539 364; x_wconf 88' lang='lat' dir='ltr'>imperii</span> <span class='ocrx_word' id='word_1_32' title='bbox 563 324 701 354; x_wconf 76' lang='lat' dir='ltr'>tuicione</span> <span class='ocrx_word' id='word_1_33' title='bbox 726 327 883 364; x_wconf 85' lang='lat' dir='ltr'>perpetua</span> <span class='ocrx_word' id='word_1_34' title='bbox 906 324 1068 364; x_wconf 72' lang='lat' dir='ltr'>gaudeant</span> <span class='ocrx_word' id='word_1_35' title='bbox 1093 330 1125 355; x_wconf 81' lang='lat' dir='ltr'>et</span> <span class='ocrx_word' id='word_1_36' title='bbox 1148 328 1323 366; x_wconf 81' lang='lat' dir='ltr'>patrocinio</span> <span class='ocrx_word' id='word_1_37' title='bbox 1349 329 1489 369; x_wconf 85' lang='lat' dir='ltr'>speciali.</span> 
     </span>
    </p>

    <p class='ocr_par' dir='ltr' id='par_1_9' title="bbox 226 375 1871 518">
     <span class='ocr_line' id='line_1_10' title="bbox 335 375 1871 421; baseline 0.004 -16"><span class='ocrx_word' id='word_1_38' title='bbox 335 378 362 406; x_wconf 83' lang='lat'>2.</span> <span class='ocrx_word' id='word_1_39' title='bbox 388 375 420 405; x_wconf 83' lang='lat' dir='ltr'>Si</span> <span class='ocrx_word' id='word_1_40' title='bbox 438 376 507 416; x_wconf 87' lang='lat' dir='ltr'>quis</span> <span class='ocrx_word' id='word_1_41' title='bbox 524 379 632 405; x_wconf 86' lang='lat' dir='ltr'>autem</span> <span class='ocrx_word' id='word_1_42' title='bbox 650 375 801 405; x_wconf 82' lang='lat' dir='ltr'>adversus</span> <span class='ocrx_word' id='word_1_43' title='bbox 819 375 958 416; x_wconf 81' lang='lat' dir='ltr'>aliquem</span> <span class='ocrx_word' id='word_1_44' title='bbox 983 377 1085 406; x_wconf 75' lang='lat' dir='ltr'>civem</span> <span class='ocrx_word' id='word_1_45' title='bbox 1110 378 1245 408; x_wconf 74' lang='lat' dir='ltr'>civitatis</span> <span class='ocrx_word' id='word_1_46' title='bbox 1263 379 1406 410; x_wconf 86' lang='lat' dir='ltr'>eiusdem</span> <span class='ocrx_word' id='word_1_47' title='bbox 1430 381 1570 421; x_wconf 75' lang='lat' dir='ltr'>aliquam</span> <span class='ocrx_word' id='word_1_48' title='bbox 1592 383 1791 421; x_wconf 83' lang='lat' dir='ltr'>questionem</span> <span class='ocrx_word' id='word_1_49' title='bbox 1816 386 1871 411; x_wconf 86' lang='lat' dir='ltr'>aut</span> 
     </span>
     <span class='ocr_line' id='line_1_11' title="bbox 226 426 1870 472; baseline 0.005 -16"><span class='ocrx_word' id='word_1_50' title='bbox 226 427 383 457; x_wconf 79' lang='lat' dir='ltr'>actionem</span> <span class='ocrx_word' id='word_1_51' title='bbox 408 426 566 465; x_wconf 87' lang='lat' dir='ltr'>habuerit,</span> <span class='ocrx_word' id='word_1_52' title='bbox 591 436 663 456; x_wconf 89' lang='lat' dir='ltr'>eum</span> <span class='ocrx_word' id='word_1_53' title='bbox 681 427 849 457; x_wconf 77' lang='lat' dir='ltr'>conveniat</span> <span class='ocrx_word' id='word_1_54' title='bbox 873 437 979 457; x_wconf 86' lang='lat' dir='ltr'>coram</span> <span class='ocrx_word' id='word_1_55' title='bbox 1005 428 1108 458; x_wconf 86' lang='lat' dir='ltr'>iudice</span> <span class='ocrx_word' id='word_1_56' title='bbox 1127 429 1272 465; x_wconf 78' lang='lat' dir='ltr'>civitatis,</span> <span class='ocrx_word' id='word_1_57' title='bbox 1298 431 1382 470; x_wconf 88' lang='lat' dir='ltr'>quod</span> <span class='ocrx_word' id='word_1_58' title='bbox 1407 431 1466 461; x_wconf 87' lang='lat' dir='ltr'>sibi</span> <span class='ocrx_word' id='word_1_59' title='bbox 1491 443 1547 472; x_wconf 85' lang='lat' dir='ltr'>per</span> <span class='ocrx_word' id='word_1_60' title='bbox 1567 433 1760 463; x_wconf 77' lang='lat' dir='ltr'>sentenciam</span> <span class='ocrx_word' id='word_1_61' title='bbox 1780 433 1870 463; x_wconf 78' lang='lat' dir='ltr'>adiu-</span> 
     </span>
     <span class='ocr_line' id='line_1_12' title="bbox 226 477 1667 518; baseline 0.004 -10"><span class='ocrx_word' id='word_1_62' title='bbox 226 477 364 508; x_wconf 80' lang='lat' dir='ltr'>dicatum</span> <span class='ocrx_word' id='word_1_63' title='bbox 390 478 532 508; x_wconf 82' lang='lat' dir='ltr'>extiterit</span> <span class='ocrx_word' id='word_1_64' title='bbox 556 481 758 518; x_wconf 81' lang='lat' dir='ltr'>accepturus,</span> <span class='ocrx_word' id='word_1_65' title='bbox 789 479 832 508; x_wconf 82' lang='lat' dir='ltr'>ita</span> <span class='ocrx_word' id='word_1_66' title='bbox 856 478 941 518; x_wconf 90' lang='lat' dir='ltr'>quod</span> <span class='ocrx_word' id='word_1_67' title='bbox 966 479 1006 509; x_wconf 85' lang='lat' dir='ltr'>ad</span> <span class='ocrx_word' id='word_1_68' title='bbox 1031 480 1126 510; x_wconf 87' lang='lat' dir='ltr'>alieni</span> <span class='ocrx_word' id='word_1_69' title='bbox 1136 480 1148 497; x_wconf 78' lang='lat'>¹&#39;</span> <span class='ocrx_word' id='word_1_70' title='bbox 1172 480 1231 510; x_wconf 88' lang='lat' dir='ltr'>fori</span> <span class='ocrx_word' id='word_1_71' title='bbox 1255 481 1404 512; x_wconf 81' lang='lat' dir='ltr'>iudicium</span> <span class='ocrx_word' id='word_1_72' title='bbox 1429 494 1489 513; x_wconf 90' lang='lat' dir='ltr'>non</span> <span class='ocrx_word' id='word_1_73' title='bbox 1516 483 1667 514; x_wconf 76' lang='lat' dir='ltr'>trahatur.</span> 
     </span>
    </p>

    <p class='ocr_par' dir='ltr' id='par_1_10' title="bbox 224 528 1870 671">
     <span class='ocr_line' id='line_1_13' title="bbox 332 528 1870 573; baseline 0.003 -14"><span class='ocrx_word' id='word_1_74' title='bbox 332 530 359 559; x_wconf 86' lang='lat'>3.</span> <span class='ocrx_word' id='word_1_75' title='bbox 385 529 519 569; x_wconf 87' lang='lat' dir='ltr'>Insuper</span> <span class='ocrx_word' id='word_1_76' title='bbox 536 528 575 559; x_wconf 89' lang='lat' dir='ltr'>de</span> <span class='ocrx_word' id='word_1_77' title='bbox 593 528 708 559; x_wconf 86' lang='lat' dir='ltr'>iudicio</span> <span class='ocrx_word' id='word_1_78' title='bbox 726 532 820 568; x_wconf 85' lang='lat' dir='ltr'>terre,</span> <span class='ocrx_word' id='word_1_79' title='bbox 839 529 924 569; x_wconf 84' lang='lat' dir='ltr'>quod</span> <span class='ocrx_word' id='word_1_80' title='bbox 941 533 1034 560; x_wconf 88' lang='lat' dir='ltr'>centa</span> <span class='ocrx_word' id='word_1_81' title='bbox 1052 531 1226 571; x_wconf 75' lang='lat' dir='ltr'>vulgariter</span> <span class='ocrx_word' id='word_1_82' title='bbox 1241 539 1449 573; x_wconf 86' lang='lat' dir='ltr'>nuncupatur,</span> <span class='ocrx_word' id='word_1_83' title='bbox 1467 535 1654 565; x_wconf 73' lang='lat' dir='ltr'>mandamus</span> <span class='ocrx_word' id='word_1_84' title='bbox 1671 540 1703 565; x_wconf 87' lang='lat' dir='ltr'>et</span> <span class='ocrx_word' id='word_1_85' title='bbox 1717 536 1870 571; x_wconf 69' lang='lat' dir='ltr'>volumus,</span> 
     </span>
     <span class='ocr_line' id='line_1_14' title="bbox 225 579 1870 621; baseline 0.003 -11"><span class='ocrx_word' id='word_1_86' title='bbox 225 580 310 620; x_wconf 81' lang='lat' dir='ltr'>quod</span> <span class='ocrx_word' id='word_1_87' title='bbox 338 579 512 610; x_wconf 88' lang='lat' dir='ltr'>secundum</span> <span class='ocrx_word' id='word_1_88' title='bbox 541 581 704 621; x_wconf 85' lang='lat' dir='ltr'>antiquam</span> <span class='ocrx_word' id='word_1_89' title='bbox 734 585 765 611; x_wconf 88' lang='lat' dir='ltr'>et</span> <span class='ocrx_word' id='word_1_90' title='bbox 794 580 1005 621; x_wconf 76' lang='lat' dir='ltr'>approbatam</span> <span class='ocrx_word' id='word_1_91' title='bbox 1036 582 1298 613; x_wconf 69' lang='lat' dir='ltr'>consuetudinem</span> <span class='ocrx_word' id='word_1_92' title='bbox 1324 584 1477 615; x_wconf 80' lang='lat' dir='ltr'>haetenus</span> <span class='ocrx_word' id='word_1_93' title='bbox 1502 586 1704 617; x_wconf 74' lang='lat' dir='ltr'>observatam</span> <span class='ocrx_word' id='word_1_94' title='bbox 1735 587 1764 616; x_wconf 93' lang='lat' dir='ltr'>in</span> <span class='ocrx_word' id='word_1_95' title='bbox 1796 587 1870 617; x_wconf 74' lang='lat' dir='ltr'>iuris</span> 
     </span>
     <span class='ocr_line' id='line_1_15' title="bbox 224 631 972 671; baseline 0.001 -10"><span class='ocrx_word' id='word_1_96' title='bbox 224 632 271 661; x_wconf 84' lang='lat' dir='ltr'>sui</span> <span class='ocrx_word' id='word_1_97' title='bbox 294 631 409 662; x_wconf 85' lang='lat' dir='ltr'>robore</span> <span class='ocrx_word' id='word_1_98' title='bbox 435 635 465 661; x_wconf 89' lang='lat' dir='ltr'>et</span> <span class='ocrx_word' id='word_1_99' title='bbox 489 632 594 671; x_wconf 82' lang='lat' dir='ltr'>rigore</span> <span class='ocrx_word' id='word_1_100' title='bbox 619 631 658 661; x_wconf 87' lang='lat' dir='ltr'>de</span> <span class='ocrx_word' id='word_1_101' title='bbox 683 635 791 662; x_wconf 84' lang='lat' dir='ltr'>cetero</span> <span class='ocrx_word' id='word_1_102' title='bbox 815 635 972 662; x_wconf 84' lang='lat' dir='ltr'>teneatur.</span> 
     </span>
    </p>

    <p class='ocr_par' dir='ltr' id='par_1_11' title="bbox 221 683 1870 879">
     <span class='ocr_line' id='line_1_16' title="bbox 331 683 1868 730; baseline 0.005 -18"><span class='ocrx_word' id='word_1_103' title='bbox 331 686 358 713; x_wconf 72' lang='lat'>4.</span> <span class='ocrx_word' id='word_1_104' title='bbox 385 683 548 713; x_wconf 76' lang='lat' dir='ltr'>Adicimus</span> <span class='ocrx_word' id='word_1_105' title='bbox 579 683 680 713; x_wconf 86' lang='lat' dir='ltr'>eciam</span> <span class='ocrx_word' id='word_1_106' title='bbox 712 683 771 713; x_wconf 83' lang='lat' dir='ltr'>hiis</span> <span class='ocrx_word' id='word_1_107' title='bbox 801 684 979 723; x_wconf 71' lang='lat' dir='ltr'>premissiS,</span> <span class='ocrx_word' id='word_1_108' title='bbox 1016 684 1100 724; x_wconf 88' lang='lat' dir='ltr'>quod</span> <span class='ocrx_word' id='word_1_109' title='bbox 1132 686 1155 714; x_wconf 82' lang='lat' dir='ltr'>si</span> <span class='ocrx_word' id='word_1_110' title='bbox 1188 696 1282 725; x_wconf 86' lang='lat' dir='ltr'>quem</span> <span class='ocrx_word' id='word_1_111' title='bbox 1316 686 1355 716; x_wconf 88' lang='lat' dir='ltr'>de</span> <span class='ocrx_word' id='word_1_112' title='bbox 1387 688 1514 718; x_wconf 78' lang='lat' dir='ltr'>civitate</span> <span class='ocrx_word' id='word_1_113' title='bbox 1544 688 1687 728; x_wconf 77' lang='lat' dir='ltr'>predicta</span> <span class='ocrx_word' id='word_1_114' title='bbox 1716 690 1868 730; x_wconf 74' lang='lat' dir='ltr'>proscribi</span> 
     </span>
     <span class='ocr_line' id='line_1_17' title="bbox 224 734 1870 781; baseline 0.004 -17"><span class='ocrx_word' id='word_1_115' title='bbox 224 735 407 775; x_wconf 86' lang='lat' dir='ltr'>contigerit,</span> <span class='ocrx_word' id='word_1_116' title='bbox 437 745 494 764; x_wconf 83' lang='lat' dir='ltr'>sua</span> <span class='ocrx_word' id='word_1_117' title='bbox 523 734 643 764; x_wconf 85' lang='lat' dir='ltr'>debeat</span> <span class='ocrx_word' id='word_1_118' title='bbox 671 735 758 775; x_wconf 78' lang='lat' dir='ltr'>regie</span> <span class='ocrx_word' id='word_1_119' title='bbox 788 735 839 765; x_wconf 78' lang='lat' dir='ltr'>vel</span> <span class='ocrx_word' id='word_1_120' title='bbox 863 735 1068 775; x_wconf 83' lang='lat' dir='ltr'>imperatorie</span> <span class='ocrx_word' id='word_1_121' title='bbox 1099 736 1184 766; x_wconf 89' lang='lat' dir='ltr'>curie</span> <span class='ocrx_word' id='word_1_122' title='bbox 1210 736 1392 768; x_wconf 68' lang='lat' dir='ltr'>denunciari</span> <span class='ocrx_word' id='word_1_123' title='bbox 1422 741 1641 780; x_wconf 67' lang='grc' dir='ltr'><strong>1110301111οἰοἱ</strong></span> <span class='ocrx_word' id='word_1_124' title='bbox 1678 745 1712 770; x_wconf 89' lang='lat' dir='ltr'>ut</span> <span class='ocrx_word' id='word_1_125' title='bbox 1743 742 1870 781; x_wconf 77' lang='lat' dir='ltr'>registri</span> 
     </span>
     <span class='ocr_line' id='line_1_18' title="bbox 221 785 1870 833; baseline 0.004 -18"><span class='ocrx_word' id='word_1_126' title='bbox 221 785 461 816; x_wconf 84' lang='lat' dir='ltr'>memorialibus</span> <span class='ocrx_word' id='word_1_127' title='bbox 490 785 694 825; x_wconf 69' lang='lat' dir='ltr'>inscribatur,</span> <span class='ocrx_word' id='word_1_128' title='bbox 727 797 789 816; x_wconf 89' lang='lat' dir='ltr'>non</span> <span class='ocrx_word' id='word_1_129' title='bbox 819 786 1034 816; x_wconf 87' lang='lat' dir='ltr'>restituendus</span> <span class='ocrx_word' id='word_1_130' title='bbox 1065 787 1183 827; x_wconf 79' lang='lat' dir='ltr'>regalis</span> <span class='ocrx_word' id='word_1_131' title='bbox 1215 792 1270 818; x_wconf 84' lang='lat' dir='ltr'>aut</span> <span class='ocrx_word' id='word_1_132' title='bbox 1293 789 1499 829; x_wconf 81' lang='lat' dir='ltr'>imperatorie</span> <span class='ocrx_word' id='word_1_133' title='bbox 1524 791 1678 822; x_wconf 69' lang='lat' dir='ltr'>beneficio</span> <span class='ocrx_word' id='word_1_134' title='bbox 1704 792 1870 833; x_wconf 73' lang='lat' dir='ltr'>largitatis,</span> 
     </span>
     <span class='ocr_line' id='line_1_19' title="bbox 221 837 1219 879; baseline 0.001 -12"><span class='ocrx_word' id='word_1_135' title='bbox 221 837 281 867; x_wconf 87' lang='lat' dir='ltr'>nisi</span> <span class='ocrx_word' id='word_1_136' title='bbox 303 837 487 867; x_wconf 82' lang='lat' dir='ltr'>absolvatur</span> <span class='ocrx_word' id='word_1_137' title='bbox 510 837 541 867; x_wconf 90' lang='lat' dir='ltr'>in</span> <span class='ocrx_word' id='word_1_138' title='bbox 566 837 645 875; x_wconf 86' lang='lat' dir='ltr'>loco,</span> <span class='ocrx_word' id='word_1_139' title='bbox 671 837 722 868; x_wconf 89' lang='lat' dir='ltr'>ubi</span> <span class='ocrx_word' id='word_1_140' title='bbox 749 838 895 878; x_wconf 87' lang='lat' dir='ltr'>primitus</span> <span class='ocrx_word' id='word_1_141' title='bbox 920 841 968 868; x_wconf 87' lang='lat' dir='ltr'>est</span> <span class='ocrx_word' id='word_1_142' title='bbox 992 839 1219 879; x_wconf 85' lang='lat' dir='ltr'>proseriptus¹.</span> 
     </span>
    </p>

    <p class='ocr_par' dir='ltr' id='par_1_12' title="bbox 223 888 1871 1032">
     <span class='ocr_line' id='line_1_20' title="bbox 329 888 1869 935; baseline 0.005 -17"><span class='ocrx_word' id='word_1_143' title='bbox 329 891 357 919; x_wconf 87' lang='lat'>5.</span> <span class='ocrx_word' id='word_1_144' title='bbox 382 888 556 919; x_wconf 78' lang='lat' dir='ltr'>Volumusd</span> <span class='ocrx_word' id='word_1_145' title='bbox 583 889 689 929; x_wconf 85' lang='lat' dir='ltr'>etiam,</span> <span class='ocrx_word' id='word_1_146' title='bbox 715 889 799 929; x_wconf 89' lang='lat' dir='ltr'>quod</span> <span class='ocrx_word' id='word_1_147' title='bbox 816 889 955 919; x_wconf 79' lang='lat' dir='ltr'>universi</span> <span class='ocrx_word' id='word_1_148' title='bbox 979 892 1011 919; x_wconf 89' lang='lat' dir='ltr'>et</span> <span class='ocrx_word' id='word_1_149' title='bbox 1035 890 1148 931; x_wconf 79' lang='lat' dir='ltr'>singuli</span> <span class='ocrx_word' id='word_1_150' title='bbox 1174 890 1256 921; x_wconf 83' lang='lat' dir='ltr'>dicte</span> <span class='ocrx_word' id='word_1_151' title='bbox 1282 892 1418 922; x_wconf 76' lang='lat' dir='ltr'>civitatis</span> <span class='ocrx_word' id='word_1_152' title='bbox 1441 894 1526 923; x_wconf 80' lang='lat' dir='ltr'>cives</span> <span class='ocrx_word' id='word_1_153' title='bbox 1550 898 1582 923; x_wconf 83' lang='lat' dir='ltr'>et</span> <span class='ocrx_word' id='word_1_154' title='bbox 1599 894 1710 931; x_wconf 75' lang='lat' dir='ltr'>incole,</span> <span class='ocrx_word' id='word_1_155' title='bbox 1736 896 1788 935; x_wconf 89' lang='lat' dir='ltr'>qui</span> <span class='ocrx_word' id='word_1_156' title='bbox 1813 905 1869 925; x_wconf 79' lang='lat' dir='ltr'>ex-</span> 
     </span>
     <span class='ocr_line' id='line_1_21' title="bbox 223 940 1871 983; baseline 0.003 -12"><span class='ocrx_word' id='word_1_157' title='bbox 223 940 364 971; x_wconf 83' lang='lat' dir='ltr'>actiones</span> <span class='ocrx_word' id='word_1_158' title='bbox 378 941 443 970; x_wconf 84' lang='lat' dir='ltr'>sive</span> <span class='ocrx_word' id='word_1_159' title='bbox 461 941 621 980; x_wconf 88' lang='lat' dir='ltr'>precarias</span> <span class='ocrx_word' id='word_1_160' title='bbox 635 940 881 981; x_wconf 82' lang='lat' dir='ltr'>imperatoribus</span> <span class='ocrx_word' id='word_1_161' title='bbox 896 944 928 971; x_wconf 87' lang='lat' dir='ltr'>et</span> <span class='ocrx_word' id='word_1_162' title='bbox 944 941 1074 981; x_wconf 79' lang='lat' dir='ltr'>regibus</span> <span class='ocrx_word' id='word_1_163' title='bbox 1086 941 1201 972; x_wconf 83' lang='lat' dir='ltr'>inclitis</span> <span class='ocrx_word' id='word_1_164' title='bbox 1218 944 1332 973; x_wconf 86' lang='lat' dir='ltr'>nestris</span> <span class='ocrx_word' id='word_1_165' title='bbox 1346 943 1625 983; x_wconf 78' lang='lat' dir='ltr'>predecessoribus</span> <span class='ocrx_word' id='word_1_166' title='bbox 1639 950 1871 977; x_wconf 76' lang='lat' dir='ltr'>‹;·‹;›nsueve1·unt</span> 
     </span>
     <span class='ocr_line' id='line_1_22' title="bbox 224 991 1868 1032; baseline 0.004 -11"><span class='ocrx_word' id='word_1_167' title='bbox 224 991 408 1028; x_wconf 79' lang='lat' dir='ltr'>exsolvere,</span> <span class='ocrx_word' id='word_1_168' title='bbox 439 992 529 1022; x_wconf 83' lang='lat' dir='ltr'>iuxta</span> <span class='ocrx_word' id='word_1_169' title='bbox 552 1002 675 1022; x_wconf 88' lang='lat' dir='ltr'>morem</span> <span class='ocrx_word' id='word_1_170' title='bbox 700 993 865 1032; x_wconf 84' lang='lat' dir='ltr'>antiquum</span> <span class='ocrx_word' id='word_1_171' title='bbox 896 996 927 1022; x_wconf 89' lang='lat' dir='ltr'>ct</span> <span class='ocrx_word' id='word_1_172' title='bbox 956 993 1083 1022; x_wconf 89' lang='lat' dir='ltr'>solitum</span> <span class='ocrx_word' id='word_1_173' title='bbox 1108 993 1262 1023; x_wconf 85' lang='lat' dir='ltr'>hactenus</span> <span class='ocrx_word' id='word_1_174' title='bbox 1292 1004 1346 1024; x_wconf 84' lang='lat' dir='ltr'>eas</span> <span class='ocrx_word' id='word_1_175' title='bbox 1370 995 1518 1025; x_wconf 81' lang='lat' dir='ltr'>ammodo</span> <span class='ocrx_word' id='word_1_176' title='bbox 1543 997 1666 1027; x_wconf 76' lang='lat' dir='ltr'>solvere</span> <span class='ocrx_word' id='word_1_177' title='bbox 1691 1001 1868 1027; x_wconf 78' lang='lat' dir='ltr'>teneantur.</span> 
     </span>
    </p>

    <p class='ocr_par' dir='ltr' id='par_1_13' title="bbox 222 1043 1869 1136">
     <span class='ocr_line' id='line_1_23' title="bbox 330 1043 1869 1088; baseline 0.004 -15"><span class='ocrx_word' id='word_1_178' title='bbox 330 1045 357 1073; x_wconf 83' lang='grc'>6.</span> <span class='ocrx_word' id='word_1_179' title='bbox 383 1043 538 1073; x_wconf 86' lang='lat' dir='ltr'>Preterea</span> <span class='ocrx_word' id='word_1_180' title='bbox 555 1043 667 1074; x_wconf 89' lang='lat' dir='ltr'>domus</span> <span class='ocrx_word' id='word_1_181' title='bbox 684 1043 813 1084; x_wconf 83' lang='lat' dir='ltr'>lapidea</span> <span class='ocrx_word' id='word_1_182' title='bbox 826 1044 976 1074; x_wconf 84' lang='lat' dir='ltr'>scultheti</span> <span class='ocrx_word' id='word_1_183' title='bbox 993 1044 1032 1075; x_wconf 87' lang='lat' dir='ltr'>de</span> <span class='ocrx_word' id='word_1_184' title='bbox 1050 1044 1258 1085; x_wconf 73' lang='lat' dir='ltr'>Rodenburg,</span> <span class='ocrx_word' id='word_1_185' title='bbox 1277 1046 1356 1076; x_wconf 86' lang='lat' dir='ltr'>sicut</span> <span class='ocrx_word' id='word_1_186' title='bbox 1373 1046 1526 1077; x_wconf 85' lang='lat' dir='ltr'>hactenus</span> <span class='ocrx_word' id='word_1_187' title='bbox 1546 1047 1603 1077; x_wconf 89' lang='lat' dir='ltr'>fuit</span> <span class='ocrx_word' id='word_1_188' title='bbox 1621 1060 1736 1088; x_wconf 80' lang='lat' dir='ltr'>expers</span> <span class='ocrx_word' id='word_1_189' title='bbox 1753 1050 1869 1079; x_wconf 87' lang='lat' dir='ltr'>contri-</span> 
     </span>
     <span class='ocr_line' id='line_1_24' title="bbox 222 1095 1280 1136; baseline 0.001 -10"><span class='ocrx_word' id='word_1_190' title='bbox 222 1095 367 1126; x_wconf 85' lang='lat' dir='ltr'>bucionis</span> <span class='ocrx_word' id='word_1_191' title='bbox 392 1096 546 1135; x_wconf 85' lang='lat' dir='ltr'>precarie,</span> <span class='ocrx_word' id='word_1_192' title='bbox 571 1096 614 1125; x_wconf 83' lang='lat' dir='ltr'>sic</span> <span class='ocrx_word' id='word_1_193' title='bbox 639 1095 792 1136; x_wconf 84' lang='lat' dir='ltr'>deinceps</span> <span class='ocrx_word' id='word_1_194' title='bbox 816 1095 930 1126; x_wconf 86' lang='lat' dir='ltr'>eadem</span> <span class='ocrx_word' id='word_1_195' title='bbox 955 1096 1097 1136; x_wconf 81' lang='lat' dir='ltr'>gaudeat</span> <span class='ocrx_word' id='word_1_196' title='bbox 1120 1096 1280 1127; x_wconf 87' lang='lat' dir='ltr'>libertate.</span> 
     </span>
    </p>

    <p class='ocr_par' dir='ltr' id='par_1_14' title="bbox 222 1146 1869 1238">
     <span class='ocr_line' id='line_1_25' title="bbox 330 1146 1869 1190; baseline 0.003 -14"><span class='ocrx_word' id='word_1_197' title='bbox 330 1149 357 1176; x_wconf 86' lang='lat'>7.</span> <span class='ocrx_word' id='word_1_198' title='bbox 383 1146 495 1176; x_wconf 86' lang='lat' dir='ltr'>Nullus</span> <span class='ocrx_word' id='word_1_199' title='bbox 526 1148 623 1177; x_wconf 86' lang='lat' dir='ltr'>etiam</span> <span class='ocrx_word' id='word_1_200' title='bbox 654 1150 826 1177; x_wconf 83' lang='lat' dir='ltr'>extraneus</span> <span class='ocrx_word' id='word_1_201' title='bbox 858 1147 997 1187; x_wconf 86' lang='lat' dir='ltr'>aliquem</span> <span class='ocrx_word' id='word_1_202' title='bbox 1030 1147 1069 1177; x_wconf 88' lang='lat' dir='ltr'>de</span> <span class='ocrx_word' id='word_1_203' title='bbox 1094 1147 1229 1188; x_wconf 81' lang='lat' dir='ltr'>predicti</span> <span class='ocrx_word' id='word_1_204' title='bbox 1258 1149 1319 1179; x_wconf 88' lang='lat' dir='ltr'>loci</span> <span class='ocrx_word' id='word_1_205' title='bbox 1344 1149 1464 1179; x_wconf 76' lang='lat' dir='ltr'>civibus</span> <span class='ocrx_word' id='word_1_206' title='bbox 1489 1160 1677 1190; x_wconf 79' lang='lat' dir='ltr'>quacunque</span> <span class='ocrx_word' id='word_1_207' title='bbox 1709 1151 1748 1181; x_wconf 84' lang='grc'>(10</span> <span class='ocrx_word' id='word_1_208' title='bbox 1774 1162 1869 1181; x_wconf 81' lang='lat' dir='ltr'>causa</span> 
     </span>
     <span class='ocr_line' id='line_1_26' title="bbox 222 1198 985 1238; baseline 0.001 -10"><span class='ocrx_word' id='word_1_209' title='bbox 222 1208 396 1238; x_wconf 77' lang='lat' dir='ltr'>provocare</span> <span class='ocrx_word' id='word_1_210' title='bbox 421 1199 529 1228; x_wconf 83' lang='lat' dir='ltr'>valeat</span> <span class='ocrx_word' id='word_1_211' title='bbox 552 1198 603 1228; x_wconf 73' lang='lat' dir='ltr'>vel</span> <span class='ocrx_word' id='word_1_212' title='bbox 626 1199 746 1229; x_wconf 86' lang='lat' dir='ltr'>audeat</span> <span class='ocrx_word' id='word_1_213' title='bbox 769 1198 809 1229; x_wconf 89' lang='lat' dir='ltr'>ad</span> <span class='ocrx_word' id='word_1_214' title='bbox 834 1198 985 1229; x_wconf 87' lang='lat' dir='ltr'>duellum.</span> 
     </span>
    </p>

    <p class='ocr_par' dir='ltr' id='par_1_15' title="bbox 221 1249 1869 1394">
     <span class='ocr_line' id='line_1_27' title="bbox 331 1249 1869 1293; baseline 0.003 -14"><span class='ocrx_word' id='word_1_215' title='bbox 331 1251 359 1280; x_wconf 66' lang='grc' dir='ltr'>ὃ.</span> <span class='ocrx_word' id='word_1_216' title='bbox 384 1249 543 1280; x_wconf 85' lang='lat' dir='ltr'>Predictis</span> <span class='ocrx_word' id='word_1_217' title='bbox 567 1251 697 1290; x_wconf 86' lang='lat' dir='ltr'>insuper</span> <span class='ocrx_word' id='word_1_218' title='bbox 720 1250 885 1289; x_wconf 76' lang='lat' dir='ltr'>adicimus,</span> <span class='ocrx_word' id='word_1_219' title='bbox 911 1254 943 1280; x_wconf 89' lang='lat' dir='ltr'>ut</span> <span class='ocrx_word' id='word_1_220' title='bbox 968 1261 1078 1281; x_wconf 89' lang='lat' dir='ltr'>omnes</span> <span class='ocrx_word' id='word_1_221' title='bbox 1103 1251 1142 1281; x_wconf 89' lang='lat' dir='ltr'>ad</span> <span class='ocrx_word' id='word_1_222' title='bbox 1168 1252 1323 1282; x_wconf 85' lang='lat' dir='ltr'>nundinas</span> <span class='ocrx_word' id='word_1_223' title='bbox 1348 1253 1483 1293; x_wconf 83' lang='lat' dir='ltr'>predicti</span> <span class='ocrx_word' id='word_1_224' title='bbox 1508 1252 1594 1293; x_wconf 86' lang='lat' dir='ltr'>opidi</span> <span class='ocrx_word' id='word_1_225' title='bbox 1619 1254 1681 1283; x_wconf 91' lang='lat' dir='ltr'>suis</span> <span class='ocrx_word' id='word_1_226' title='bbox 1705 1253 1869 1284; x_wconf 82' lang='lat' dir='ltr'>distinctas</span> 
     </span>
     <span class='ocr_line' id='line_1_28' title="bbox 221 1301 1868 1345; baseline 0.001 -14"><span class='ocrx_word' id='word_1_227' title='bbox 221 1301 419 1341; x_wconf 84' lang='lat' dir='ltr'>temporibus</span> <span class='ocrx_word' id='word_1_228' title='bbox 443 1305 492 1331; x_wconf 87' lang='lat' dir='ltr'>ter</span> <span class='ocrx_word' id='word_1_229' title='bbox 515 1302 546 1332; x_wconf 90' lang='lat' dir='ltr'>in</span> <span class='ocrx_word' id='word_1_230' title='bbox 570 1312 652 1332; x_wconf 88' lang='lat' dir='ltr'>anno</span> <span class='ocrx_word' id='word_1_231' title='bbox 669 1303 777 1332; x_wconf 89' lang='lat' dir='ltr'>venire</span> <span class='ocrx_word' id='word_1_232' title='bbox 795 1302 938 1332; x_wconf 87' lang='lat' dir='ltr'>volentes</span> <span class='ocrx_word' id='word_1_233' title='bbox 963 1303 992 1332; x_wconf 92' lang='grc'>111</span> <span class='ocrx_word' id='word_1_234' title='bbox 1011 1302 1114 1332; x_wconf 88' lang='lat' dir='ltr'>eundo</span> <span class='ocrx_word' id='word_1_235' title='bbox 1140 1306 1171 1333; x_wconf 84' lang='lat' dir='ltr'>et</span> <span class='ocrx_word' id='word_1_236' title='bbox 1187 1303 1351 1334; x_wconf 85' lang='lat' dir='ltr'>redeundo</span> <span class='ocrx_word' id='word_1_237' title='bbox 1377 1304 1417 1334; x_wconf 89' lang='lat' dir='ltr'>ad</span> <span class='ocrx_word' id='word_1_238' title='bbox 1438 1315 1535 1335; x_wconf 89' lang='lat' dir='ltr'>uuum</span> <span class='ocrx_word' id='word_1_239' title='bbox 1552 1305 1675 1335; x_wconf 85' lang='lat' dir='ltr'>miliare</span> <span class='ocrx_word' id='word_1_240' title='bbox 1700 1305 1757 1335; x_wconf 86' lang='lat' dir='ltr'>sub</span> <span class='ocrx_word' id='word_1_241' title='bbox 1775 1306 1868 1345; x_wconf 85' lang='lat' dir='ltr'>pleno</span> 
     </span>
     <span class='ocr_line' id='line_1_29' title="bbox 221 1353 1287 1394; baseline 0.004 -12"><span class='ocrx_word' id='word_1_242' title='bbox 221 1353 283 1382; x_wconf 90' lang='lat' dir='ltr'>sint</span> <span class='ocrx_word' id='word_1_243' title='bbox 305 1353 485 1383; x_wconf 85' lang='lat' dir='ltr'>securitatis</span> <span class='ocrx_word' id='word_1_244' title='bbox 510 1356 542 1383; x_wconf 87' lang='lat' dir='ltr'>et</span> <span class='ocrx_word' id='word_1_245' title='bbox 565 1353 652 1393; x_wconf 82' lang='lat' dir='ltr'>pacis</span> <span class='ocrx_word' id='word_1_246' title='bbox 677 1358 782 1383; x_wconf 84' lang='lat' dir='ltr'>nostre</span> <span class='ocrx_word' id='word_1_247' title='bbox 808 1357 840 1384; x_wconf 87' lang='lat' dir='ltr'>et</span> <span class='ocrx_word' id='word_1_248' title='bbox 863 1354 988 1394; x_wconf 89' lang='lat' dir='ltr'>imperii</span> <span class='ocrx_word' id='word_1_249' title='bbox 1014 1355 1094 1384; x_wconf 88' lang='lat' dir='ltr'>sacri</span> <span class='ocrx_word' id='word_1_250' title='bbox 1119 1354 1287 1386; x_wconf 83' lang='lat' dir='ltr'>conductu.</span> 
     </span>
    </p>

    <p class='ocr_par' dir='ltr' id='par_1_16' title="bbox 222 1404 1867 1497">
     <span class='ocr_line' id='line_1_30' title="bbox 328 1404 1867 1448; baseline 0.003 -14"><span class='ocrx_word' id='word_1_251' title='bbox 328 1405 356 1434; x_wconf 84' lang='lat'>9.</span> <span class='ocrx_word' id='word_1_252' title='bbox 382 1404 538 1435; x_wconf 86' lang='lat' dir='ltr'>Volumus</span> <span class='ocrx_word' id='word_1_253' title='bbox 562 1404 793 1442; x_wconf 68' lang='lat' dir='ltr'>nichilominus,</span> <span class='ocrx_word' id='word_1_254' title='bbox 819 1408 851 1435; x_wconf 87' lang='lat' dir='ltr'>ut</span> <span class='ocrx_word' id='word_1_255' title='bbox 869 1415 987 1445; x_wconf 78' lang='lat' dir='ltr'>pascua</span> <span class='ocrx_word' id='word_1_256' title='bbox 1012 1409 1044 1435; x_wconf 89' lang='lat' dir='ltr'>et</span> <span class='ocrx_word' id='word_1_257' title='bbox 1068 1406 1116 1436; x_wconf 72' lang='lat' dir='ltr'>vie</span> <span class='ocrx_word' id='word_1_258' title='bbox 1143 1416 1251 1437; x_wconf 90' lang='lat' dir='ltr'>eorum</span> <span class='ocrx_word' id='word_1_259' title='bbox 1269 1407 1441 1437; x_wconf 86' lang='lat' dir='ltr'>secundum</span> <span class='ocrx_word' id='word_1_260' title='bbox 1459 1408 1606 1448; x_wconf 83' lang='lat' dir='ltr'>antiquos</span> <span class='ocrx_word' id='word_1_261' title='bbox 1625 1409 1776 1438; x_wconf 86' lang='lat' dir='ltr'>terminos</span> <span class='ocrx_word' id='word_1_262' title='bbox 1801 1409 1867 1439; x_wconf 87' lang='lat' dir='ltr'>sine</span> 
     </span>
     <span class='ocr_line' id='line_1_31' title="bbox 222 1455 904 1497; baseline 0 -11"><span class='ocrx_word' id='word_1_263' title='bbox 222 1455 473 1486; x_wconf 82' lang='lat' dir='ltr'>contradictione</span> <span class='ocrx_word' id='word_1_264' title='bbox 498 1456 642 1497; x_wconf 85' lang='lat' dir='ltr'>qualibet</span> <span class='ocrx_word' id='word_1_265' title='bbox 665 1456 904 1496; x_wconf 85' lang='lat' dir='ltr'>protendantur.</span> 
     </span>
    </p>

    <p class='ocr_par' dir='ltr' id='par_1_17' title="bbox 221 1507 1867 1651">
     <span class='ocr_line' id='line_1_32' title="bbox 334 1507 1867 1552; baseline 0.003 -15"><span class='ocrx_word' id='word_1_266' title='bbox 334 1509 379 1537; x_wconf 82' lang='lat'>10.</span> <span class='ocrx_word' id='word_1_267' title='bbox 403 1507 491 1538; x_wconf 87' lang='lat' dir='ltr'>Nulli</span> <span class='ocrx_word' id='word_1_268' title='bbox 515 1518 591 1548; x_wconf 84' lang='lat' dir='ltr'>ergo</span> <span class='ocrx_word' id='word_1_269' title='bbox 617 1509 743 1538; x_wconf 79' lang='lat' dir='ltr'>omnino</span> <span class='ocrx_word' id='word_1_270' title='bbox 762 1508 925 1538; x_wconf 88' lang='lat' dir='ltr'>hominum</span> <span class='ocrx_word' id='word_1_271' title='bbox 942 1508 1023 1538; x_wconf 89' lang='lat' dir='ltr'>hanc</span> <span class='ocrx_word' id='word_1_272' title='bbox 1048 1514 1153 1538; x_wconf 89' lang='lat' dir='ltr'>nostre</span> <span class='ocrx_word' id='word_1_273' title='bbox 1179 1510 1391 1539; x_wconf 77' lang='lat' dir='ltr'>concessionis</span> <span class='ocrx_word' id='word_1_274' title='bbox 1409 1510 1559 1550; x_wconf 82' lang='lat' dir='ltr'>paginam</span> <span class='ocrx_word' id='word_1_275' title='bbox 1576 1510 1671 1540; x_wconf 78' lang='lat' dir='ltr'>liceat</span> <span class='ocrx_word' id='word_1_276' title='bbox 1696 1510 1867 1552; x_wconf 85' lang='lat' dir='ltr'>infringere</span> 
     </span>
     <span class='ocr_line' id='line_1_33' title="bbox 221 1558 1867 1603; baseline 0.002 -15"><span class='ocrx_word' id='word_1_277' title='bbox 221 1559 272 1588; x_wconf 78' lang='lat' dir='ltr'>vel</span> <span class='ocrx_word' id='word_1_278' title='bbox 297 1558 402 1589; x_wconf 87' lang='lat' dir='ltr'>eidem</span> <span class='ocrx_word' id='word_1_279' title='bbox 426 1560 456 1589; x_wconf 90' lang='lat' dir='ltr'>in</span> <span class='ocrx_word' id='word_1_280' title='bbox 481 1559 586 1599; x_wconf 88' lang='lat' dir='ltr'>aliquo</span> <span class='ocrx_word' id='word_1_281' title='bbox 611 1570 689 1589; x_wconf 87' lang='lat' dir='ltr'>ausu</span> <span class='ocrx_word' id='word_1_282' title='bbox 714 1560 884 1590; x_wconf 85' lang='lat' dir='ltr'>temerario</span> <span class='ocrx_word' id='word_1_283' title='bbox 910 1560 1077 1590; x_wconf 88' lang='lat' dir='ltr'>contraire.</span> <span class='ocrx_word' id='word_1_284' title='bbox 1115 1559 1147 1590; x_wconf 77' lang='lat' dir='ltr'>Si</span> <span class='ocrx_word' id='word_1_285' title='bbox 1172 1561 1241 1601; x_wconf 84' lang='lat' dir='ltr'>quis</span> <span class='ocrx_word' id='word_1_286' title='bbox 1265 1564 1373 1591; x_wconf 84' lang='lat' dir='ltr'>autem</span> <span class='ocrx_word' id='word_1_287' title='bbox 1397 1561 1456 1591; x_wconf 86' lang='lat' dir='ltr'>hoc</span> <span class='ocrx_word' id='word_1_288' title='bbox 1482 1565 1675 1602; x_wconf 81' lang='lat' dir='ltr'>attemptare</span> <span class='ocrx_word' id='word_1_289' title='bbox 1700 1572 1867 1603; x_wconf 85' lang='lat' dir='ltr'>presump-</span> 
     </span>
     <span class='ocr_line' id='line_1_34' title="bbox 221 1610 1460 1651; baseline 0.002 -11"><span class='ocrx_word' id='word_1_290' title='bbox 221 1610 307 1650; x_wconf 82' lang='lat' dir='ltr'>serit,</span> <span class='ocrx_word' id='word_1_291' title='bbox 332 1621 462 1651; x_wconf 76' lang='lat' dir='ltr'>gravem</span> <span class='ocrx_word' id='word_1_292' title='bbox 487 1614 593 1641; x_wconf 88' lang='lat' dir='ltr'>nostre</span> <span class='ocrx_word' id='word_1_293' title='bbox 618 1611 848 1651; x_wconf 81' lang='lat' dir='ltr'>indignacionis</span> <span class='ocrx_word' id='word_1_294' title='bbox 873 1610 1025 1641; x_wconf 85' lang='lat' dir='ltr'>offensam</span> <span class='ocrx_word' id='word_1_295' title='bbox 1050 1622 1083 1641; x_wconf 86' lang='lat' dir='ltr'>se</span> <span class='ocrx_word' id='word_1_296' title='bbox 1108 1613 1230 1642; x_wconf 79' lang='lat' dir='ltr'>noverit</span> <span class='ocrx_word' id='word_1_297' title='bbox 1255 1613 1460 1642; x_wconf 87' lang='lat' dir='ltr'>incursurum.</span> 
     </span>
    </p>

    <p class='ocr_par' dir='ltr' id='par_1_18' title="bbox 224 1662 1865 1754">
     <span class='ocr_line' id='line_1_35' title="bbox 329 1662 1865 1705; baseline 0.003 -14"><span class='ocrx_word' id='word_1_298' title='bbox 329 1662 364 1691; x_wconf 93' lang='lat' dir='ltr'>In</span> <span class='ocrx_word' id='word_1_299' title='bbox 390 1663 477 1692; x_wconf 88' lang='grc'><strong>0111113</strong></span> <span class='ocrx_word' id='word_1_300' title='bbox 502 1663 547 1692; x_wconf 87' lang='lat' dir='ltr'>rei</span> <span class='ocrx_word' id='word_1_301' title='bbox 564 1663 781 1692; x_wconf 86' lang='lat' dir='ltr'>testimonium</span> <span class='ocrx_word' id='word_1_302' title='bbox 806 1665 837 1692; x_wconf 85' lang='lat' dir='ltr'>et</span> <span class='ocrx_word' id='word_1_303' title='bbox 852 1663 1000 1703; x_wconf 89' lang='lat' dir='ltr'>perpetui</span> <span class='ocrx_word' id='word_1_304' title='bbox 1024 1663 1146 1693; x_wconf 90' lang='lat' dir='ltr'>roboris</span> <span class='ocrx_word' id='word_1_305' title='bbox 1163 1664 1396 1694; x_wconf 85' lang='lat' dir='ltr'>firmamentum</span> <span class='ocrx_word' id='word_1_306' title='bbox 1421 1675 1552 1704; x_wconf 84' lang='lat' dir='ltr'>presens</span> <span class='ocrx_word' id='word_1_307' title='bbox 1574 1665 1723 1705; x_wconf 87' lang='lat' dir='ltr'>scriptum</span> <span class='ocrx_word' id='word_1_308' title='bbox 1750 1665 1865 1695; x_wconf 84' lang='lat' dir='ltr'>exinde</span> 
     </span>
     <span class='ocr_line' id='line_1_36' title="bbox 224 1713 1286 1754; baseline 0.003 -12"><span class='ocrx_word' id='word_1_309' title='bbox 224 1713 380 1743; x_wconf 84' lang='lat' dir='ltr'>conscribi</span> <span class='ocrx_word' id='word_1_310' title='bbox 405 1717 437 1743; x_wconf 89' lang='lat' dir='ltr'>et</span> <span class='ocrx_word' id='word_1_311' title='bbox 459 1714 635 1744; x_wconf 87' lang='lat' dir='ltr'>maiestatis</span> <span class='ocrx_word' id='word_1_312' title='bbox 659 1718 765 1744; x_wconf 86' lang='lat' dir='ltr'>nostre</span> <span class='ocrx_word' id='word_1_313' title='bbox 791 1714 894 1754; x_wconf 81' lang='lat' dir='ltr'>sigillo</span> <span class='ocrx_word' id='word_1_314' title='bbox 920 1714 1066 1744; x_wconf 81' lang='lat' dir='ltr'>iussimus</span> <span class='ocrx_word' id='word_1_315' title='bbox 1091 1716 1286 1745; x_wconf 88' lang='lat' dir='ltr'>communiri.</span> 
     </span>
    </p>

    <p class='ocr_par' dir='ltr' id='par_1_19' title="bbox 221 1764 1865 1857">
     <span class='ocr_line' id='line_1_37' title="bbox 329 1764 1865 1808; baseline 0.001 -14"><span class='ocrx_word' id='word_1_316' title='bbox 329 1764 448 1795; x_wconf 84' lang='lat' dir='ltr'>Datum</span> <span class='ocrx_word' id='word_1_317' title='bbox 466 1765 695 1805; x_wconf 81' lang='lat' dir='ltr'>Hagen(owe),</span> <span class='ocrx_word' id='word_1_318' title='bbox 720 1765 797 1795; x_wconf 89' lang='lat' dir='ltr'>Idus</span> <span class='ocrx_word' id='word_1_319' title='bbox 814 1765 899 1803; x_wconf 86' lang='lat' dir='ltr'>Maii,</span> <span class='ocrx_word' id='word_1_320' title='bbox 925 1765 1095 1796; x_wconf 84' lang='lat' dir='ltr'>indictione</span> <span class='ocrx_word' id='word_1_321' title='bbox 1113 1766 1264 1801; x_wconf 74' lang='lat' dir='ltr'>secunda,</span> <span class='ocrx_word' id='word_1_322' title='bbox 1285 1778 1367 1797; x_wconf 86' lang='lat' dir='ltr'>anno</span> <span class='ocrx_word' id='word_1_323' title='bbox 1381 1767 1509 1797; x_wconf 90' lang='lat' dir='ltr'>Domini</span> <span class='ocrx_word' id='word_1_324' title='bbox 1525 1766 1612 1797; x_wconf 69' lang='lat' dir='ltr'>MCC</span> <span class='ocrx_word' id='word_1_325' title='bbox 1628 1768 1865 1808; x_wconf 78' lang='lat' dir='ltr'>septuagesimo</span> 
     </span>
     <span class='ocr_line' id='line_1_38' title="bbox 221 1817 920 1857; baseline 0.001 -12"><span class='ocrx_word' id='word_1_326' title='bbox 221 1819 343 1856; x_wconf 88' lang='lat' dir='ltr'>quarto.</span> <span class='ocrx_word' id='word_1_327' title='bbox 369 1817 458 1856; x_wconf 78' lang='lat' dir='ltr'>regni</span> <span class='ocrx_word' id='word_1_328' title='bbox 481 1827 556 1847; x_wconf 73' lang='lat' dir='ltr'>vero</span> <span class='ocrx_word' id='word_1_329' title='bbox 581 1817 678 1846; x_wconf 86' lang='lat' dir='ltr'>nostri</span> <span class='ocrx_word' id='word_1_330' title='bbox 703 1827 784 1847; x_wconf 90' lang='lat' dir='ltr'>anno</span> <span class='ocrx_word' id='word_1_331' title='bbox 810 1817 920 1857; x_wconf 87' lang='lat' dir='ltr'>primo.</span> 
     </span>
    </p>
   </div>
   <div class='ocr_carea' id='block_1_9' title="bbox 308 2090 1798 2223">
    <p class='ocr_par' dir='ltr' id='par_1_20' title="bbox 308 2090 1798 2223">
     <span class='ocr_line' id='line_1_39' title="bbox 308 2090 1798 2146; baseline 0.004 -5"><span class='ocrx_word' id='word_1_332' title='bbox 308 2094 386 2143; x_wconf 71' lang='lat'>351.</span> <span class='ocrx_word' id='word_1_333' title='bbox 422 2093 519 2144; x_wconf 73' lang='lat'>65⁶2.</span> <span class='ocrx_word' id='word_1_334' title='bbox 556 2090 777 2144; x_wconf 58' lang='grc'><strong>(18031.)</strong></span> <span class='ocrx_word' id='word_1_335' title='bbox 829 2092 1338 2145; x_wconf 74' lang='grc' dir='ltr'>[ΝΕΕΠΒΑΤΙΟ</span> <span class='ocrx_word' id='word_1_336' title='bbox 1380 2093 1798 2146; x_wconf 74' lang='lat' dir='ltr'>BONORUM</span> 
     </span>
     <span class='ocr_line' id='line_1_40' title="bbox 528 2169 1558 2223; baseline 0.001 -1"><span class='ocrx_word' id='word_1_337' title='bbox 528 2169 970 2223; x_wconf 66' lang='lat' dir='ltr'><strong>EOOLESIAE</strong></span> <span class='ocrx_word' id='word_1_338' title='bbox 1012 2169 1558 2223; x_wconf 70' lang='lat' dir='ltr'>PATAVIENffls.</span> 
     </span>
    </p>
   </div>
   <div class='ocr_carea' id='block_1_10' title="bbox 882 2263 1198 2298">
    <p class='ocr_par' dir='ltr' id='par_1_21' title="bbox 882 2263 1198 2298">
     <span class='ocr_line' id='line_1_41' title="bbox 882 2263 1198 2298; baseline 0.006 -2"><span class='ocrx_word' id='word_1_339' title='bbox 882 2263 988 2298; x_wconf 62' lang='lat'><strong>1277.</strong></span> <span class='ocrx_word' id='word_1_340' title='bbox 1025 2263 1117 2298; x_wconf 70' lang='lat' dir='ltr'>Nor.</span> <span class='ocrx_word' id='word_1_341' title='bbox 1140 2264 1198 2298; x_wconf 70' lang='lat'>024.</span> 
     </span>
    </p>
   </div>
   <div class='ocr_carea' id='block_1_11' title="bbox 217 2371 1861 2616">
    <p class='ocr_par' dir='ltr' id='par_1_22' title="bbox 697 2371 1385 2412">
     <span class='ocr_line' id='line_1_42' title="bbox 697 2371 1385 2412; baseline -0.001 -9"><span class='ocrx_word' id='word_1_342' title='bbox 697 2371 774 2403; x_wconf 79' lang='lat'>651.</span> <span class='ocrx_word' id='word_1_343' title='bbox 799 2371 932 2412; x_wconf 70' lang='lat' dir='ltr'>(lsoa.)</span> <span class='ocrx_word' id='word_1_344' title='bbox 970 2371 1216 2402; x_wconf 75' lang='lat' dir='ltr'><em>SCRIPTUM</em></span> <span class='ocrx_word' id='word_1_345' title='bbox 1236 2371 1385 2402; x_wconf 84' lang='lat' dir='ltr'><strong><em>REGIS.</em></strong></span> 
     </span>
    </p>

    <p class='ocr_par' dir='ltr' id='par_1_23' title="bbox 217 2420 1861 2616">
     <span class='ocr_line' id='line_1_43' title="bbox 326 2420 1861 2462; baseline 0.001 -11"><span class='ocrx_word' id='word_1_346' title='bbox 326 2420 504 2459; x_wconf 73' lang='lat' dir='ltr'>Supersunt</span> <span class='ocrx_word' id='word_1_347' title='bbox 533 2423 594 2453; x_wconf 81' lang='lat' dir='ltr'>duo</span> <span class='ocrx_word' id='word_1_348' title='bbox 627 2422 829 2462; x_wconf 60' lang='lat' dir='ltr'>autographa</span> <span class='ocrx_word' id='word_1_349' title='bbox 856 2422 887 2451; x_wconf 84' lang='lat' dir='ltr'>A</span> <span class='ocrx_word' id='word_1_350' title='bbox 916 2421 1069 2452; x_wconf 74' lang='lat' dir='ltr'>tabularii</span> <span class='ocrx_word' id='word_1_351' title='bbox 1098 2422 1252 2461; x_wconf 62' lang='lat' dir='ltr'>qaum-alis</span> <span class='ocrx_word' id='word_1_352' title='bbox 1284 2423 1372 2461; x_wconf 60' lang='lat' dir='ltr'>regma*</span> <span class='ocrx_word' id='word_1_353' title='bbox 1400 2423 1579 2460; x_wconf 74' lang='lat' dir='ltr'>Bawarici,</span> <span class='ocrx_word' id='word_1_354' title='bbox 1618 2423 1689 2453; x_wconf 75' lang='lat' dir='ltr'>olim.</span> <span class='ocrx_word' id='word_1_355' title='bbox 1719 2423 1861 2453; x_wconf 68' lang='lat' dir='ltr'>ccclesiae</span> 
     </span>
     <span class='ocr_line' id='line_1_44' title="bbox 217 2471 1859 2513; baseline 0.001 -12"><span class='ocrx_word' id='word_1_356' title='bbox 217 2471 425 2509; x_wconf 73' lang='lat' dir='ltr'>Pataviensis,</span> <span class='ocrx_word' id='word_1_357' title='bbox 449 2483 533 2503; x_wconf 71' lang='lat' dir='ltr'>nunc</span> <span class='ocrx_word' id='word_1_358' title='bbox 549 2473 768 2504; x_wconf 64' lang='lat' dir='ltr'>‘Kaiserselekt</span> <span class='ocrx_word' id='word_1_359' title='bbox 783 2471 956 2511; x_wconf 72' lang='lat' dir='ltr'>Nachtragy&#39;</span> <span class='ocrx_word' id='word_1_360' title='bbox 975 2474 1070 2513; x_wconf 53' lang='lat'>78312</span> <span class='ocrx_word' id='word_1_361' title='bbox 1093 2476 1296 2510; x_wconf 76' lang='lat' dir='ltr'>asservatum,</span> <span class='ocrx_word' id='word_1_362' title='bbox 1319 2475 1404 2512; x_wconf 78' lang='lat' dir='ltr'>quod</span> <span class='ocrx_word' id='word_1_363' title='bbox 1426 2484 1482 2504; x_wconf 62' lang='lat' dir='ltr'>atos</span> <span class='ocrx_word' id='word_1_364' title='bbox 1502 2475 1562 2512; x_wconf 68' lang='lat' dir='ltr'>ipsi</span> <span class='ocrx_word' id='word_1_365' title='bbox 1578 2474 1677 2504; x_wconf 73' lang='lat' dir='ltr'>denuo</span> <span class='ocrx_word' id='word_1_366' title='bbox 1694 2474 1859 2513; x_wconf 71' lang='lat' dir='ltr'>descripsi—</span> 
     </span>
     <span class='ocr_line' id='line_1_45' title="bbox 217 2524 1860 2566; baseline 0.002 -14"><span class='ocrx_word' id='word_1_367' title='bbox 217 2533 302 2561; x_wconf 80' lang='lat' dir='ltr'>mus;</span> <span class='ocrx_word' id='word_1_368' title='bbox 325 2524 359 2554; x_wconf 70' lang='lat' dir='ltr'>in</span> <span class='ocrx_word' id='word_1_369' title='bbox 381 2535 465 2555; x_wconf 76' lang='lat' dir='ltr'>verso</span> <span class='ocrx_word' id='word_1_370' title='bbox 489 2525 633 2563; x_wconf 70' lang='lat' dir='ltr'>leqzmtm·</span> <span class='ocrx_word' id='word_1_371' title='bbox 655 2535 753 2555; x_wconf 75' lang='lat' dir='ltr'>manu</span> <span class='ocrx_word' id='word_1_372' title='bbox 776 2524 840 2562; x_wconf 71' lang='lat' dir='ltr'>fere</span> <span class='ocrx_word' id='word_1_373' title='bbox 863 2534 990 2555; x_wconf 71' lang='lat' dir='ltr'>coaeva:</span> <span class='ocrx_word' id='word_1_374' title='bbox 1014 2525 1059 2554; x_wconf 77' lang='lat' dir='ltr'>lra</span> <span class='ocrx_word' id='word_1_375' title='bbox 1084 2526 1168 2565; x_wconf 80' lang='lat' dir='ltr'>regis</span> <span class='ocrx_word' id='word_1_376' title='bbox 1191 2525 1285 2563; x_wconf 57' lang='lat' dir='ltr'>Rud„</span> <span class='ocrx_word' id='word_1_377' title='bbox 1311 2536 1371 2566; x_wconf 82' lang='lat' dir='ltr'>qua</span> <span class='ocrx_word' id='word_1_378' title='bbox 1396 2525 1534 2566; x_wconf 78' lang='lat' dir='ltr'>quedam</span> <span class='ocrx_word' id='word_1_379' title='bbox 1560 2526 1641 2555; x_wconf 85' lang='lat' dir='ltr'>bona</span> <span class='ocrx_word' id='word_1_380' title='bbox 1666 2526 1860 2565; x_wconf 74' lang='lat' dir='ltr'>specificavit</span> 
     </span>
     <span class='ocr_line' id='line_1_46' title="bbox 218 2575 1858 2616; baseline 0.001 -11"><span class='ocrx_word' id='word_1_381' title='bbox 218 2575 370 2614; x_wconf 83' lang='lat' dir='ltr'>ecclesie,</span> <span class='ocrx_word' id='word_1_382' title='bbox 399 2575 550 2606; x_wconf 82' lang='lat' dir='ltr'>videlicet</span> <span class='ocrx_word' id='word_1_383' title='bbox 580 2576 730 2606; x_wconf 88' lang='lat' dir='ltr'>iudicium</span> <span class='ocrx_word' id='word_1_384' title='bbox 755 2577 785 2606; x_wconf 88' lang='lat' dir='ltr'>in</span> <span class='ocrx_word' id='word_1_385' title='bbox 810 2575 869 2606; x_wconf 62' lang='lat' dir='ltr'>Sco</span> <span class='ocrx_word' id='word_1_386' title='bbox 896 2575 989 2616; x_wconf 89' lang='lat' dir='ltr'>Ypol.</span> <span class='ocrx_word' id='word_1_387' title='bbox 1014 2579 1046 2606; x_wconf 88' lang='lat' dir='ltr'>et</span> <span class='ocrx_word' id='word_1_388' title='bbox 1069 2576 1148 2606; x_wconf 78' lang='lat' dir='ltr'>aliis.</span> <span class='ocrx_word' id='word_1_389' title='bbox 1196 2576 1278 2607; x_wconf 88' lang='lat' dir='ltr'>Item</span> <span class='ocrx_word' id='word_1_390' title='bbox 1309 2577 1472 2607; x_wconf 74' lang='lat' dir='ltr'>Trebense</span> <span class='ocrx_word' id='word_1_391' title='bbox 1504 2580 1535 2606; x_wconf 86' lang='lat' dir='ltr'>et</span> <span class='ocrx_word' id='word_1_392' title='bbox 1565 2576 1744 2611; x_wconf 70' lang='lat' dir='ltr'>Gaizrukk,</span> <span class='ocrx_word' id='word_1_393' title='bbox 1769 2580 1858 2607; x_wconf 80' lang='lat' dir='ltr'>ante-</span> 
     </span>
    </p>
   </div>
   <div class='ocr_carea' id='block_1_12' title="bbox 174 2625 1859 2668">
    <p class='ocr_par' dir='ltr' id='par_1_24' title="bbox 174 2625 1859 2668">
     <span class='ocr_line' id='line_1_47' title="bbox 174 2625 1859 2668; baseline 0.001 -13"><span class='ocrx_word' id='word_1_394' title='bbox 174 2637 200 2655; x_wconf 71' lang='grc'>40</span> <span class='ocrx_word' id='word_1_395' title='bbox 219 2637 315 2667; x_wconf 87' lang='lat' dir='ltr'>quam</span> <span class='ocrx_word' id='word_1_396' title='bbox 331 2625 528 2668; x_wconf 83' lang='lat' dir='ltr'>r[e]cuperet</span> <span class='ocrx_word' id='word_1_397' title='bbox 546 2627 642 2658; x_wconf 86' lang='lat' dir='ltr'>feuda</span> <span class='ocrx_word' id='word_1_398' title='bbox 659 2638 716 2668; x_wconf 91' lang='lat' dir='ltr'>pro</span> <span class='ocrx_word' id='word_1_399' title='bbox 734 2627 806 2657; x_wconf 82' lang='lat' dir='ltr'>filiis</span> <span class='ocrx_word' id='word_1_400' title='bbox 823 2627 864 2657; x_wconf 80' lang='lat' dir='ltr'>ab</span> <span class='ocrx_word' id='word_1_401' title='bbox 882 2628 1018 2658; x_wconf 86' lang='lat' dir='ltr'>ecclesia</span> <span class='ocrx_word' id='word_1_402' title='bbox 1036 2627 1106 2658; x_wconf 7' lang='lat' dir='ltr'>Part.</span> <span class='ocrx_word' id='word_1_403' title='bbox 1142 2628 1259 2658; x_wconf 69' lang='lat' dir='ltr'>Pendet</span> <span class='ocrx_word' id='word_1_404' title='bbox 1273 2628 1408 2667; x_wconf 72' lang='lat' dir='ltr'>siyill-nm</span> <span class='ocrx_word' id='word_1_405' title='bbox 1426 2629 1491 2665; x_wconf 63' lang='lat' dir='ltr'>ferr&gt;</span> <span class='ocrx_word' id='word_1_406' title='bbox 1509 2627 1648 2657; x_wconf 71' lang='lat' dir='ltr'>illacsmn</span> <span class='ocrx_word' id='word_1_407' title='bbox 1672 2627 1737 2665; x_wconf 72' lang='lat' dir='ltr'>silis</span> <span class='ocrx_word' id='word_1_408' title='bbox 1752 2628 1859 2657; x_wconf 46' lang='lat' dir='ltr'>spi-icis</span> 
     </span>
    </p>
   </div>
   <div class='ocr_carea' id='block_1_13' title="bbox 320 2720 1515 2754">
    <p class='ocr_par' dir='ltr' id='par_1_25' title="bbox 320 2720 1515 2754">
     <span class='ocr_line' id='line_1_48' title="bbox 320 2720 1515 2754; baseline -0.001 -8"><span class='ocrx_word' id='word_1_409' title='bbox 320 2720 386 2746; x_wconf 79' lang='grc'><strong>650.</strong></span> <span class='ocrx_word' id='word_1_410' title='bbox 413 2720 437 2752; x_wconf 78' lang='lat' dir='ltr'>b)</span> <span class='ocrx_word' id='word_1_411' title='bbox 457 2722 574 2747; x_wconf 84' lang='lat' dir='ltr'>alienieni</span> <span class='ocrx_word' id='word_1_412' title='bbox 594 2732 630 2746; x_wconf 82' lang='lat' dir='ltr'>or.</span> <span class='ocrx_word' id='word_1_413' title='bbox 720 2726 741 2747; x_wconf 51' lang='grc' dir='ltr'>ἕ)</span> <span class='ocrx_word' id='word_1_414' title='bbox 757 2723 844 2753; x_wconf 77' lang='lat' dir='ltr'>prima</span> <span class='ocrx_word' id='word_1_415' title='bbox 864 2731 878 2747; x_wconf 81' lang='lat' dir='ltr'>c</span> <span class='ocrx_word' id='word_1_416' title='bbox 896 2731 961 2747; x_wconf 69' lang='lat' dir='ltr'>corr.</span> <span class='ocrx_word' id='word_1_417' title='bbox 981 2731 1011 2747; x_wconf 60' lang='lat' dir='ltr'>ea*</span> <span class='ocrx_word' id='word_1_418' title='bbox 1030 2731 1045 2754; x_wconf 89' lang='lat' dir='ltr'>p</span> <span class='ocrx_word' id='word_1_419' title='bbox 1065 2732 1100 2747; x_wconf 74' lang='lat' dir='ltr'>or.</span> <span class='ocrx_word' id='word_1_420' title='bbox 1190 2722 1213 2751; x_wconf 63' lang='grc' dir='ltr'>ι1)</span> <span class='ocrx_word' id='word_1_421' title='bbox 1233 2734 1246 2747; x_wconf 76' lang='lat' dir='ltr'>o</span> <span class='ocrx_word' id='word_1_422' title='bbox 1266 2732 1341 2754; x_wconf 77' lang='lat' dir='ltr'>snper</span> <span class='ocrx_word' id='word_1_423' title='bbox 1361 2724 1367 2746; x_wconf 94' lang='lat' dir='ltr'>l</span> <span class='ocrx_word' id='word_1_424' title='bbox 1387 2732 1459 2746; x_wconf 66' lang='lat' dir='ltr'>eraso</span> <span class='ocrx_word' id='word_1_425' title='bbox 1479 2732 1515 2746; x_wconf 71' lang='lat' dir='ltr'>or.</span> 
     </span>
    </p>
   </div>
   <div class='ocr_carea' id='block_1_14' title="bbox 320 2804 639 2839">
    <p class='ocr_par' dir='ltr' id='par_1_26' title="bbox 320 2804 639 2839">
     <span class='ocr_line' id='line_1_49' title="bbox 320 2804 639 2839; baseline 0.006 -8"><span class='ocrx_word' id='word_1_426' title='bbox 320 2806 345 2838; x_wconf 89' lang='lat'>1)</span> <span class='ocrx_word' id='word_1_427' title='bbox 368 2804 408 2836; x_wconf 80' lang='lat' dir='ltr'>Cf.</span> <span class='ocrx_word' id='word_1_428' title='bbox 427 2814 509 2839; x_wconf 73' lang='grc' dir='ltr'>,ςιψνα</span> <span class='ocrx_word' id='word_1_429' title='bbox 529 2815 570 2833; x_wconf 75' lang='lat' dir='ltr'>nr.</span> <span class='ocrx_word' id='word_1_430' title='bbox 584 2812 639 2833; x_wconf 61' lang='grc' dir='ltr'>ΗΓ.</span> 
     </span>
    </p>
   </div>
  </div>
 </body>
</html>
