2259 3164
86 767 110 787 10

474 208 631 235 RUDOLFI
650 209 754 235 REGIS
774 209 1096 235 CONs'rl'rUTIONEs.
1136 211 1208 236 1:¹80.
1245 211 1292 237 Nr.
1306 213 1362 238 241.
1376 213 1433 238 24⁴3.
1712 216 1772 245 *233

240 295 393 326 Nicolaus
419 296 589 337 episcopus
614 298 672 326 etc.
698 295 862 326 carissimo
888 295 919 325 in
944 294 1071 326 Christo
1097 295 1159 326 filio
1184 296 1221 327 R.
1248 298 1315 337 regi
1339 297 1556 329 Romanorum
1582 299 1707 330 illustri.

240 346 286 388 (1)
310 347 441 378 Pridem
465 347 539 378 dum
565 357 684 383 eorum,
710 357 770 388 quc
795 347 879 377 inter
902 350 934 377 te
959 350 991 377 ct
1015 347 1213 377 carissimum
1238 348 1269 378 in
1295 348 1421 380 Christo
1446 351 1543 381 filium
1568 354 1713 381 nostrum
1738 352 1772 383 C.

137 399 243 430 Sicilie
277 408 385 439 regem
422 398 578 429 illustrem
614 408 669 439 per
707 409 764 428 nos
803 401 942 428 tractata
982 401 1055 428 suut
1090 399 1259 438 hactenus,
1294 400 1404 432 audire
1443 402 1538 432 finem
1584 413 1771 443 prosperum

135 451 236 492 plenis
254 449 421 481 desideriis
438 450 658 491 sperabamus,
683 461 724 480 ex
748 453 838 491 parte
864 450 1079 480 mallum-21⁵1
1105 454 1136 481 et
1161 454 1225 480 tam
1244 454 1313 481 tuos
1338 462 1432 491 quam
1457 453 1578 493 aliquos
1603 454 1773 485 redeuntes

136 512 177 533 ex
205 501 265 532 hiis
292 502 344 542 qui
374 501 414 531 ad
438 504 469 532 te
493 511 550 543 pro
574 504 665 542 parte
689 501 766 531 dicti
790 501 874 542 regis
899 504 1105 532 accesserant
1129 502 1268 540 nuntios,
1294 506 1381 533 tuam
1408 507 1439 533 et
1463 505 1546 544 regis
1572 505 1714 535 eiusdem
1739 506 1771 536 in

136 548 182 584 eis*
203 552 452 594 contemplando
476 563 643 593 personas,
672 552 861 583 affabilitate
892 556 1026 593 paterna
1050 553 1231 593 recepimus
1256 558 1287 583 et
1311 553 1450 595 benigne
1480 556 1559 585 satis
1583 557 1773 593 audivimus,

135 614 195 645 que
219 604 287 644 ipse
317 603 525 634 continebant
558 604 663 634 littere
695 606 727 634 et
759 603 834 634 dicti
863 604 964 634 nuntii
995 604 1025 634 in
1058 607 1168 634 nostra
1198 605 1361 645 presentia
1390 606 1580 637 retulerunt.
1628 607 1668 637 Et
1699 608 1773 638 licet

135 655 246 685 fuisset
268 654 359 685 nobis
385 655 558 696 acceptius,
583 654 666 695 quod
692 654 819 685 obtatus
844 655 979 686 effectus
1004 655 1120 685 nostris
1139 655 1347 696 conceptibus
1366 656 1549 687 advenisset
1574 669 1631 688 nec
1656 658 1771 689 fuisset

136 716 174 737 ea
197 706 365 737 occasione
390 717 484 748 quam
502 706 707 747 percepimus
732 706 776 736 sic
801 709 925 746 gratum
944 705 1033 736 nobis
1052 706 1214 746 negotium
1234 707 1439 743 retardatum,
1466 719 1536 738 cum
1557 709 1628 739 talis
1646 711 1772 740 occasio

137 748 211 788 satis
235 756 399 788 videretur
422 758 488 788 31110
518 757 868 801 aliquan·equisiti011e
904 760 1012 787 nostra
1045 757 1190 798 potuisse
1228 758 1363 789 subduci
1401 760 1488 789 salvo
1521 760 1772 801 dispensationis

136 809 281 852 articulo,
311 819 408 851 super
435 819 496 850 quo
526 808 682 840 debuerat
706 808 862 839 hacteuus
887 808 1065 849 provideri⁷
1099 818 1157 839 nec
1182 809 1284 850 ipsius
1315 811 1454 850 provisio
1484 811 1515 841 in
1540 814 1688 853 tempora
1714 813 1773 843 ista

136 859 265 899 differri,
290 863 398 891 tamen
423 860 463 891 ad
488 863 644 891 tractatus
669 860 854 890 huiusmodi
881 863 991 890 nostra
1008 859 1114 890 studia
1131 864 1355 891 convertentes
1379 872 1415 892 ac
1433 863 1580 893 volentes
1605 864 1772 904 providere

136 912 278 950 sollicite,
302 923 342 943 ne
366 915 411 943 tot
428 912 696 943 sollicitudinibus
715 914 747 942 et
766 911 929 942 laboribus
954 912 984 941 in
1009 912 1172 952 premissis
1198 912 1348 943 adhibitis
1373 924 1545 944 concursus
1564 915 1772 945 tractantium

136 963 308 995 eorundem
332 964 460 995 labores
485 964 619 994 ulterius
645 963 862 1003 conculcaret,
896 963 968 1004 quia
991 966 1124 1004 propter
1150 964 1349 1004 emergentia
1373 964 1513 1006 undique
1539 966 1687 1006 negotia,
1713 977 1773 1006 quc

87 1029 109 1048 15
129 1015 275 1058 gerenda
315 1015 456 1046 humeris
498 1016 615 1046 nostris
652 1015 858 1052 incumbunt,
898 1024 1010 1045 vacare
1056 1014 1188 1045 comode
1223 1016 1462 1056 presentialiter
1498 1017 1582 1047 circa
1617 1018 1774 1058 premissa

89 1285 111 1305 2⁰

89 1543 111 1563 25

91 1801 114 1820 30

93 2056 116 2076 85

55 2310 119 2330 <40

98 2622 121 2641 4⁵

137 1061 350 1108 nequivimus,
379 1067 497 1098 dilecto
521 1067 585 1098 filio
619 1070 727 1097 nostro
759 1066 799 1097 M.
836 1066 955 1097 Sancte
992 1066 1092 1096 Mario
1123 1067 1153 1096 in
1178 1066 1309 1097 Porticu
1344 1067 1477 1098 diacono
1510 1068 1663 1099 cardinali
1689 1079 1772 1100 eom-

136 1119 292 1158 misimus,
322 1122 357 1149 ut
379 1119 449 1160 ipse
473 1118 630 1150 advocato
657 1129 766 1149 secum
791 1117 909 1148 dilecto
941 1117 1004 1148 filio
1030 1117 1183 1158 magistro
1209 1118 1387 1150 Benedieto
1413 1119 1452 1150 de
1478 1120 1627 1160 Anagnia
1651 1120 1773 1150 notario

136 1173 257 1209 nostro,
286 1171 339 1211 qui
367 1169 548 1200 huiusmodi
579 1170 699 1211 negotii
728 1169 878 1200 noticiam
907 1169 1028 1199 habere
1063 1168 1256 1209 dinoscitur,
1289 1174 1354 1201 tam
1386 1171 1454 1212 ipse
1484 1171 1655 1201 cardinalis
1680 1182 1773 1212 quam

137 1220 236 1252 dictus
265 1221 408 1252 notarius
437 1221 512 1262 quid
536 1221 720 1252 huiusmodi
744 1221 907 1262 negotium
933 1232 972 1251 cx
998 1220 1152 1251 eminenti
1178 1222 1225 1251 sui
1251 1222 1405 1262 qualitate
1432 1222 1624 1263 requireret,
1649 1226 1770 1253 attente

138 1273 427 1315 circumspectionis
453 1272 557 1303 studio
582 1273 797 1314 providerent.
889 1273 935 1313 (2)
961 1272 1045 1313 Ipsis
1070 1272 1178 1312 itaque
1204 1273 1393 1303 tractatibus
1425 1284 1481 1314 per
1513 1274 1643 1304 cosdem
1668 1274 1770 1304 cardi-

136 1325 238 1355 nalem
262 1328 294 1355 et
318 1325 478 1355 notarium
502 1335 573 1355 cum
592 1325 693 1355 multa
712 1324 943 1355 deliberatione
969 1324 1134 1361 discussis,
1158 1324 1255 1355 iidem
1274 1325 1443 1355 cardinalis
1471 1328 1501 1356 ct
1519 1325 1660 1355 notarius
1678 1336 1775 1366 super

136 1375 205 1413 hiis,
229 1385 289 1416 que
314 1386 371 1417 per
394 1379 425 1407 te
449 1386 486 1406 ae
510 1386 619 1417 regem
645 1375 783 1406 eundem
807 1375 956 1406 facienda
981 1378 1135 1406 tractatus
1166 1376 1226 1417 ipsi
1256 1377 1423 1417 requirunt
1455 1380 1487 1407 et
1512 1377 1694 1417 specialiter
1718 1387 1775 1418 per

137 1429 168 1457 te
191 1429 254 1457 tam
284 1437 360 1468 erga
383 1428 539 1458 ecclesias
563 1438 658 1469 quam
684 1438 792 1469 regem
829 1427 966 1458 eundem
996 1430 1027 1458 ct
1053 1427 1254 1458 carissimam
1287 1428 1318 1458 in
1344 1427 1473 1458 Christo
1506 1428 1603 1458 filiam
1634 1431 1774 1458 nostram

137 1477 341 1520 Margaritam
365 1479 511 1520 reginam
528 1479 727 1510 Francorum
752 1480 918 1522 illustrem,
946 1482 1038 1510 notas
1064 1490 1135 1511 cum
1159 1479 1396 1520 temperatione
1414 1479 1668 1510 moderaminum
1692 1479 1774 1520 peti-

138 1532 237 1560 torum
262 1540 301 1561 ex
318 1534 408 1571 parte
432 1534 487 1562 tua
510 1531 549 1562 de
567 1532 612 1562 tui
637 1534 668 1561 et
685 1531 761 1561 dicti
782 1531 866 1571 regis
884 1531 1065 1562 nuntiorum
1083 1542 1229 1568 assensu,
1255 1531 1330 1561 licet
1354 1531 1395 1561 ad
1419 1530 1449 1561 id
1475 1530 1660 1561 mandatum
1679 1530 1775 1561 iidem

137 1581 237 1612 nuntii
260 1592 321 1612 non
345 1582 513 1622 haberent,
538 1583 607 1614 fieri
633 1593 691 1613 seu
713 1583 843 1613 formari
867 1582 982 1613 fecisse
1007 1583 1171 1622 dicuntur,
1200 1583 1231 1613 in
1262 1582 1352 1622 regia
1377 1582 1547 1623 privilegia
1572 1581 1774 1621 redigendas,

137 1632 268 1664 formam
292 1637 323 1664 et
348 1634 486 1673 modum,
512 1638 606 1676 prout
630 1635 750 1676 negotii
775 1635 912 1676 qualitas
938 1635 1056 1675 exigit,
1082 1635 1198 1676 quibus
1224 1635 1264 1664 sit
1287 1634 1326 1664 ad
1352 1633 1630 1664 consumationem
1654 1633 1775 1673 negotii

137 1684 385 1725 procedendum,
420 1690 514 1728 prout
548 1686 670 1717 eisdem
694 1686 849 1717 cardinali
883 1689 914 1716 et
945 1687 1070 1716 notario
1104 1697 1141 1716 ac
1166 1690 1220 1716 tuo
1247 1688 1278 1716 et
1302 1685 1435 1726 predicti
1460 1685 1545 1725 regis
1570 1685 1688 1714 nuntiis
1713 1685 1773 1714 fuit

138 1735 236 1766 visum
254 1737 438 1778 expedienS,
456 1738 668 1779 explicantes.
709 1737 751 1767 Et
769 1737 950 1768 huiusmodi
975 1741 1050 1768 note
1077 1748 1148 1768 cum
1167 1737 1377 1778 expressione
1403 1737 1503 1767 forme
1528 1747 1565 1766 ac
1590 1736 1675 1766 modi
1700 1747 1773 1777 pre-

139 1785 300 1827 dictorum,
324 1789 404 1820 sicut
427 1789 616 1827 audivimus,
641 1789 699 1820 sub
725 1788 872 1829 sigillos)
898 1788 1073 1819 eorundem
1099 1789 1270 1820 cardinalis
1296 1792 1327 1819 et
1352 1788 1466 1818 notarii
1486 1787 1661 1818 venerabili
1686 1787 1775 1817 fratri

140 1841 244 1869 nostro
268 1839 302 1871 P.
327 1841 476 1882 episcopo
500 1841 699 1882 Tripolitano
725 1839 927 1879 mittuntur2,
952 1844 985 1870 ut
1010 1844 1074 1870 tam
1100 1841 1269 1881 episcopus
1294 1840 1364 1881 ipse
1389 1850 1482 1880 quam
1507 1843 1539 1869 tu
1558 1849 1615 1880 per
1639 1838 1773 1869 eundem

141 1890 320 1932 episcopum
348 1893 573 1932 premissorum
604 1893 756 1923 noticiam
788 1892 973 1922 obtinentes
1008 1892 1047 1922 ad
1079 1892 1311 1933 perfectionem
1341 1895 1405 1921 tam
1439 1891 1547 1929 utilis,
1579 1893 1644 1921 tam
1674 1890 1774 1920 obtati

140 1942 272 1982 negotii,
300 1946 394 1984 prout
417 1947 471 1974 tue
495 1954 532 1974 ac
557 1943 693 1985 predicti
721 1944 807 1984 regis
834 1943 930 1984 quieti
955 1954 991 1974 ac
1021 1944 1188 1984 utriusque
1218 1943 1302 1973 bono
1332 1943 1429 1972 statui
1461 1942 1621 1982 congruit,
1652 1941 1774 1982 absque

140 1992 294 2024 ulterioris
317 2005 402 2025 more
427 1995 592 2036 dispendio
612 1995 806 2036 procedatis.
897 1995 943 2034 (3)
969 1994 1186 2025 Serenitatem
1205 1995 1313 2035 itaque
1332 1994 1454 2034 regiam
1470 2003 1619 2034 rogamus
1645 1996 1676 2023 et
1701 1992 1774 2023 hor'

141 2045 241 2075 tamur
264 2048 396 2084 attente,
420 2047 569 2087 quatinus
594 2046 737 2077 eiusdem
763 2046 903 2087 episcopi
929 2046 1126 2076 salutaribus
1145 2046 1231 2076 circa
1249 2045 1406 2086 premissa
1424 2044 1626 2075 suasionibus
1652 2047 1683 2075 et
1700 2054 1773 2074 con-

141 2094 216 2126 siliis
238 2097 336 2137 regali
360 2098 606 2129 mansuetudine
631 2098 839 2139 acquiescens
865 2102 896 2128 et
928 2101 1071 2128 mentem
1100 2100 1241 2127 nostram
1267 2107 1304 2127 ac
1335 2097 1479 2127 eiusdem
1509 2096 1595 2136 regis
1623 2095 1775 2126 affectum

140 2155 197 2177 nec
219 2148 321 2179 minus
345 2149 496 2180 effectum
521 2160 561 2180 ex
586 2150 666 2179 tanti
695 2152 726 2179 et
751 2149 823 2179 talis
848 2149 971 2189 negotii
994 2149 1237 2179 consumatione
1260 2148 1331 2178 Dec
1356 2148 1492 2189 propitio
1518 2150 1703 2177 secuturum
1728 2147 1774 2176 in-

143 2197 287 2238 spiciens,
312 2200 355 2231 310
371 2201 536 2242 premissa,
555 2212 616 2242 que
633 2204 668 2231 ut
685 2201 868 2242 accepimus
887 2201 986 2241 quieti
1005 2204 1057 2231 tue
1076 2201 1166 2230 utilia
1183 2200 1401 2236 dinoscuntur,
1420 2198 1596 2240 precordiis
1617 2201 1669 2227 tue
1688 2207 1773 2227 sere-

143 2249 246 2280 nitatis
263 2252 412 2291 ascribas,
437 2253 481 2283 310
499 2253 606 2283 onmia
630 2256 661 2284 et
686 2253 815 2293 singula
840 2252 995 2283 observes
1022 2255 1053 2282 et
1078 2253 1184 2292 quiete
1211 2262 1247 2282 ac
1271 2254 1418 2292 prompte
1435 2250 1592 2291 perficias,
1618 2248 1702 2290 quod
1728 2249 1774 2278 eis

143 2299 224 2332 felici
248 2304 486 2335 consumatione
503 2305 670 2346 completis
695 2304 733 2335 de
751 2304 1020 2334 sollicitudinibus
1039 2306 1071 2334 et
1088 2303 1253 2334 laboribus
1270 2304 1387 2333 nostris
1404 2303 1435 2332 in
1452 2301 1604 2342 predictis
1623 2300 1774 2330 adhibitis

145 2351 250 2384 obtata
271 2355 386 2395 gaudia
401 2356 463 2386 fine
480 2355 588 2387 debito
607 2355 876 2387 sollicitudinibus
894 2356 970 2396 ipsis
989 2355 1138 2396 imposito
1162 2355 1362 2395 colligamus,
1388 2357 1420 2384 ct
1443 2356 1475 2383 tu
1493 2364 1530 2383 ac
1547 2352 1649 2382 dictus
1668 2362 1725 2381 rex
1744 2353 1775 2381 et

145 2402 274 2436 dilectus
295 2406 376 2437 filius
400 2407 515 2438 nobilis
540 2408 586 2438 vir
611 2407 644 2439 C.
671 2408 817 2449 princeps
842 2407 1067 2437 Salernitanus
1092 2407 1325 2447 primogenitus
1351 2406 1418 2436 eius
1443 2414 1605 2445 regnaque
1630 2414 1666 2433 ac
1692 2406 1774 2432 terre

145 2458 247 2486 vestra
268 2459 388 2489 serenis
413 2459 612 2490 successibus
635 2459 675 2489 ad
700 2458 829 2489 laudem
853 2458 951 2489 divini
976 2458 1113 2489 nominis
1139 2458 1229 2488 iuxta
1253 2461 1361 2487 nostra
1389 2456 1550 2488 desideria
1568 2454 1773 2485 concurratis.

246 2506 318 2539 Dat.
342 2508 443 2541 Rome
467 2510 551 2552 apud
578 2510 732 2541 Sanctum
756 2510 898 2543 Petrum,
923 2510 962 2540 X.
982 2510 1054 2541 Kal.
1079 2509 1255 2541 Februarii.

211 2608 284 2641 242.
307 2611 530 2644 EPISTOLA
553 2612 851 2645 LEGATORUM
870 2612 1088 2644 RCDOLFO
1111 2612 1231 2642 REGI
1250 2610 1401 2641 MISSA.
1449 2611 1538 2639 1230.
1578 2608 1709 2638 Iv'‹¹[»·.‚'›'.

246 2660 341 2692 Dedit
363 2663 619 2695 Kaltenbrzmmr
646 2665 867 2695 ‘Actenstiiclcff
887 2676 921 2703 p.
939 2666 1002 2695 213
1026 2674 1072 2694 nr.
1089 2666 1153 2694 :312
1176 2674 1213 2693 m:
1236 2663 1334 2693 rodim
1362 2662 1504 2700 Ilrysisfrn
1525 2660 1579 2700 (ol.
1599 2662 1658 2695 νῆ’,
1683 2659 1774 2687 mins*

147 2709 302 2743 ‘'ditimwm
324 2715 519 2752 ⁷¹612et=17›mcs³.
570 2716 710 2747 Litteras
732 2716 895 2747 eorundem
921 2716 1090 2753 conformes
1121 2715 1184 2753 seyr*
1214 2713 1343 2745 Siciliae
1371 2713 1503 2743 (111-011113
1533 2722 1555 2741 ι’.
1581 2710 1598 2741 l.
1620 2720 1643 2739 r.
1663 2720 1695 2747 l».
1712 2710 1775 2737 :JJO

147 2769 192 2793 ur.
207 2764 277 2794 211.
302 2783 339 2786 —
363 2765 512 2804 Bo'lzmer,
538 2767 611 2807 Res).
634 2768 704 2806 imp.
729 2767 783 2805 VI,
798 2769 891 2798 1103.
1485 2762 1536 2801 (P.
1561 2762 1666 2797 class.)

246 2823 269 2854 Ῑ)
282 2822 370 2856 Supra
384 2833 423 2852 nr.
439 2830 492 2852 239.
562 2828 589 2859 2)
604 2828 685 2861 Infra
698 2835 739 2852 nr.
753 2830 810 2853 243.
878 2828 907 2859 3)
925 2826 963 2858 Cf.
975 2834 1002 2851 ea
1016 2833 1084 2858 quac
1097 2824 1213 2857 capos-nit
1227 2824 1444 2849 Krclccnbrnnncr
1457 2822 1497 2847 Le.
1511 2821 1537 2845 in
1550 2824 1611 2845 ›tota‹
1623 2819 1659 2844 ml
1670 2827 1709 2844 nr.
1720 2822 1772 2843 212.

244 2881 280 2899 ιι..
291 2883 497 2903 0013111111101133
512 2887 544 2903 111.
1536 2872 1569 2896 :30
