2259 3116
433 125 470 154 74
821 119 977 146 RUDoLFl
997 118 1104 145 REGIS
1124 118 1448 145 CONSTITUTIONES.

1487 118 1560 145 1275.
1598 118 1644 144 Nr.
1658 118 1698 144 85.

537 208 641 238 Aliud
663 207 821 246 exemplar
844 206 981 237 eiusdem.
1010 205 1181 246 encyclicae
1213 205 1363 236 Insertum
1392 207 1435 235 cst
1463 205 1602 235 chronici
1630 203 1800 235 Framiscess
1823 203 1957 242 Pippini
1980 203 1998 234 l.
2016 202 2078 240 IV,

430 272 452 292 ι’.
470 260 559 290 XVI
579 259 759 299 (Maratori
782 258 838 290 SS.
857 258 917 295 IX,
936 260 1027 295 720),
1058 258 1112 288 secl
1137 257 1291 296 pessimas
1319 257 1463 288 lectiones
1485 257 1622 295 praebet.
1655 274 1694 278 —-
1724 255 1874 292 Βίλήφηεν,
1907 255 1981 294 Ray.
2004 255 2077 294 imp.

436 313 489 350 1⁷1,
508 314 578 343 102.

806 407 847 437 A.

496 777 545 819 (1)
561 777 695 819 Suporni
711 777 835 808 consilii
848 776 1022 818 sapiencia,
1040 787 1101 817 que
1120 787 1227 807 secre-

431 832 498 860 tum
523 830 634 871 utique
664 829 723 859 ccli
752 839 865 869 gyrum
899 828 984 859 sola³
1015 828 1150 859 circuit1
1180 828 1227 858 in-

431 884 549 919 creata,
576 881 669 922 primi
694 880 836 921 parentis
862 880 892 910 in
912 883 1060 921 posteros
1079 880 1228 911 senciens

431 932 569 963 derivari
588 932 769 963 discrimina
793 934 826 962 et
849 942 890 961 ex
915 932 962 961 sui
980 932 1145 972 plasmatis
1171 942 1228 962 ex-

435 984 650 1023 orbitacione‚
680 983 761 1024 quod
787 983 965 1013 naturalem
991 983 1228 1025 quodammodo

431 1047 575 1067 normam
607 1035 873 1075 transgressionis
906 1035 1126 1076 amplectitur,
1157 1035 1228 1065 irri-

432 1090 500 1118 tata
525 1088 714 1129 plerumque
732 1086 863 1117 humani
881 1087 1009 1127 generis
1028 1087 1147 1128 patitur
1170 1087 1228 1116 im-

432 1139 643 1170 becillitatem
667 1149 751 1170 nunc
775 1142 879 1180 peste,
903 1149 987 1168 nunc
1013 1138 1121 1176 clade,
1146 1149 1229 1169 nunc

433 1191 581 1221 fluctibns
607 1192 724 1222 bellice
749 1190 953 1232 tempestatis
970 1191 1097 1222 involvi.
1137 1191 1230 1222 Luna

432 1242 589 1283 siquidem
615 1242 669 1273 diu
695 1243 786 1284 quasi
812 1242 940 1273 sublata
970 1242 1009 1273 de
1039 1243 1124 1282 celo,
1154 1254 1228 1273 con-

432 1294 570 1325 densata
610 1294 818 1325 tenebrarum
831 1295 843 1312 b
885 1294 1036 1325 umbrosa
1080 1295 1228 1335 caligine,

433 1346 519 1376 facta
550 1346 609 1376 fuit
641 1345 728 1376 nox2
757 1346 939 1387 periculosa
971 1349 1003 1376 et
1038 1347 1161 1387 gravis,
1197 1347 1229 1377 in

434 1408 497 1438 qua
513 1398 711 1428 transierunt
729 1398 807 1428 silve
823 1398 927 1428 bestie
946 1399 1143 1435 catervatim,
1161 1399 1228 1430 leo-

431 1459 506 1479 num
540 1449 636 1479 catuli
665 1450 860 1490 rugientes3,
890 1452 925 1480 ut
954 1453 1107 1491 raperent
1137 1450 1229 1480 inno-

433 1504 554 1531 centes.
610 1501 645 1531 In
682 1501 788 1531 medio
826 1505 933 1532 autem
970 1500 1079 1542 Egipti
1115 1502 1230 1543 spiritu

434 1552 552 1583 mixtoe
578 1553 802 1594 vertiginisd‘4
833 1553 864 1583 in
888 1553 1085 1583 oblivionem
1111 1554 1229 1584 veritas

433 1607 581 1641 venerat,
613 1605 721 1635 claves
752 1604 839 1635 Petri
870 1604 1106 1646 quodammodo
1139 1606 1229 1646 lapse

433 1655 560 1685 fucrant
584 1656 615 1685 in
641 1659 862 1697 contemptum
888 1660 919 1687 et
940 1657 1097 1687 libertatis
1123 1657 1230 1687 eccle-

434 1707 564 1737 siastiee
600 1706 807 1748 pulchritudo
844 1709 1025 1749 contorpuit
1060 1708 1228 1739 furibunda

432 1758 592 1789 tirannide
617 1759 831 1790 conculcata0.

497 1963 546 2005 (2)
574 1964 629 1994 Set
653 1964 714 1994 Dei
746 1968 777 1995 vt
808 1965 972 1995 hominum
998 1966 1157 1996 mediator
1181 1966 1227 1996 al-

434 2016 592 2053 tissimus,
637 2017 688 2056 qui
728 2017 758 2046 in
792 2017 839 2047 ira
876 2017 1129 2048 miscricordiam
1166 2028 1229 2048 non

434 2067 601 2097 continere
632 2067 817 2102 dedidicitf,
843 2072 916 2109 post
941 2070 1136 2110 multiplices
1161 2069 1229 2101 dire

436 2119 677 2159 persecucionis
703 2120 880 2159 angustias«,
906 2121 1020 2161 quibus
1039 2121 1122 2152 orbis
1140 2121 1229 2151 attri-

435 2174 484 2200 tus
510 2171 675 2206 emarcuit,
701 2171 816 2211 quibus
840 2172 1013 2203 christiane
1032 2173 1231 2214 compaginis

434 2223 484 2251 cst
518 2222 623 2251 soluta
657 2221 817 2257 iunctura,
855 2223 1014 2254 srissnress
1050 2224 1228 2265 dispendiis

434 2273 572 2311 agitata,
606 2273 649 2303 sic
675 2274 867 2305 al'tlictorum
892 2276 1020 2305 miseric
1046 2276 1227 2306 miserando

435 2324 587 2354 misertus
613 2324 674 2354 iam
702 2325 806 2355 visush
832 2330 880 2356 est
908 2326 1050 2357 fidelium
1081 2327 1228 2358 lacrimas

437 2375 573 2405 dextera
596 2377 755 2415 graciosei
785 2378 1019 2408 consolacionis
1042 2378 1229 2419 abstergere

436 2430 467 2457 ct
484 2426 757 2469 singultuosorum
776 2428 917 2459 lamenta
934 2429 1117 2470 lugubrium
1141 2431 1228 2462 cohi-

537 2529 627 2555 N5.A.
654 2531 673 2548 ί(
698 2541 707 2554 .·
729 2541 735 2555 .·
776 2532 793 2555 ⁴).

434 2572 452 2604 s)
472 2574 557 2597 didicit
584 2574 608 2597 Τ.
631 2574 661 2598 Ε.

890 2532 913 2564 b)
933 2543 982 2564 quc
1003 2535 1063 2559 fuld.
1087 2534 1115 2558 [ι’.

751 2580 775 2605 ¹1)
796 2576 905 2601 ‚scissura
927 2576 955 2601 Ε,
1046 2576 1069 2604 ¹¹]
1090 2578 1143 2601 visa
1164 2577 1193 2601 Jz',

536 2649 569 2675 Β,
594 2656 617 2676 “i
638 2653 713 2676 misso
733 2662 751 2677 ν.

542 2737 563 2768 l)
587 2736 664 2762 lv'ccli.
685 2741 725 2769 21,
852 2740 878 2763 *21
901 2739 940 2770 Cf.
960 2748 1041 2772 sztpt'a
1060 2749 1085 2772 )ι,
1103 2744 1130 2765 ΙΤ
1149 2741 1163 2768 l,
1183 2746 1218 2766 ΙΝ.

1220 2536 1242 2565 c)
1262 2536 1342 2560 mixta
1366 2536 1396 2559 Iu'.

1787 307 1840 348 (P.
1864 307 1972 346 deest.)

1660 403 1701 434 B.

1345 465 1504 496 Rodulfus
1539 465 1601 495 Dei
1633 464 1739 506 gratia
1769 464 1991 495 Romanorum
2020 473 2079 494 rex

1283 528 1411 558 semper
1441 520 1598 558 augustus
1637 516 1795 547 universis
1828 515 1909 546 sacri
1940 515 2079 546 Romani

1282 570 1407 611 imperii
1440 568 1590 599 fidelibus
1623 579 1681 610 per
1708 567 1850 598 Ytaliam
1883 566 2079 605 constitutis,

1282 621 1322 652 ad
1347 631 1479 662 quorum
1502 621 1649 651 notitiam
1666 622 1837 661 presentes
1855 619 1980 649 litteras
2005 628 2078 659 per-

1282 673 1393 703 venire
1419 672 1607 713 contigerit,
1638 672 1773 713 gratiam
1804 682 1894 702 suam
1925 673 1956 701 et
1985 680 2079 700 omne

1282 725 1411 755 bonum.

1348 777 1396 819 (l)
1412 777 1551 818 Sapei-ni
1566 776 1691 807 consilii
1708 775 1878 817 sapientia,
1896 785 1957 816 que
1972 783 2079 804 secre-

1283 832 1350 859 tum
1374 830 1485 870 utique
1508 829 1568 859 celi
1587 829 1690 870 girum
1709 828 1777 858 sola
1795 827 1907 858 circuit
1925 826 2079 862 increata,

1283 881 1498 923 protoplausti
1527 881 1558 911 in
1591 883 1740 922 posteros
1779 878 1919 909 derivari
1953 877 2079 919 prospi-

1284 934 1370 965 ciens
1388 933 1575 963 discrimina
1600 935 1631 963 et
1649 931 1722 972 quia
1746 930 1911 972 proclivus
1934 932 1984 960 est
2008 939 2079 960 cur-

1284 997 1337 1016 sus
1363 985 1466 1016 omnis
1484 984 1580 1015 etatis
1598 983 1637 1014 ad
1655 983 1773 1014 malum
1790 985 1969 1023 naturaque
1986 981 2079 1011 vitio-

1285 1047 1353 1067 rum
1368 1036 1509 1067 cernitur
1523 1034 1760 1076 quodammodo
1774 1034 1940 1072 imitatrix,
1957 1032 2080 1063 irritata

1283 1089 1472 1130 plerumque
1507 1087 1639 1118 humani
1675 1087 1803 1128 generis
1836 1086 1955 1127 patitur
1978 1084 2081 1115 imbe-

1285 1140 1451 1170 cillitatem
1484 1150 1568 1170 nunc
1599 1142 1704 1180 peste,
1742 1148 1825 1168 nunc
1858 1136 1963 1176 clade,
1996 1146 2081 1166 nunc

1284 1191 1433 1222 fluctibus
1451 1191 1566 1222 bellice
1593 1190 1794 1232 tempestatis
1819 1189 1948 1220 involvi.
1987 1187 2080 1218 Lune

1285 1243 1443 1284 siquidem
1463 1243 1682 1273 corruscantia
1702 1242 1766 1273 iam
1784 1241 1838 1272 diu
1857 1240 2016 1272 subducta
2040 1239 2080 1270 de

1284 1299 1398 1326 nature
1434 1295 1621 1326 habitabilis
1657 1294 1844 1336 emisperio,
1882 1292 2082 1324 condensata

1285 1347 1491 1378 tenebrarum
1528 1347 1679 1377 umbrosa
1715 1345 1870 1386 caligine,
1905 1344 1991 1375 facta
2023 1344 2082 1375 fuit

1284 1409 1349 1429 nox
1378 1409 1495 1440 perosa
1525 1399 1626 1430 oculis
1657 1401 1689 1429 et
1713 1398 1831 1440 pedum
1859 1396 2025 1437 gressibus
2049 1395 2081 1426 in

1285 1451 1461 1488 offensam,
1492 1461 1554 1491 qua
1583 1450 1781 1481 transierunt
1805 1448 1909 1480 bestie
1935 1451 2079 1478 caterva-

1284 1503 1357 1541 tim,
1387 1502 1574 1544 vulpecule,
1608 1502 1676 1543 apri
1705 1501 1744 1533 de
1775 1501 1869 1540 silva,
1902 1499 2079 1541 singulares

1285 1555 1344 1586 feri
1369 1554 1607 1596 depascentes⁵
1633 1554 1759 1585 vineam
1784 1552 1926 1589 Domini,
1950 1552 2079 1582 leonum

1285 1607 1383 1637 catuli
1412 1606 1594 1647 rugientes,
1628 1609 1663 1636 ut
1700 1607 1852 1647 raperent
1880 1604 2078 1634 innocentes.

1284 1658 1321 1688 In
1345 1657 1451 1689 medio
1470 1658 1568 1688 etiam
1586 1657 1694 1699 Egipti
1712 1657 1825 1698 spiritu
1842 1656 1966 1686 mixt0²³
1982 1655 2079 1686 verti-

1285 1710 1368 1751 ginis
1393 1710 1425 1740 in
1451 1710 1646 1740 oblivionem
1663 1710 1783 1740 veritas
1801 1711 1945 1748 venerat,
1971 1708 2079 1739 claves

1285 1762 1413 1793 celestis
1439 1761 1592 1802 clavigeri
1618 1760 1873 1802 quoddammodo
1897 1760 1982 1790 facte
2006 1760 2077 1790 fue-

1282 1817 1354 1845 rant
1382 1812 1643 1854 contemptibiles
1677 1816 1709 1843 et
1737 1812 1897 1843 libertatis
1926 1811 2080 1842 ecclesia-

1283 1867 1361 1896 stice
1397 1864 1578 1906 pulcritudo
1615 1864 1798 1905 contorpuit
1831 1863 2006 1894 furibunda
2041 1863 2080 1894 ti-

1282 1917 1449 1959 rampnide
1474 1916 1673 1947 conculcata.

1347 1968 1395 2009 (2)
1421 1968 1478 1999 Set
1499 1967 1562 1998 Dei
1586 1967 1744 1999 mediator
1768 1970 1800 1997 et
1824 1967 2000 2006 hominum,
2026 1967 2080 2009 qui

1284 2021 1315 2051 in
1347 2021 1393 2051 ira
1421 2019 1673 2050 misericordiam
1704 2029 1767 2049 non
1797 2019 1960 2050 continere
1989 2018 2078 2049 dedi-

1285 2072 1376 2109 dicit,
1414 2075 1487 2113 post
1516 2071 1709 2113 multiplices
1743 2071 1811 2102 dire
1844 2071 2079 2112 persecutionis

1286 2124 1471 2164 angustias,
1501 2123 1616 2164 quibus
1649 2122 1734 2154 orbis
1763 2123 1889 2153 attritus
1915 2123 2079 2162 emarcuit,

1286 2175 1402 2216 quibus
1439 2174 1613 2205 christiane
1649 2175 1849 2216 compaginis
1890 2177 1940 2205 est
1975 2174 2080 2205 soluta

1283 2227 1447 2265 iunctura,
1477 2227 1618 2257 scissure
1653 2225 1833 2267 dispendiis
1864 2227 2001 2267 agitata,
2033 2226 2079 2256 sic

1283 2278 1475 2309 afflictorum
1492 2277 1676 2308 miserande
1694 2278 1823 2308 miserie
1841 2278 1991 2308 misertus
2015 2277 2077 2308 iam

1284 2330 1370 2360 visus
1396 2333 1443 2360 cst
1461 2329 1602 2360 fidelium
1620 2329 1768 2360 lacrimas
1786 2329 1920 2360 dextera
1937 2329 2078 2370 gratiose

1284 2381 1515 2412 consolacionis
1541 2381 1729 2421 abstergere
1754 2384 1785 2412 et
1806 2381 2079 2422 singultuosorum

1284 2432 1426 2463 lamenta
1465 2432 1650 2474 lugubrium
1691 2432 1854 2465 cohibere.
1910 2431 2080 2474 Disposuit

1495 2535 1520 2568 (ἲ)
1541 2537 1696 2569 virginitatis
1716 2537 1768 2561 ΥΕ.
1865 2535 1888 2566 ⁰)
1908 2536 2027 2560 conculta
2047 2535 2078 2560 E.

1283 2577 1300 2609 ἦ)
1320 2579 1428 2609 gloriose
1448 2579 1479 2604 Ε.

1307 2740 1334 2774 3)
1359 2740 1390 2767 Is.
1410 2745 1431 2766 5.
1443 2746 1481 2766 ἕν.
1569 2742 1596 2774 4)
1616 2742 1705 2774 1³:11»,
1724 2746 1757 2768 1-1.
1845 2743 1871 2775 5)
1893 2741 1938 2767 Ps.
1954 2746 1991 2774 79,
2008 2746 2044 2769 ιι.

2108 738 2131 757 10

2109 994 2132 1011 15

2108 1247 2132 1265 20

2108 1510 2131 1529 25

2108 1770 2132 1789 30

2109 2288 2131 2306 10

2106 2580 2129 2598 45
