2259 3164
99 763 121 782 10

100 1018 121 1037 15

102 1534 125 1553 25

103 1792 126 1811 :iu

526 196 684 223 RUDOLFJ
703 197 805 222 REGIS
825 197 1143 225 CONSTITUTIONES.
1182 200 1252 225 1275.
1291 201 1335 226 Nr.
1350 201 1388 226 77.
1732 205 1771 233 65

147 294 347 326 summopere
372 283 589 324 gubernantes
614 283 749 324 imperia
774 287 805 314 et
830 294 928 324 regna
954 288 1117 325 regentes.
1149 288 1182 315 ut
1207 287 1359 316 ccclesias
1385 292 1415 317 ct
1440 300 1593 329 poi-sonas
1619 290 1770 319 ccclesia-

146 338 242 369 sticas
271 336 414 374 foveant,
444 335 608 366 libertates
638 338 669 365 et
699 335 767 367 iura
801 339 951 366 tueantur
982 337 1119 377 ipsarum
1152 340 1182 367 et
1206 339 1393 378 temporalia
1417 340 1478 370 hiis
1503 341 1687 371 fulcimenta
1711 352 1771 371 non

147 387 345 426 subtrahant,
370 397 388 417 a
412 386 528 428 quibus
553 387 761 428 spiritualiter
784 387 973 425 fulciuntur,
999 388 1094 418 immo
1118 388 1149 418 in
1174 390 1257 419 omni
1282 391 1530 430 promptitudine
1555 393 1774 432 temporaliter

150 451 205 472 eos
230 438 455 477 communiant,
480 448 612 479 quorum
636 438 776 479 presidio
801 439 977 480 spiritualia
1002 440 1158 481 recipiunt
1177 441 1379 471 munimenta.
1423 442 1486 472 Sed
1511 454 1568 473 nec
1593 444 1695 473 minus
1720 445 1772 484 qui

148 491 355 524 ecclesiarum
385 490 603 531 gubernacula
627 494 741 532 gerunt
765 502 888 521 summa
913 501 984 521 esse
1010 502 1085 522 cura
1110 491 1254 530 solliciti,
1280 493 1363 522 omni
1389 493 1506 523 debent
1530 505 1588 535 ope
1614 498 1772 535 satagere,

147 546 181 574 ut
203 553 297 584 reges
322 542 484 583 ceterique
510 542 659 573 catholici
688 543 849 584 principes
880 542 987 573 debite
1016 543 1158 584 polleant
1189 544 1373 584 integritate
1405 546 1561 585 potentie,
1595 549 1695 576 status
1725 547 1773 576 sui

146 593 344 637 plenitudine
373 591 585 635 integrentur.
632 593 787 625 Consulte
819 605 957 636 namque
993 594 1054 624 illis
1079 595 1253 633 assistitur,
1286 606 1416 636 quorum
1443 596 1557 627 cedere
1582 597 1677 628 debet
1701 608 1772 639 pro-

150 646 285 688 speritas
303 646 335 676 in
352 645 505 676 auxilium
524 646 714 676 assistentis.
751 645 880 677 Debent
896 646 1013 687 quippe
1033 649 1097 677 toto
1116 646 1179 690 >niti
1197 648 1372 685 conamine,
1398 651 1431 678 ut
1457 659 1554 689 regna
1578 659 1655 689 pace
1681 650 1773 679 reflo-

142 697 251 737 reant,
282 700 366 728 statu
389 697 523 738 pacifico
555 698 684 738 vigeant
714 700 746 728 et
775 697 1005 738 tranquillitate
1036 698 1181 728 fruantur
1205 701 1323 739 optata.
1369 698 1404 728 Ιιι
1435 699 1493 729 hoc
1525 700 1606 730 enim
1632 700 1774 731 ecclesiis

148 749 224 791 ipsis
253 749 367 791 quietis
404 752 436 780 et
474 749 561 790 pacis
595 749 728 780 comoda
761 753 980 791 procurantur.
1034 749 1132 780 Porro
1167 750 1378 791 predictorum
1410 751 1621 781 consideratio
1652 754 1775 782 attenta

147 812 209 833 non
232 801 390 832 immerito
414 800 641 831 conscientiam
667 804 807 831 nostram
833 801 975 839 artabat,
1001 804 1035 831 ut
1059 801 1098 831 ad
1123 801 1256 842 collapsi
1282 802 1514 842 reparationem
1540 803 1662 844 imperii
1687 804 1773 833 solli-

150 852 288 884 citudine
313 852 422 883 debita
455 856 667 893 exurgentes,
699 853 890 883 electionem
916 853 1100 884 unanimem
1131 853 1170 883 ab
1200 853 1346 884 omnibus
1378 854 1574 895 principibus
1608 865 1715 885 vocem
1745 855 1775 885 in

149 904 309 936 electione
334 904 536 945 imperatoris
554 904 759 941 habentibus,
785 904 940 935 carissimi
965 909 1072 935 tamen
1097 905 1127 935 in
1146 904 1270 935 Christo
1295 905 1349 935 filii
1372 906 1469 936 nostri
1489 931 1494 936 .
1514 929 1519 935 .
1545 906 1627 946 regis
1644 906 1775 937 Boemie

144 951 297 993 illustris,
323 956 377 997 qui
401 956 460 986 sibi
484 956 533 986 ius
558 956 589 986 in
614 956 763 997 eligendo
788 957 982 998 imperatore
1007 960 1188 998 competere
1213 957 1337 994 asserit,
1362 968 1422 987 non
1448 957 1677 988 interveniente
1702 968 1775 988 con-

150 1018 256 1048 sensu,
280 1007 318 1038 de
335 1009 472 1049 persona
489 1011 543 1039 tua
568 1008 768 1039 concorditer
791 1008 984 1039 celebratam
1009 1012 1041 1039 et
1058 1009 1236 1050 principum
1253 1009 1393 1049 ipsorum
1418 1019 1453 1038 ac
1471 1009 1614 1041 aliorum.
1637 1010 1776 1039 maxime

151 1059 204 1101 qui
220 1069 323 1101 nuper
338 1059 370 1089 in
387 1059 522 1090 concilio
540 1063 768 1098 convenerunt,
793 1060 1035 1101 multiplicatam
1054 1060 1237 1090 instantiam
1262 1070 1386 1090 necnon
1410 1064 1440 1090 et
1464 1071 1664 1091 communem
1688 1061 1776 1102 quasi

151 1110 293 1142 eiusdem
317 1111 443 1141 concilii
460 1111 633 1142 clamorem
650 1111 689 1142 ad
707 1115 791 1142 tuam
811 1111 1049 1152 expeditionem
1066 1111 1237 1142 instantem
1256 1111 1420 1142 benivolus
1438 1112 1526 1142 favor
1543 1112 1723 1143 admitteret
1747 1117 1777 1143 et

149 1165 296 1205 prompta
313 1163 460 1193 executio
478 1162 662 1194 desiderato
681 1164 829 1205 impleret
847 1164 973 1194 effectu.
1009 1163 1080 1193 Hiis
1098 1162 1257 1194 adiciebat
1274 1174 1335 1194 non
1354 1163 1439 1194 leves
1457 1163 1685 1194 sollicitationis
1702 1174 1777 1195 acu-

146 1208 228 1253 leos,
252 1214 335 1256 quod
352 1217 478 1256 sumpte
495 1214 534 1246 de
551 1215 715 1257 preteritis
734 1215 916 1246 coniectore
934 1218 1124 1256 argumenta
1142 1215 1217 1245 satis
1236 1214 1379 1245 efficacia
1396 1214 1572 1245 futurorum
1591 1218 1620 1245 te
1638 1215 1777 1246 futurum

153 1266 345 1298 catholicum
369 1267 558 1308 principem,
583 1267 652 1298 Deo
676 1267 843 1304 devotum,
869 1267 1012 1298 veritatis
1037 1267 1188 1302 amicum,
1214 1266 1387 1296 zelatorem
1412 1266 1546 1301 iustitie,
1571 1266 1776 1297 favorabilem

151 1318 296 1349 ecclesiis
321 1328 357 1349 ac
381 1319 530 1360 personis
554 1319 782 1350 ecclesiasticis
808 1322 839 1349 et
864 1319 1082 1349 ecclesiastice
1106 1318 1264 1348 libertatis
1288 1317 1433 1348 sedulum
1458 1320 1671 1358 promotorem
1697 1318 1776 1348 veri-

152 1370 296 1401 similiter
320 1370 556 1413 repromittunt.
596 1370 740 1411 Ideoque
765 1381 837 1400 cum
860 1370 1009 1401 fratribus
1034 1369 1148 1400 nostris
1174 1369 1317 1410 diligenti
1335 1372 1475 1399 tractatu
1500 1369 1607 1400 habito
1633 1369 1777 1400 denomi-

154 1422 281 1453 natione
306 1421 363 1453 tibi
386 1422 424 1453 de
448 1422 590 1464 ipsorum
609 1423 741 1453 consilio
767 1422 907 1463 ascripta
932 1422 1102 1458 suasimus,
1128 1421 1210 1462 quod
1234 1424 1265 1452 te
1291 1421 1334 1451 sic
1353 1420 1551 1462 disponeres,
1576 1421 1619 1451 sic
1638 1431 1778 1462 parares,

151 1478 187 1505 ut
211 1485 281 1505 cum
306 1473 346 1504 ad
370 1474 564 1514 unctionem,
588 1475 865 1505 consecrationem
891 1477 922 1503 et
946 1473 1119 1514 imperialis
1137 1472 1326 1503 diadematis
1345 1473 1581 1502 coronationem
1606 1471 1644 1502 de
1663 1471 1778 1502 nostris

152 1525 353 1568 recipiendas
378 1526 527 1557 manibus
551 1526 694 1567 regalem
729 1525 951 1557 celsitudinem
978 1535 1182 1561 vocaremus,
1218 1524 1257 1554 ad
1288 1523 1369 1564 quod
1398 1534 1454 1554 nos
1487 1523 1656 1553 terminum
1686 1526 1779 1564 prout

153 1578 390 1608 circumstantie
415 1578 639 1620 permitterent
670 1577 926 1608 denuntiavimus
952 1577 1147 1618 prefixuros,
1178 1579 1308 1617 paratus
1340 1578 1433 1616 prout
1462 1574 1540 1604 tanti
1569 1574 1687 1614 negotii
1717 1574 1778 1604 sol-

152 1629 292 1671 lempnia
316 1629 451 1670 exigunt
483 1640 659 1671 appareres
694 1634 725 1660 et
757 1629 981 1660 nichilominus
1012 1628 1139 1658 interim
1171 1627 1308 1668 aliquem
1333 1627 1384 1657 vel
1418 1626 1539 1666 aliquos
1567 1625 1605 1655 ad
1638 1628 1777 1655 nostram

151 1681 345 1722 presentiam
378 1682 539 1718 mitteres,
582 1682 633 1722 qui
676 1692 772 1722 snper
807 1680 949 1711 eiusdem
986 1680 1205 1720 assignatione
1241 1679 1366 1709 termini
1403 1677 1477 1718 quid
1509 1680 1561 1707 tue
1595 1676 1779 1707 comoditati

153 1735 343 1774 congrueret
368 1736 400 1763 et
424 1733 503 1764 alias
528 1733 621 1774 plene
647 1744 743 1774 super
767 1733 826 1763 hoc
859 1736 944 1762 tuam
976 1732 1067 1762 nobis
1092 1731 1310 1772 exprimerent
1333 1730 1539 1759 voluntatem.
1586 1728 1696 1768 Nuper
1721 1728 1778 1757 ita-

154 1795 214 1826 que
240 1784 365 1815 dilectis
390 1785 464 1815 filiis
488 1785 642 1826 magistro
666 1785 804 1815 Rudolfo
830 1784 919 1824 regie
943 1783 1015 1813 aule
1040 1782 1240 1818 cancellario,
1266 1781 1363 1811 nobili
1381 1781 1446 1810 viro
1466 1779 1611 1810 Conrado
1635 1779 1714 1809 duce
1738 1779 1777 1809 de

124 1846 127 1850 ·
153 1835 270 1874 Techa,
295 1836 393 1867 fratrc
410 1836 607 1878 Berengario
634 1837 786 1878 magistro
811 1836 977 1866 domorum
996 1834 1172 1875 Hospitalis
1196 1833 1298 1863 sancti
1316 1832 1468 1862 Iohannis
1492 1842 1549 1872 per
1568 1831 1779 1867 Alemaniam,

105 2050 127 2069 :35

107 2308 131 2328 40

110 2573 133 2591 -15

114 2834 137 2852 50

153 1887 249 1918 Petro
285 1887 510 1919 archidiacono
539 1888 710 1919 Basiliensi
740 1891 771 1919 et
807 1888 903 1918 fratre
929 1887 1071 1917 Henrico
1100 1885 1218 1915 ordinis
1252 1884 1410 1914 Minoi-um
1440 1883 1560 1913 lectore
1592 1882 1779 1921 Maguntino

155 1942 283 1981 propter
307 1939 367 1970 hoc
392 1950 410 1970 a
433 1943 489 1971 tua
512 1940 752 1981 magnificentia
775 1939 960 1974 destinatis,
994 1938 1024 1968 in
1050 1941 1157 1968 nostra
1187 1939 1219 1966 ct
1244 1936 1375 1966 fratrum
1400 1935 1541 1976 ipsorum
1566 1934 1725 1974 presentia
1749 1934 1779 1964 in

155 1991 283 2032 publico
308 1994 340 2022 et
372 1991 539 2033 sollempni
565 1992 755 2023 consistorio
781 1991 906 2021 nomine
932 1993 986 2020 tuo
1010 1988 1191 2031 petentibus
1227 1987 1265 2017 ad
1297 1987 1452 2028 premissa
1482 1986 1650 2016 terminum
1679 1986 1778 2025 assig-

156 2043 237 2083 nari,
266 2042 304 2073 ad
336 2043 420 2084 quod
446 2044 541 2074 etiam
572 2043 685 2074 eodem
711 2043 836 2074 nominc
862 2043 989 2084 plenum
1015 2044 1046 2071 ct
1072 2040 1249 2081 legitimum
1274 2037 1448 2069 exhibuere
1473 2036 1688 2074 mandatum1,
1723 2046 1780 2066 nos

156 2105 226 2125 cum
255 2094 376 2126 eisdem
407 2095 560 2126 fratribus
589 2096 760 2126 collatione
792 2095 902 2126 habita
930 2097 961 2124 et
989 2093 1050 2124 hiis
1079 2101 1138 2132 quc
1169 2091 1253 2121 eirca
1284 2090 1342 2120 hec
1374 2088 1566 2119 attendenda
1601 2088 1781 2129 putavimus

156 2156 317 2188 perpensa
341 2146 575 2178 deliberatione
599 2147 765 2183 discussis,
800 2146 967 2177 serenitati
998 2148 1050 2175 tue
1076 2144 1114 2173 ad
1138 2143 1254 2184 petitas
1283 2141 1481 2177 unctionem,
1507 2139 1779 2169 consecrationem

159 2201 191 2229 et
214 2198 452 2230 coronationem
477 2199 653 2241 imperialis
679 2198 867 2230 diadematis
899 2198 929 2228 in
959 2196 1093 2227 basilica
1116 2194 1267 2236 principis
1291 2192 1507 2233 aposttdorum
1534 2191 1563 2220 in
1592 2190 1675 2221 Urbe
1701 2190 1781 2220 reci-

158 2249 291 2290 piendas
316 2260 373 2291 per
396 2261 510 2281 manus
535 2255 669 2289 nostras,
695 2250 831 2281 Domino
857 2250 984 2279 favente
1003 2247 1149 2283 sermoni,
1174 2246 1290 2276 festum
1310 2244 1458 2274 Omnium
1476 2246 1657 2273 sanctorum
1683 2242 1835 2281 primorum

159 2304 327 2332 venturum
344 2301 383 2333 de
400 2302 543 2344 ipsorum
561 2302 693 2333 fratrum
712 2302 844 2333 consilio
861 2301 1072 2341 assignamus.
1154 2297 1222 2337 Eya
1247 2306 1333 2336 crgo,
1358 2295 1506 2336 princeps
1531 2293 1646 2326 inclite,
1671 2303 1780 2331 recog-

158 2363 254 2384 nosce
284 2353 448 2384 humiliter
475 2355 522 2384 tui
551 2355 709 2385 beneficia
737 2354 904 2391 creatoris,
933 2353 1000 2382 cius
1029 2349 1237 2390 beneplacitis
1268 2352 1299 2378 te
1333 2350 1461 2387 coapta,
1495 2344 1594 2383 dirige
1622 2344 1685 2374 vias
1710 2346 1780 2374 tuas

159 2404 190 2435 in
219 2404 349 2435 semitas
378 2405 601 2437 mandatorum
630 2407 731 2448 ipsius
743 2406 765 2439 ²,
796 2405 863 2435 eius
894 2404 1054 2434 ministros
1079 2402 1213 2437 honora,
1250 2400 1343 2429 immo
1368 2398 1469 2438 ipsum
1496 2396 1524 2426 in
1558 2396 1635 2431 illis,
1665 2395 1781 2424 honora

160 2456 330 2488 ecclesiam
363 2460 497 2488 matrem
532 2462 631 2489 tuam.
678 2457 922 2498 Longevitatem
955 2465 1090 2495 namque
1124 2453 1187 2482 vite
1225 2454 1391 2491 parentum
1429 2448 1523 2477 ctiam
1560 2446 1782 2486 temporalium

160 2511 376 2542 honorificatio
393 2509 591 2551 pollicetur.³³
629 2510 747 2540 Pacem
765 2509 860 2549 dilige
886 2517 993 2547 regem
1012 2504 1164 2535 imitando
1183 2502 1360 2543 pacificum,
1386 2500 1473 2529 lirma
1496 2498 1616 2528 iustitia
1636 2498 1780 2527 thronum

160 2565 264 2601 tuum,
288 2564 374 2594 illam
399 2566 534 2594 sectare.
579 2561 716 2592 Fructus
741 2560 824 2590 enim
850 2559 970 2589 iustitie
995 2567 1071 2598 pax,
1096 2555 1149 2585 illa.
1174 2555 1197 2584 si
1223 2557 1295 2583 autc
1322 2556 1352 2582 tc
1378 2550 1530 2581 ambulet,
1556 2559 1685 2587 gressus
1710 2552 1781 2578 tuos

160 2624 283 2655 ponens
307 2615 338 2645 in
354 2615 425 2646 via4
449 2614 508 2645 tibi
532 2614 571 2645 ab
590 2614 672 2643 invio
689 2611 884 2654 prccavcbit.
920 2610 988 2640 Nec
1012 2612 1042 2638 te
1061 2606 1230 2637 clementia
1248 2604 1384 2636 deserat,
1409 2613 1469 2642 quc
1488 2601 1605 2630 amicos
1631 2604 1662 2628 ct
1687 2599 1781 2654 devo-

161 2668 210 2696 tos
242 2666 458 2707 multiplicans
491 2665 531 2696 ad
566 2665 689 2706 imperii
725 2663 821 2694 adicit
856 2662 1046 2691 firmitatem.
1095 2659 1163 2698 Age
1191 2656 1322 2686 viriliter
1354 2658 1384 2684 ct
1415 2663 1539 2693 semper
1564 2662 1617 2681 eor
1642 2656 1729 2680 tuum
1754 2661 1781 2679 ιιι

162 2715 299 2748 Domino
325 2718 531 2748 confortetur.
1531 2755 1535 2759 Ι

264 2769 383 2800 Datum
407 2769 567 2810 Lugduni,
592 2767 664 2798 XV.
684 2766 845 2797 Kalendas
870 2764 984 2799 Martii,
1010 2762 1210 2803 pontificatus
1236 2758 1333 2788 nostri
1360 2767 1440 2785 sinuo
1465 2759 1568 2785 tertio.

264 2830 288 2858 1)
307 2828 426 2854 videncet
445 2836 486 2853 nr.
502 2832 539 2854 76.
627 2828 653 2857 2)
675 2827 719 2852 Px.
734 2831 786 2857 11⁸,
800 2830 839 2851 :552
928 2826 953 2855 .'lj
976 2824 1014 2853 ιγ’.
1030 2821 1116 2846 lali-ml.
1133 2825 1172 2851 2¹0,
1187 2823 1225 2846 J'J,
1313 2818 1338 2846 i)
1363 2817 1454 2843 [sas-1,
1473 2819 1505 2839 ΙΙ.

264 2889 301 2906 LL.
313 2888 522 2907 εοΝεΤιτυτιοΝε5
536 2888 568 2905 ιιι.
1569 2867 1583 2888 2·
