2259 3116
453 106 509 134 144
787 102 945 129 RUDoLFl
964 102 1070 129 REGIS
1090 102 1410 128 CONSTITUTIONES.
1448 103 1522 128 1277.
1558 101 1605 128 Nr.
1620 102 1675 128 149.
1692 101 1747 128 150.

552 248 625 280 149.
649 248 873 280 EPISTULA
900 248 1041 280 REGIS
1068 248 1316 280 UNGARIAE
1335 248 1403 279 DE
1427 248 1668 279 OTTOKARO
1692 248 1829 280 REGE.
1873 248 1978 288 (Dec.)

555 310 700 349 Superest
728 311 763 341 ‘in
792 310 854 341 sola
883 310 984 340 codice
1011 309 1213 341 (mobom'ano
1235 310 1319 340 2155
1349 310 1402 348 sol.
1423 312 1466 340 28
1489 320 1537 340 nr.
1556 310 1611 347 19,
1643 310 1734 340 cuius
1761 310 1923 340 editionem
1948 309 2084 341 ‘Wiener

448 362 725 401 Brae'essoemmlzmy'
744 373 776 401 2³-
796 362 857 392 122
881 373 926 392 nr.
950 364 1012 392 1122
1030 365 1181 401 paratam
1205 363 1380 401 repetimus.
1425 363 1484 393 Est
1507 362 1636 392 rubrum
1662 362 1734 392 Rex
1758 362 1900 403 Ungarie
1926 362 1992 402 regi
2016 361 2081 392 Ro-

446 425 622 445 manorum.
661 413 710 445 De
726 416 865 453 tempore,
883 414 1012 451 ratione,
1027 414 1168 452 personis
1186 425 1210 444 υ,
1229 414 1360 453 Reycsta
1379 414 1509 452 imperii.
1530 432 1568 436 -—-
1593 413 1737 451 Bo'hmer,
1755 413 1829 453 Ray.
1847 413 1919 451 imp.
1942 413 1996 450 VI,
2009 414 2080 444 899.

1793 464 1844 505 (P.
1869 465 1975 505 deest.)

554 518 724 559 Magnifico
739 518 872 560 principi
886 518 1011 549 domino
1024 517 1193 558 Rud(olfo)
1208 518 1277 559 regi
1291 517 1507 548 Romanorum
1521 527 1648 558 semper
1661 519 1798 558 augusto
1811 517 1894 558 patri
1907 527 1965 547 suo
1979 516 2082 548 karis-

448 571 527 601 simo
553 574 585 602 et
607 570 695 601 affini
712 570 888 611 predilecto
906 570 1104 610 Ladffislaus)
1128 569 1190 600 Dei
1214 569 1322 610 gracia
1346 580 1402 600 rex
1422 568 1564 610 Ungarie
1582 572 1692 599 mutue
1710 569 1904 599 sinceritatis
1922 569 2082 600 affectum.

555 622 601 662 (1)
625 622 889 660 Promissioncm,
916 632 1009 662 quam
1034 621 1125 652 vobis
1150 621 1283 652 fecimus
1315 621 1389 652 data
1416 620 1488 659 fide,
1518 620 1747 651 inviolabiliter
1778 620 1882 662 quoad
1911 621 2082 653 vixerimus

448 674 642 705 intendimus
667 674 841 705 observare
854 675 874 704 ¹.
919 673 1053 704 Noverit
1077 674 1185 714 itaque
1210 676 1317 704 vestra
1341 672 1518 712 celsitudo,
1543 672 1625 714 quod
1650 676 1808 704 venerunt
1831 672 1870 703 ad
1894 683 1952 704 nos
1975 674 2083 705 nuncii

448 726 534 767 regis
558 726 715 757 Bohemic
740 726 770 756 in
796 726 964 767 legacione
989 725 1069 764 eius,
1094 725 1184 755 cuius
1209 725 1335 766 legacio
1362 725 1436 755 talis
1460 727 1525 761 est,
1555 724 1639 766 quod
1668 734 1726 755 nos
1751 724 1791 755 ad
1815 728 1970 766 perpetue
1994 726 2081 767 pacis

449 779 599 809 unionem
622 778 803 809 veniremus
829 788 900 808 cum
925 777 1055 816 eodem,
1085 777 1252 808 venientes
1277 787 1335 807 nos
1361 787 1430 807 cum
1456 775 1570 806 eodem
1602 779 1711 807 contra
1735 787 1861 817 omnes,
1895 778 2083 818 promittens

449 830 540 861 nobis
565 829 633 860 vice
658 840 764 867 versa,
789 829 872 870 quod
896 832 997 859 totum
1022 829 1208 859 thesaurum
1234 832 1380 859 nostrum
1403 827 1499 858 nobis
1523 828 1710 859 restitueret
1734 838 1774 859 ex
1797 829 1921 870 integro
1946 832 1978 860 et
2001 829 2084 870 quod

449 882 488 913 de
514 881 664 923 dampnis
689 884 721 912 et
744 881 866 912 iniuriis
890 880 981 911 nobis
1007 880 1090 911 datis
1124 883 1155 911 et
1179 880 1276 911 illatis
1300 890 1358 921 per
1381 879 1520 910 eundem
1545 879 1750 911 satisfaceret
1774 880 1865 911 iuxta
1888 880 2084 912 desiderium

449 933 552 964 cordis
577 933 677 964 nostri
701 936 732 963 et
756 933 888 973 insuper
918 943 990 963 cum
1022 932 1168 963 omnibus
1197 932 1307 963 amicis
1337 931 1418 969 suis,
1452 931 1602 962 videlicet
1637 931 1791 962 Heinrico
1822 931 1902 963 duce
1926 932 2082 971 Bawarie,

450 985 634 1016 marchione
651 984 969 1025 Brandenburgensi,
995 983 1179 1014 marchione
1202 983 1356 1013 Misnensi
1376 983 1502 1013 seniore
1520 986 1551 1014 et
1567 983 1680 1014 iuniori
1706 986 1816 1014 contra
1840 993 1951 1014 omnes
1975 983 2083 1014 mundi

451 1037 594 1067 viventes
618 1047 675 1067 nos
700 1036 838 1072 iuvaret,
864 1036 986 1066 faciens
1011 1039 1044 1066 et
1068 1036 1210 1066 efficiens
1235 1046 1292 1076 per
1317 1035 1439 1071 omnia,
1465 1045 1527 1076 que
1550 1045 1609 1066 nos
1634 1035 1738 1067 eidem
1762 1036 1869 1067 facere
1894 1035 2083 1068 diceremus.

449 1089 490 1119 Et
514 1088 677 1129 allegabat
700 1088 855 1129 quasdam
881 1088 1037 1125 rationes,
1071 1098 1129 1128 per
1153 1098 1231 1128 quas
1256 1097 1313 1118 nos
1345 1087 1407 1118 sibi
1432 1087 1592 1118 attrahere
1616 1086 1795 1125 nitebatur,
1826 1087 1977 1118 videlicet
2001 1087 2085 1129 quod

449 1143 579 1182 propter
595 1139 917 1180 consanguinitatem,
943 1139 1133 1169 affinitatem
1159 1142 1190 1169 et
1207 1139 1404 1170 vicinitatem
1430 1139 1491 1170 sibi
1515 1139 1617 1180 magis
1635 1150 1729 1180 quam
1753 1140 1844 1170 alteri
1862 1139 1968 1171 facere
1986 1139 2083 1171 debe-

450 1202 565 1222 remus.
655 1191 700 1231 (2)
726 1190 820 1222 Unde
844 1191 919 1231 quia
944 1190 1031 1221 cordi
1056 1190 1147 1221 nobis
1172 1193 1231 1229 cst,
1256 1201 1319 1221 una
1344 1190 1508 1221 vobiscum
1532 1191 1640 1222 vivere
1669 1191 1790 1232 pariter
1818 1194 1915 1233 atque
1943 1192 2022 1222 mori
2050 1193 2084 1222 et

450 1253 611 1284 nunquam
637 1242 675 1273 de
694 1245 858 1273 contracta
882 1242 1023 1273 amicitie
1048 1242 1165 1273 unione
1183 1242 1320 1280 resilire,
1346 1252 1421 1273 ecce
1446 1252 1571 1273 omnem
1588 1242 1805 1274 intencionem
1829 1246 1860 1274 et
1883 1244 2083 1285 legacionem

450 1295 525 1325 dicti
550 1294 633 1335 regis
658 1293 810 1332 Boemie,
839 1304 934 1334 quam
959 1293 1049 1324 nobis
1076 1304 1133 1334 per
1160 1294 1292 1324 nuncios
1318 1304 1390 1324 suos
1415 1293 1590 1324 verbaliter
1614 1295 1794 1334 nunciavit,
1818 1294 1908 1326 vobis
1934 1294 2082 1326 duximus

451 1347 629 1388 propalare.
666 1346 806 1376 Litteras
832 1346 916 1376 enim
941 1356 1016 1376 suas
1033 1345 1123 1376 vobis
1149 1345 1293 1376 misimus
1310 1345 1513 1387 presencium
1530 1357 1587 1387 per
1604 1346 1739 1377 latorem
1756 1346 1910 1385 volentes,
1934 1350 1969 1378 ut
1993 1347 2080 1388 quic-

451 1398 525 1440 quid
551 1398 678 1439 cognita
702 1398 869 1439 legacione
895 1401 926 1428 et
950 1397 1131 1428 intencione
1158 1397 1303 1428 ciusdem
1327 1397 1413 1438 regis
1437 1397 1569 1429 Bocmie
1592 1398 1683 1438 vobis
1707 1398 1811 1429 visum
1836 1398 1946 1437 fuerit,
1972 1398 2082 1430 decer-

451 1451 533 1481 natis
567 1454 598 1480 et
632 1449 721 1480 nobis
751 1449 966 1480 intencionem
996 1452 1134 1479 vestram
1165 1452 1197 1479 et
1234 1449 1476 1490 responsionem
1511 1460 1604 1490 quam
1635 1449 1739 1481 cidem
1769 1450 1876 1481 facere
1907 1449 2082 1481 debeamus

451 1501 643 1533 rescribatis.
689 1500 731 1531 Et
754 1501 907 1542 petimus,
932 1500 1016 1542 quod
1042 1500 1143 1531 ceiam
1168 1500 1327 1531 hominem
1352 1504 1491 1531 vestrum
1516 1501 1556 1532 ad
1581 1511 1637 1532 nos
1662 1512 1733 1532 cum
1757 1501 1859 1533 latore
1883 1502 2083 1543 presencium

447 1553 687 1591 transmittatis⁷
721 1563 827 1583 coram
857 1563 918 1594 quo
944 1552 1084 1594 prefatos
1110 1553 1244 1583 nuncios
1276 1553 1361 1593 regis
1386 1552 1519 1583 Boemie
1543 1563 1613 1584 cum
1638 1553 1807 1593 legacione
1831 1557 1864 1584 et
1886 1554 2081 1595 responsiva,

449 1616 509 1647 que
534 1605 624 1635 vobis
648 1605 716 1635 visa
740 1604 833 1635 fuerit
857 1608 889 1635 ct
911 1605 1006 1635 nobis
1029 1604 1235 1641 nunciabitis,
1261 1604 1486 1646 expediamus.
1525 1604 1689 1636 Tenentes
1713 1616 1769 1646 pro
1794 1609 1892 1645 certo,
1917 1605 2000 1647 quod
2024 1615 2081 1636 nos

448 1657 552 1699 parati
578 1667 688 1687 sumus
713 1656 752 1687 ad
778 1657 875 1687 vitam
900 1660 931 1687 et
956 1657 995 1687 ad
1020 1659 1155 1688 mortem
1181 1659 1292 1687 contra
1326 1667 1438 1687 omnes
1469 1656 1578 1687 mundi
1603 1657 1746 1688 viventes
1776 1660 1877 1688 totum
1905 1657 1936 1688 id
1964 1657 2080 1695 facere,

448 1709 532 1750 quod
556 1708 741 1749 paternitati
760 1712 867 1739 vestre
892 1708 1097 1749 promisimus
1121 1708 1178 1739 sub
1202 1711 1310 1739 nostre
1336 1708 1410 1739 fidei
1429 1709 1609 1750 sponsione.
1698 1709 1744 1750 (3)
1770 1708 1920 1740 Ceterum
1945 1709 2082 1751 petimus

448 1760 674 1802 paternitatem
699 1763 854 1798 vestram,
880 1760 963 1801 quod
988 1760 1068 1790 filios
1094 1759 1234 1797 Gochol,
1259 1759 1384 1791 nobiles
1408 1759 1448 1791 de
1473 1759 1684 1800 Vredwerch,
1709 1760 1874 1802 Ayberch⁷
1900 1760 2028 1802 Cygver
2051 1763 2083 1792 et

448 1811 696 1852 burchgravium
720 1811 758 1842 dc
777 1810 969 1853 Chirchslag
994 1812 1025 1842 in
1050 1812 1149 1842 nostri
1167 1811 1320 1842 auxilium
1337 1811 1379 1842 ad
1396 1811 1586 1843 Causarium
1610 1813 1784 1854 principem
1801 1815 1911 1844 nostre
1935 1812 2082 1852 milicie2‚
2101 1813 2103 1815 ’

449 1874 510 1904 quc
535 1864 619 1893 circa
642 1874 699 1893 nos
718 1866 778 1901 est,
805 1864 904 1894 vestri
920 1864 1029 1903 gracia
1045 1864 1192 1895 celeriter
1208 1862 1470 1905 trans1nitta[ti]s.
1509 1863 1654 1895 Petimus
1672 1864 1783 1902 eciam,
1810 1864 1895 1906 quod
1918 1864 2083 1896 machinas

449 1918 482 1946 ct
506 1916 726 1953 instrumenta,
751 1915 865 1956 quibus
890 1919 1028 1946 castrum
1054 1916 1235 1957 expugnari
1262 1915 1372 1957 possit,
1397 1916 1490 1947 nobis
1513 1916 1598 1947 mitti
1621 1918 1728 1947 vestra
1751 1916 1860 1957 gracia
1883 1916 2046 1948 ordine'tis.

555 1975 675 2007 Datum
699 1978 757 2006 etc.

476 2136 563 2185 150.
604 2132 1057 2187 SENTENTIA
1090 2135 1195 2187 DE
1234 2135 1776 2189 SUOOESSIONE
1813 2135 2063 2191 FEUDI

1044 2212 1485 2266 PROBANDA.

1124 2307 1230 2342 1277.
1272 2307 1419 2343 lutee

561 2399 635 2426 l'um
661 2407 714 2426 urst·
736 2396 879 2426 Basileus
907 2408 959 2427 mgr
981 2397 1155 2428 Colmarim:
1181 2399 1212 2428 in
1230 2398 1398 2429 (abedariis
1421 2399 1511 2429 <alfrid
1527 2398 1683 2438 ‹arenwlar
1706 2399 1977 2438 uobispclcntilms
2000 2409 2081 2438 repe-

452 2448 636 2485 ririymssil,
659 2448 861 2485 proponimus
883 2449 1052 2479 saumatam
1077 2450 1196 2487 copiam
1229 2451 1290 2479 {mn
1314 2450 1388 2480 alim
1413 2462 1432 2480 ιι
1456 2451 1480 2482 h.
1499 2462 1537 2482 m.
1554 2451 1643 2489 ‚Jaffij
1669 2462 1706 2481 αι’
1735 2451 1912 2490 amm-(who
1935 2451 2081 2482 membra-

452 2510 543 2529 nam»
567 2510 644 2529 saw.
665 2498 735 2528 ΧΓ.
762 2499 802 2528 in.
829 2499 980 2529 fabularis
998 2500 1188 2530 Basilicus-is
1211 2510 1217 2516 ·
1231 2501 1325 2531 Varia
1345 2503 1374 2530 θ’
1398 2503 1525 2540 (mlum,
1549 2513 1641 2541 qnam
1666 2503 1810 2534 adhibuit
1832 2503 1925 2533 etiam-
1947 2501 2080 2533 Us'inlaal-

453 2562 547 2581 mmm
572 2552 661 2581 :Iria
694 2551 815 2588 inmersi
843 2551 961 2580 mla-m*
988 2551 1034 2588 ll,
1054 2554 1092 2581 lt}
1118 2563 1166 2582 ur.
1188 2555 1252 2583 11:1¹.
1302 2554 1391 2592 (pund
1422 2555 1524 2593 [larsem
1549 2555 1745 2593 proposituri
1772 2565 1896 2592 sumus,
1926 2554 1973 2585 nil
1994 2553 2082 2585 aliud

557 2637 579 2668 l)
605 2636 631 2661 V,
645 2638 724 2668 laisla
743 2644 826 2668 snpra
845 2645 886 2662 rnr.
905 2641 955 2662 111.
979 2641 1029 2662 145.
1055 2642 1106 2663 ΗΝ,
1214 2640 1240 2667 2)
1261 2639 1380 2665 Nomina
1404 2640 1537 2673 (singlarica
1562 2641 1590 2665 [n
1614 2641 1697 2666 cmlicc
1721 2640 1896 2666 Oltoboniano
1915 2640 2081 2673 aliquantum

452 2682 578 2711 nori-sipla
599 2679 750 2705 censuerim.
783 2680 818 2704 In
841 2679 929 2711 11'13jcri
948 2681 1015 2705 ι’)ιίηι
1033 2680 1126 2706 Codice
1145 2681 1313 2714 ‹liplonmtico
1331 2683 1380 2714 filii
1399 2684 1498 2709 comilis
1518 2684 1615 2710 Goclwe
1633 2685 1671 2716 (a.
1686 2685 1765 2717 1310),
1785 2683 1881 2709 nobiles
1899 2683 1948 2709 viri
1970 2682 2082 2717 Cllyyoez

453 2729 489 2753 (ιι,
508 2726 585 2755 1207),
606 2722 697 2747 nobiles
715 2722 746 2748 (Ic
767 2723 886 2756 Clzzczriry
905 2728 940 2753 (ιι.
955 2728 1030 2756 Ιὸυδ)
1050 2724 1162 2750 obruent.
1194 2725 1221 2751 V.
1243 2725 1344 2751 indices.

2109 737 2134 756 10

2110 994 2132 1013 15

2109 1255 2133 1275 20

2108 1514 2132 1533 25

2109 1773 2133 1792 30

2108 2164 2131 2184 ³5

2106 2513 2130 2532 40
