2259 3164
106 866 128 885 10

102 1160 123 1180 15

99 1421 122 1440 20

93 1940 116 1960 ³0

90 2199 113 2218 35

89 2456 114 2474 40

100 2713 123 2732 4⁵
141 2703 231 2745 perio
255 2702 413 2733 facientes
438 2713 533 2733 manu
564 2704 687 2744 potenti
713 2704 891 2734 iuvabimus
920 2714 955 2734 ac
981 2703 1041 2733 sibi
1071 2707 1101 2733 ct
1134 2703 1198 2732 suis
1232 2702 1410 2732 imminutus
1441 2701 1572 2731 liberum
1602 2701 1830 2730 introitumffin,

502 199 658 226 RUDOLFI
678 201 781 228 REGIS
801 203 1118 233 CONS'rl'l'U'rioNlcs.
1160 210 1230 235 1216.
1267 212 1311 237 Nr.
1330 214 1381 239 lot.
1397 216 1452 240 los.
1747 223 1785 251 95

165 286 391 317 munitionibus
430 286 588 318 universis
631 288 722 319 nobis
771 293 881 321 contra
916 291 1117 325 iniuriatorcs
1155 296 1274 337 imperii
1311 302 1508 341 exponendis
1547 305 1689 344 promisit
1723 306 1784 337 fida¹

162 338 295 380 prestita
324 337 392 368 vice
424 348 527 369 versa.
583 338 620 369 In
649 340 738 371 cuius
771 342 817 372 rei
845 343 1060 375 testimonium
1095 352 1276 387 presentem
1307 351 1443 382 litteram
1475 355 1648 386 maiestatis
1678 360 1784 388 nostre

165 389 266 431 sigillo
291 388 350 419 sibi
374 389 525 420 iussimus
551 392 748 423 communiri.

278 440 354 472 Dat.
380 440 557 483 Maguntie,
582 453 664 474 anno
689 443 820 476 Domini
844 445 1086 482 MCCLXXVI,
1111 454 1224 491 quarto
1249 452 1320 484 Kal.
1344 454 1438 486 Febr.

636 589 709 621 105.
738 591 921 623 CHARTA
944 594 1308 630 AfflJHIEJ’lS(som.

262 649 497 688 Aut‹›[1›·a1›l10u,
521 651 604 689 quod
627 655 765 689 superest
788 653 822 682 ¹in
849 654 1005 685 Mluclurio
1030 655 1264 693 '1⁷1'n‹l0b‹mmzsi,
1288 659 1441 690 nobismori
1465 661 1595 691 Imeirolc
1618 665 1783 694 (tommenti-

156 701 236 732 cavit
263 701 367 732 socius
389 703 493 732 noster
515 702 548 733 J.
565 702 713 734 Lectum„
751 704 894 743 Sigsillzma
918 707 982 743 sere
1007 706 1147 738 illmsecm
1170 709 1272 739 adhuc
1295 711 1414 748 pemlsl.
1452 712 1528 742 Alia
1555 724 1649 744 neuma
1673 726 1782 745 eastra-

157 755 222 783 tum
245 755 289 784 cst
304 763 341 783 ac
356 763 404 784 m:
425 754 493 791 104,
518 754 588 784 ‘item
606 754 711 785 (diemo
727 766 747 785 (ι
764 756 950 787 cmzccllarioe
967 758 1056 796 rsyis.
1091 759 1203 790 Edidit
1222 761 1282 791 iam
1298 762 1390 800 Iram)
1409 763 1708 797 “Grsrh‘'ems-blsittm·
1723 778 1783 797 (tus

159 804 212 835 der
234 804 377 836 ,S'clm-eiz'
401 805 444 835 II
461 808 574 845 (lb'JJo')
592 817 626 845 p.
644 809 716 836 5513.
761 808 803 837 ln
825 810 964 848 wmryinc
980 811 1148 848 posuimus
1175 814 1278 851 capim
1300 815 1458 853 spesindeo&
1488 818 1581 855 sessis,
1612 829 1691 857 qmw
1714 830 1781 849 cunc

154 857 307 895 capitibus
323 857 450 887 chartac
465 857 690 897 archiepiscopi
706 861 899 892 conveniunt.
925 879 961 882 —
987 862 1131 900 Bolzmcr,
1155 864 1227 904 Res),
1248 866 1317 903 imp.
1344 866 1476 904 1·‘J‚.300·.
1521 869 1573 909 (P.
1591 870 1695 906 deust.)

258 943 325 974 Nos
351 943 500 974 Siffridus
526 943 589 975 Dei
612 946 721 985 gracia
747 949 856 976 sancte
882 946 1081 978 Coloniensis
1107 950 1260 981 ecclesien
1291 953 1546 996 archiepiscopus
1576 966 1633 996 per
1656 957 1779 988 Italiam

152 995 276 1037 imperii
304 995 609 1027 archicancellarius
641 997 787 1028 omnibus
819 999 1015 1039 presentium
1051 1001 1287 1041 inspectoribus
1323 1004 1456 1035 salutem
1488 1006 1518 1036 in
1549 1008 1687 1038 omnium
1717 1010 1778 1039 sal-

151 1050 271 1078 vatore.

258 1098 307 1139 (1)
331 1098 451 1129 Notum
476 1098 610 1129 facimus
636 1100 792 1131 universis
818 1104 849 1131 et
873 1104 982 1133 tenore
1007 1104 1204 1143 presentium
1230 1106 1425 1145 confitemur,
1451 1109 1532 1148 quod
1557 1120 1612 1139 nos
1637 1114 1668 1141 ct
1692 1112 1777 1153 capi-

150 1151 251 1181 tulum
281 1153 426 1181 nostrum
451 1149 644 1182 Coloniense
674 1153 880 1183 serenissimo
907 1153 1032 1184 domino
1062 1159 1169 1186 nostro
1195 1156 1231 1188 R.
1257 1157 1316 1188 Dei
1341 1159 1449 1199 gracia
1473 1158 1687 1192 Romanorum
1713 1164 1777 1201 regi

150 1213 277 1244 semper
299 1205 436 1243 augusto
460 1203 613 1233 universa
641 1206 671 1233 et
697 1204 823 1245 singula
851 1205 960 1236 debita
992 1209 1023 1236 ct
1051 1208 1225 1247 promissa,
1257 1209 1287 1238 in
1317 1209 1430 1250 quibus
1463 1211 1552 1241 nobis
1582 1216 1613 1243 et
1641 1214 1777 1245 ecclesie

149 1255 331 1286 Coloniensi
347 1255 415 1285 sive
432 1254 630 1296 Engelberto
648 1259 761 1286 nostro
779 1256 1001 1298 predecessori
1018 1262 1071 1288 aut
1090 1259 1350 1291 ministerialibus
1369 1272 1425 1292 scu
1442 1262 1621 1294 homiuibus
1641 1266 1776 1297 ecclesie

147 1310 255 1338 nostre
281 1307 448 1338 occasione
474 1317 690 1348 expensarum
710 1308 906 1349 Aquisgrani
932 1310 1086 1340 facturum
1112 1311 1210 1341 literis
1236 1312 1286 1342 vel
1305 1312 1544 1345 fideiussoribus
1569 1319 1623 1346 aut
1640 1317 1776 1348 ecclesie

148 1357 332 1389 Coloniensi
349 1359 421 1389 aliis
439 1358 692 1400 quibuscumque
717 1360 967 1401 obligationibus
986 1362 1092 1392 extitit
1109 1362 1280 1404 obligatus,
1304 1375 1428 1395 necnon
1446 1366 1602 1406 quandam
1621 1378 1776 1399 summam

148 1410 283 1452 pecunie
307 1414 484 1448 numerate,
509 1421 604 1451 quam
629 1412 702 1442 olim
731 1411 768 1443 E.
794 1412 1002 1453 predecessor
1019 1417 1128 1445 noster
1152 1418 1183 1445 et
1201 1415 1375 1456 capitulum
1396 1416 1586 1449 Coloniense
1606 1418 1776 1450 Gernando

147 1461 307 1503 quondam
336 1462 505 1503 burgravio
534 1463 565 1493 in
589 1462 711 1494 Werde
747 1463 919 1501 dederunt,
952 1468 984 1496 et
1016 1465 1169 1506 quosdam
1199 1466 1354 1503 redditus,
1385 1478 1463 1508 quos
1493 1469 1596 1500 adhuc
1625 1474 1688 1500 tam
1719 1482 1775 1502 nos

147 1525 241 1556 quam
266 1515 442 1556 capitulum
467 1514 661 1546 Coloniense
687 1516 821 1556 singulis
845 1517 935 1547 annis
961 1517 1021 1547 sibi
1046 1521 1078 1548 et
1102 1518 1167 1548 suis
1191 1518 1363 1549 heredibus
1388 1520 1556 1551 occasione
1580 1521 1656 1552 dicti
1681 1524 1774 1553 castri

146 1565 268 1598 Werde
292 1566 518 1608 persolvimus,
544 1578 632 1608 pure,
660 1571 773 1608 sponte
797 1578 834 1598 ac
859 1568 1047 1609 simpliciter
1072 1569 1252 1600 remisimus
1277 1573 1307 1600 et
1332 1571 1434 1611 ipsum
1453 1572 1574 1612 quitum
1599 1577 1630 1603 et
1646 1573 1773 1605 absolu-

146 1622 211 1650 tum
241 1619 476 1660 proclamamus
506 1622 537 1650 et
568 1622 678 1650 tenore
712 1620 909 1660 presentium
939 1624 1169 1661 protestamur,
1199 1622 1418 1653 renuntiantes
1450 1624 1577 1655 nomine
1609 1628 1714 1655 nostro
1743 1630 1774 1656 ct

146 1671 278 1713 capituli
313 1670 515 1702 coloniensis
555 1671 640 1701 omni
680 1671 741 1701 iuri
789 1677 820 1702 et
861 1672 979 1702 actioni
1021 1683 1055 1702 ac
1092 1672 1322 1713 vendicationi,
1364 1685 1425 1715 que
1461 1675 1577 1706 exinde
1612 1676 1700 1707 nobis
1735 1677 1773 1707 ad

143 1723 321 1765 predictum
355 1722 520 1752 dominum
558 1725 700 1753 nostrum
735 1722 953 1754 Romanorum
990 1734 1097 1764 regem
1135 1725 1326 1765 conpetebat
1356 1726 1407 1756 vel
1442 1730 1611 1768 conpetere
1643 1728 1772 1759 videba-

142 1777 204 1807 tur.
292 1774 338 1815 (2)
363 1774 455 1805 Idem
478 1784 554 1805 vero
578 1774 723 1805 dominus
753 1778 862 1805 noster
888 1775 1105 1806 Romanorum
1134 1786 1192 1806 rex
1219 1776 1250 1806 in
1295 1779 1624 1818 recompensationem
1648 1779 1772 1821 predic·
1783 1791 1830 1809 os.

142 1829 246 1857 torum
271 1829 303 1857 et
326 1829 361 1856 ut
384 1836 442 1856 nos
459 1825 572 1856 reddat
596 1826 635 1856 ad
660 1837 717 1856 sua
734 1826 942 1867 beneplacita
958 1827 1179 1868 promptiores,
1204 1827 1293 1858 nobis
1311 1827 1350 1858 ad
1368 1829 1462 1859 vitam
1480 1834 1622 1861 nostram
1647 1835 1771 1862 trecen-

142 1881 190 1909 tas
213 1888 337 1909 marcas
362 1877 571 1908 Colonienses
596 1877 730 1918 singulis
755 1878 847 1908 annis
881 1877 965 1919 apud
988 1877 1108 1909 Werde
1140 1879 1169 1908 in
1195 1879 1277 1912 festo
1302 1879 1387 1910 beati
1411 1880 1540 1911 Martini
1564 1882 1881 1923 recipiendasfix‘oun.

143 1930 225 1961 sicut
261 1930 293 1960 in
326 1929 505 1960 maiestatis
538 1939 595 1960 sue
627 1929 729 1960 literis
763 1929 890 1970 plenius
922 1930 1102 1961 continetur
1117 1931 1136 1968 1,
1166 1930 1266 1971 regali
1300 1931 1470 1962 clementia
1501 1933 1680 1974 deputavit,
1712 1934 1773 1965 nisi

141 1981 303 2023 predictus
329 1980 366 2012 G.
390 1981 580 2022 burgravius
605 1980 798 2021 redditibus,
829 1992 905 2022 quos
947 1982 1084 2021 singulis
1115 1982 1206 2012 annis
1236 1992 1253 2012 a
1277 1982 1366 2012 nobis
1390 1984 1556 2015 occasione
1581 1984 1656 2015 dicti
1679 1986 1773 2015 castri

139 2033 269 2074 recipit,
293 2043 372 2074 pure
396 2043 432 2063 ae
457 2032 644 2074 simpliciter
668 2033 899 2063 renuntiaverit
932 2036 963 2063 ct
987 2044 1044 2063 nos
1069 2036 1101 2063 et
1125 2033 1299 2074 capitulum
1325 2032 1516 2065 Coloniense
1541 2036 1709 2075 quitaverit
1733 2036 1772 2068 dc

141 2084 272 2116 eisdem.
321 2084 415 2120 Quod
439 2084 565 2125 quando
591 2084 710 2115 factum
734 2085 845 2123 fuerit,
882 2084 992 2115 eedem
1018 2084 1099 2115 OOC
1123 2095 1229 2115 marce
1253 2084 1293 2115 ad
1317 2085 1420 2126 ipsum
1444 2085 1605 2117 dominum
1630 2091 1771 2118 nostrum

141 2138 173 2167 et
207 2136 377 2178 imperium
406 2136 508 2167 libere
542 2139 573 2166 et
603 2136 723 2177 absque
757 2136 1006 2166 contradictione
1036 2136 1179 2177 qualibet
1217 2140 1426 2168 revertentur.
1514 2138 1560 2178 (3)
1585 2138 1627 2168 Et
1650 2150 1689 2170 ne
1714 2150 1827 2175 nost-‚r

140 2190 303 2229 tamquam.
328 2188 445 2228 ingrati
469 2187 604 2228 graciosi
629 2187 752 2218 domini
777 2188 877 2218 nostri
901 2188 1010 2228 gracia
1039 2188 1224 2223 abutamur,
1258 2190 1369 2219 tenore
1394 2189 1588 2230 presentium
1611 2194 1770 2231 protesta-

140 2249 220 2279 mur,
245 2238 330 2280 quod
355 2239 380 2270 si
406 2250 463 2269 nos
487 2239 595 2270 divina
619 2239 813 2280 disponente
840 2239 1043 2280 providentia
1067 2239 1106 2269 de
1131 2239 1196 2270 vite
1221 2239 1314 2270 huius
1340 2240 1444 2271 medio
1471 2241 1661 2275 eximamur,
1686 2243 1769 2283 quod

140 2290 304 2331 predictus
328 2290 476 2321 dominus
500 2294 610 2322 noster
633 2291 849 2322 Romanorum
882 2301 938 2321 rex
969 2294 1000 2321 et
1028 2291 1197 2332 imperium
1228 2291 1267 2322 de
1292 2294 1397 2322 castro
1423 2294 1454 2322 ct
1478 2293 1547 2323 eius
1572 2293 1714 2323 custodia
1738 2298 1769 2324 et

140 2342 208 2372 eius
226 2341 414 2380 redditibus,
440 2342 493 2383 qui
510 2342 600 2372 nobis
618 2342 743 2372 sublato
768 2343 807 2373 de
831 2342 937 2373 medio
961 2342 1000 2372 ad
1018 2342 1121 2383 ipsum
1139 2343 1340 2383 integraliter
1357 2346 1566 2377 revertentur,
1592 2344 1766 2377 ordinandi,

142 2393 332 2435 disponendi
357 2398 389 2424 et
412 2394 550 2425 faciendi
575 2394 725 2435 quicquid
750 2395 908 2435 placuerit
932 2395 999 2425 sine
1016 2394 1180 2425 obstaculo
1205 2394 1347 2435 quolibet
1364 2394 1495 2424 habebit
1513 2394 1643 2425 liberam
1668 2396 1765 2426 facul<

141 2447 249 2476 tatem.
340 2445 388 2487 (4)
412 2445 455 2476 Et
478 2445 702 2476 nichilominus
735 2446 773 2476 ob
802 2446 970 2476 innumera
995 2446 1166 2483 beneficia,
1197 2457 1257 2487 que
1289 2446 1379 2476 nobis
1407 2446 1507 2485 regali
1532 2446 1698 2477 clementia
1724 2448 1766 2477 in-

139 2496 266 2538 pendit,
305 2497 408 2538 ipsum
442 2498 473 2527 in
498 2497 716 2538 recuperando
749 2498 833 2528 bona
869 2498 991 2538 imperii
1020 2508 1056 2527 ac
1090 2498 1118 2527 in
1144 2497 1251 2528 liberis
1280 2498 1343 2527 suis
1368 2508 1491 2527 necnon
1516 2497 1671 2527 universis
1696 2498 1765 2527 aliis

139 2549 284 2589 auspicia
306 2549 516 2590 promotionis
541 2559 597 2580 sue
622 2549 870 2590 respicientibus
895 2549 1036 2580 studiose
1062 2552 1093 2580 ct
1118 2550 1293 2579 ati'ectuose
1319 2559 1388 2579 cum
1414 2550 1528 2578 effectu
1554 2549 1764 2588 promittimus

139 2610 328 2641 promovere
354 2611 391 2631 ac
415 2604 614 2631 sacramento
639 2600 712 2631 date
736 2600 810 2631 fidoi
835 2604 867 2631 et
889 2601 1092 2641 presentibus
1117 2601 1229 2630 litteris
1254 2612 1309 2630 nos
1327 2600 1527 2639 astringimus
1545 2599 1655 2630 eidem.
1681 2599 1762 2639 quod

141 2654 251 2682 contra
274 2661 385 2681 omnes
411 2654 442 2682 et
466 2652 625 2692 singulos,
658 2662 782 2682 summo
806 2652 955 2693 pontifice
979 2652 1145 2681 dumtaxat
1169 2655 1320 2692 excepto,
1352 2651 1543 2680 iniusticium
1569 2650 1625 2679 sibi
1652 2658 1680 2679 vr
1707 2651 1760 2679 im-

240 2770 303 2796 105.
324 2772 347 2803 ²¹)
367 2772 436 2801 ccliv,
456 2773 569 2797 &aniliter
587 2781 684 2804 semper
703 2782 739 2796 or.

240 2822 264 2856 1)
285 2822 377 2856 Supra
396 2830 435 2848 ην.
450 2827 505 2849 101.

1789 1128 1836 1141 (3,.
