<?xml version="1.0" encoding="UTF-8"?>
<!DOCTYPE html PUBLIC "-//W3C//DTD XHTML 1.0 Transitional//EN"
    "http://www.w3.org/TR/xhtml1/DTD/xhtml1-transitional.dtd">
<html xmlns="http://www.w3.org/1999/xhtml" xml:lang="en" lang="en">
 <head>
  <title>
</title>
<meta http-equiv="Content-Type" content="text/html;charset=utf-8" />
  <meta name='ocr-system' content='tesseract 3.04.00' />
  <meta name='ocr-capabilities' content='ocr_page ocr_carea ocr_par ocr_line ocrx_word'/>
</head>
<body>
  <div class='ocr_page' id='page_1' title='image "./monumentagelegum03geseuoft_0184.png"; bbox 0 0 2259 3116; ppageno 0'>
   <div class='ocr_carea' id='block_1_1' title="bbox 420 95 1683 130">
    <p class='ocr_par' dir='ltr' id='par_1_1' title="bbox 420 95 1683 130">
     <span class='ocr_line' id='line_1_1' title="bbox 420 95 1683 130; baseline -0.007 0"><span class='ocrx_word' id='word_1_1' title='bbox 420 102 475 130; x_wconf 71' lang='lat' dir='ltr'>14ss</span> <span class='ocrx_word' id='word_1_2' title='bbox 791 97 947 123; x_wconf 74' lang='lat' dir='ltr'>RUDOLFI</span> <span class='ocrx_word' id='word_1_3' title='bbox 968 96 1072 123; x_wconf 72' lang='lat' dir='ltr'>REGIS</span> <span class='ocrx_word' id='word_1_4' title='bbox 1093 97 1413 123; x_wconf 70' lang='lat' dir='ltr'>CONSTITU&#39;I‘IONES.</span> <span class='ocrx_word' id='word_1_5' title='bbox 1454 97 1527 122; x_wconf 69' lang='lat'>1277.</span> <span class='ocrx_word' id='word_1_6' title='bbox 1564 96 1611 121; x_wconf 87' lang='lat' dir='ltr'>Nr.</span> <span class='ocrx_word' id='word_1_7' title='bbox 1628 95 1683 122; x_wconf 76' lang='lat' dir='ltr'>iol.</span> 
     </span>
    </p>
   </div>
   <div class='ocr_carea' id='block_1_2' title="bbox 415 182 2068 1368">
    <p class='ocr_par' dir='ltr' id='par_1_2' title="bbox 415 182 2068 1368">
     <span class='ocr_line' id='line_1_2' title="bbox 420 182 2054 227; baseline -0.002 -10"><span class='ocrx_word' id='word_1_8' title='bbox 420 191 451 217; x_wconf 84' lang='lat' dir='ltr'>ct</span> <span class='ocrx_word' id='word_1_9' title='bbox 475 190 582 217; x_wconf 84' lang='lat' dir='ltr'>vester</span> <span class='ocrx_word' id='word_1_10' title='bbox 599 186 751 227; x_wconf 77' lang='lat' dir='ltr'>precipue</span> <span class='ocrx_word' id='word_1_11' title='bbox 776 196 812 215; x_wconf 84' lang='lat' dir='ltr'>ac</span> <span class='ocrx_word' id='word_1_12' title='bbox 830 185 964 215; x_wconf 83' lang='lat' dir='ltr'>aliorum</span> <span class='ocrx_word' id='word_1_13' title='bbox 983 185 1229 215; x_wconf 85' lang='lat' dir='ltr'>christianorum</span> <span class='ocrx_word' id='word_1_14' title='bbox 1247 185 1427 226; x_wconf 82' lang='lat' dir='ltr'>principum</span> <span class='ocrx_word' id='word_1_15' title='bbox 1454 187 1557 215; x_wconf 84' lang='lat' dir='ltr'>status</span> <span class='ocrx_word' id='word_1_16' title='bbox 1574 183 1729 225; x_wconf 86' lang='lat' dir='ltr'>pacificus</span> <span class='ocrx_word' id='word_1_17' title='bbox 1747 183 1866 213; x_wconf 87' lang='lat' dir='ltr'>nostris</span> <span class='ocrx_word' id='word_1_18' title='bbox 1883 182 2054 213; x_wconf 84' lang='lat' dir='ltr'><strong>admodum</strong></span> 
     </span>
     <span class='ocr_line' id='line_1_3' title="bbox 415 234 2055 278; baseline -0.002 -10"><span class='ocrx_word' id='word_1_19' title='bbox 415 238 531 268; x_wconf 82' lang='lat' dir='ltr'>insidet</span> <span class='ocrx_word' id='word_1_20' title='bbox 555 237 686 275; x_wconf 70' lang='lat' dir='ltr'>animis,</span> <span class='ocrx_word' id='word_1_21' title='bbox 717 237 878 267; x_wconf 90' lang='lat' dir='ltr'>continere</span> <span class='ocrx_word' id='word_1_22' title='bbox 910 247 973 267; x_wconf 94' lang='lat' dir='ltr'>non</span> <span class='ocrx_word' id='word_1_23' title='bbox 996 247 1183 278; x_wconf 77' lang='lat' dir='ltr'>possumus,</span> <span class='ocrx_word' id='word_1_24' title='bbox 1208 237 1284 277; x_wconf 91' lang='lat' dir='ltr'>quin</span> <span class='ocrx_word' id='word_1_25' title='bbox 1308 236 1347 267; x_wconf 86' lang='lat' dir='ltr'>ad</span> <span class='ocrx_word' id='word_1_26' title='bbox 1372 237 1460 266; x_wconf 91' lang='lat' dir='ltr'>illum</span> <span class='ocrx_word' id='word_1_27' title='bbox 1486 239 1594 266; x_wconf 88' lang='lat' dir='ltr'>nostre</span> <span class='ocrx_word' id='word_1_28' title='bbox 1619 238 1845 266; x_wconf 79' lang='lat' dir='ltr'>convertamus</span> <span class='ocrx_word' id='word_1_29' title='bbox 1870 234 2055 265; x_wconf 85' lang='lat' dir='ltr'>considera—</span> 
     </span>
     <span class='ocr_line' id='line_1_4' title="bbox 416 286 2057 330; baseline -0.002 -10"><span class='ocrx_word' id='word_1_30' title='bbox 416 290 512 320; x_wconf 83' lang='lat' dir='ltr'>tionis</span> <span class='ocrx_word' id='word_1_31' title='bbox 540 290 690 320; x_wconf 84' lang='lat' dir='ltr'>intuitum</span> <span class='ocrx_word' id='word_1_32' title='bbox 716 293 748 320; x_wconf 86' lang='lat' dir='ltr'>et</span> <span class='ocrx_word' id='word_1_33' title='bbox 771 288 810 319; x_wconf 90' lang='lat' dir='ltr'>ad</span> <span class='ocrx_word' id='word_1_34' title='bbox 842 288 1080 330; x_wconf 89' lang='lat' dir='ltr'>procurandum</span> <span class='ocrx_word' id='word_1_35' title='bbox 1116 298 1152 318; x_wconf 84' lang='lat' dir='ltr'>ac</span> <span class='ocrx_word' id='word_1_36' title='bbox 1187 288 1443 320; x_wconf 83' lang='lat' dir='ltr'>conservandum</span> <span class='ocrx_word' id='word_1_37' title='bbox 1481 288 1619 319; x_wconf 88' lang='lat' dir='ltr'>eundem</span> <span class='ocrx_word' id='word_1_38' title='bbox 1655 287 1798 318; x_wconf 81' lang='lat' dir='ltr'>studiose</span> <span class='ocrx_word' id='word_1_39' title='bbox 1833 286 2057 317; x_wconf 83' lang='lat' dir='ltr'>sollicitudinis</span> 
     </span>
     <span class='ocr_line' id='line_1_5' title="bbox 423 338 2058 382; baseline -0.001 -11"><span class='ocrx_word' id='word_1_40' title='bbox 423 341 587 372; x_wconf 81' lang='lat' dir='ltr'>efficacem</span> <span class='ocrx_word' id='word_1_41' title='bbox 621 351 751 382; x_wconf 79' lang='lat' dir='ltr'>operam</span> <span class='ocrx_word' id='word_1_42' title='bbox 780 340 1019 382; x_wconf 72' lang='lat' dir='ltr'>impendamus,</span> <span class='ocrx_word' id='word_1_43' title='bbox 1047 340 1217 381; x_wconf 76' lang='lat' dir='ltr'>presertim</span> <span class='ocrx_word' id='word_1_44' title='bbox 1248 350 1318 370; x_wconf 82' lang='lat' dir='ltr'>cuni</span> <span class='ocrx_word' id='word_1_45' title='bbox 1354 339 1393 371; x_wconf 84' lang='lat' dir='ltr'>ad</span> <span class='ocrx_word' id='word_1_46' title='bbox 1422 340 1453 370; x_wconf 89' lang='lat' dir='ltr'>id</span> <span class='ocrx_word' id='word_1_47' title='bbox 1482 343 1662 370; x_wconf 88' lang='lat' dir='ltr'>nostrorum</span> <span class='ocrx_word' id='word_1_48' title='bbox 1694 343 1819 381; x_wconf 88' lang='lat' dir='ltr'>patrum</span> <span class='ocrx_word' id='word_1_49' title='bbox 1844 338 2058 369; x_wconf 84' lang='lat' dir='ltr'>Romanorum</span> 
     </span>
     <span class='ocr_line' id='line_1_6' title="bbox 422 391 2055 434; baseline -0.002 -10"><span class='ocrx_word' id='word_1_50' title='bbox 422 393 611 434; x_wconf 90' lang='lat' dir='ltr'>pontificum</span> <span class='ocrx_word' id='word_1_51' title='bbox 638 393 781 423; x_wconf 82' lang='lat' dir='ltr'>recentia</span> <span class='ocrx_word' id='word_1_52' title='bbox 806 392 957 434; x_wconf 81' lang='lat' dir='ltr'>exempla</span> <span class='ocrx_word' id='word_1_53' title='bbox 981 403 1038 422; x_wconf 89' lang='lat' dir='ltr'>nos</span> <span class='ocrx_word' id='word_1_54' title='bbox 1056 392 1210 429; x_wconf 79' lang='lat' dir='ltr'>excitent,</span> <span class='ocrx_word' id='word_1_55' title='bbox 1237 392 1266 422; x_wconf 91' lang='lat' dir='ltr'>in</span> <span class='ocrx_word' id='word_1_56' title='bbox 1284 402 1418 433; x_wconf 89' lang='lat' dir='ltr'>quorum</span> <span class='ocrx_word' id='word_1_57' title='bbox 1437 392 1671 433; x_wconf 71' lang='lat' dir='ltr'>prosecutione,</span> <span class='ocrx_word' id='word_1_58' title='bbox 1696 402 1767 422; x_wconf 84' lang='lat' dir='ltr'>cum</span> <span class='ocrx_word' id='word_1_59' title='bbox 1792 391 1830 422; x_wconf 93' lang='lat' dir='ltr'>de</span> <span class='ocrx_word' id='word_1_60' title='bbox 1847 393 1955 421; x_wconf 91' lang='lat' dir='ltr'>nostro</span> <span class='ocrx_word' id='word_1_61' title='bbox 1981 401 2055 421; x_wconf 90' lang='lat' dir='ltr'>con-</span> 
     </span>
     <span class='ocr_line' id='line_1_7' title="bbox 419 443 2059 485; baseline -0.001 -10"><span class='ocrx_word' id='word_1_62' title='bbox 419 445 491 475; x_wconf 88' lang='lat' dir='ltr'>silio</span> <span class='ocrx_word' id='word_1_63' title='bbox 517 449 549 475; x_wconf 89' lang='lat' dir='ltr'>et</span> <span class='ocrx_word' id='word_1_64' title='bbox 573 444 807 475; x_wconf 80' lang='lat' dir='ltr'>deliberatione</span> <span class='ocrx_word' id='word_1_65' title='bbox 824 444 1050 485; x_wconf 75' lang='lat' dir='ltr'>processerint,</span> <span class='ocrx_word' id='word_1_66' title='bbox 1076 454 1137 474; x_wconf 90' lang='lat' dir='ltr'>non</span> <span class='ocrx_word' id='word_1_67' title='bbox 1163 444 1264 474; x_wconf 92' lang='lat' dir='ltr'>solum</span> <span class='ocrx_word' id='word_1_68' title='bbox 1282 443 1467 474; x_wconf 84' lang='lat' dir='ltr'>eorumdem</span> <span class='ocrx_word' id='word_1_69' title='bbox 1485 443 1672 485; x_wconf 82' lang='lat' dir='ltr'>pontificum</span> <span class='ocrx_word' id='word_1_70' title='bbox 1691 443 1810 474; x_wconf 87' lang='lat' dir='ltr'>factum</span> <span class='ocrx_word' id='word_1_71' title='bbox 1827 443 2059 484; x_wconf 74' lang='lat' dir='ltr'>prosequimur,</span> 
     </span>
     <span class='ocr_line' id='line_1_8' title="bbox 418 493 2060 537; baseline -0.002 -10"><span class='ocrx_word' id='word_1_72' title='bbox 418 502 466 527; x_wconf 87' lang='lat' dir='ltr'>set</span> <span class='ocrx_word' id='word_1_73' title='bbox 491 500 522 527; x_wconf 88' lang='lat' dir='ltr'>et</span> <span class='ocrx_word' id='word_1_74' title='bbox 545 499 706 534; x_wconf 75' lang='lat' dir='ltr'>nostrum,</span> <span class='ocrx_word' id='word_1_75' title='bbox 738 497 821 527; x_wconf 87' lang='lat' dir='ltr'>sicut</span> <span class='ocrx_word' id='word_1_76' title='bbox 845 496 1121 537; x_wconf 81' lang='lat' dir='ltr'>infrascriptorum</span> <span class='ocrx_word' id='word_1_77' title='bbox 1147 496 1249 526; x_wconf 89' lang='lat' dir='ltr'>series</span> <span class='ocrx_word' id='word_1_78' title='bbox 1280 496 1452 526; x_wconf 83' lang='lat' dir='ltr'>manifeste</span> <span class='ocrx_word' id='word_1_79' title='bbox 1482 495 1635 527; x_wconf 80' lang='lat' dir='ltr'>declarat.</span> <span class='ocrx_word' id='word_1_80' title='bbox 1725 494 1772 535; x_wconf 77' lang='lat'>(2)</span> <span class='ocrx_word' id='word_1_81' title='bbox 1796 498 1882 525; x_wconf 82' lang='lat' dir='ltr'>Novit</span> <span class='ocrx_word' id='word_1_82' title='bbox 1905 493 2060 535; x_wconf 87' lang='lat' dir='ltr'>siquidem</span> 
     </span>
     <span class='ocr_line' id='line_1_9' title="bbox 417 547 2062 587; baseline -0.002 -8"><span class='ocrx_word' id='word_1_83' title='bbox 417 553 585 579; x_wconf 75' lang='lat' dir='ltr'>excellentia</span> <span class='ocrx_word' id='word_1_84' title='bbox 609 553 694 587; x_wconf 79' lang='lat' dir='ltr'>regia,</span> <span class='ocrx_word' id='word_1_85' title='bbox 718 555 825 586; x_wconf 84' lang='lat' dir='ltr'>quanta</span> <span class='ocrx_word' id='word_1_86' title='bbox 843 553 931 579; x_wconf 80' lang='lat' dir='ltr'>felicis</span> <span class='ocrx_word' id='word_1_87' title='bbox 948 552 1152 578; x_wconf 82' lang='lat' dir='ltr'>recordationis</span> <span class='ocrx_word' id='word_1_88' title='bbox 1169 552 1200 578; x_wconf 78' lang='lat' dir='ltr'>G.</span> <span class='ocrx_word' id='word_1_89' title='bbox 1224 561 1297 585; x_wconf 83' lang='lat' dir='ltr'>pape</span> <span class='ocrx_word' id='word_1_90' title='bbox 1321 547 1376 577; x_wconf 58' lang='lat' dir='ltr'>X.²³</span> <span class='ocrx_word' id='word_1_91' title='bbox 1400 554 1526 585; x_wconf 86' lang='lat' dir='ltr'>tempore</span> <span class='ocrx_word' id='word_1_92' title='bbox 1551 552 1636 578; x_wconf 84' lang='lat' dir='ltr'>fuerit</span> <span class='ocrx_word' id='word_1_93' title='bbox 1657 551 1847 578; x_wconf 84' lang='lat' dir='ltr'>sollicitudine</span> <span class='ocrx_word' id='word_1_94' title='bbox 1870 559 1902 577; x_wconf 87' lang='lat' dir='ltr'>ae</span> <span class='ocrx_word' id='word_1_95' title='bbox 1924 550 2062 576; x_wconf 87' lang='lat' dir='ltr'>instantia</span> 
     </span>
     <span class='ocr_line' id='line_1_10' title="bbox 420 601 2062 639; baseline -0.001 -9"><span class='ocrx_word' id='word_1_96' title='bbox 420 605 592 637; x_wconf 83' lang='lat' dir='ltr'>laboratum,</span> <span class='ocrx_word' id='word_1_97' title='bbox 622 607 654 631; x_wconf 88' lang='lat' dir='ltr'>ut</span> <span class='ocrx_word' id='word_1_98' title='bbox 678 601 792 631; x_wconf 83' lang='lat' dir='ltr'>vestris</span> <span class='ocrx_word' id='word_1_99' title='bbox 821 605 962 639; x_wconf 72' lang='lat' dir='ltr'>gressibus</span> <span class='ocrx_word' id='word_1_100' title='bbox 996 604 1023 630; x_wconf 86' lang='lat' dir='ltr'>in</span> <span class='ocrx_word' id='word_1_101' title='bbox 1055 604 1099 629; x_wconf 85' lang='lat' dir='ltr'>via</span> <span class='ocrx_word' id='word_1_102' title='bbox 1131 604 1246 637; x_wconf 79' lang='lat' dir='ltr'>pacifica</span> <span class='ocrx_word' id='word_1_103' title='bbox 1274 603 1374 637; x_wconf 86' lang='lat' dir='ltr'>positis</span> <span class='ocrx_word' id='word_1_104' title='bbox 1406 603 1512 629; x_wconf 82' lang='lat' dir='ltr'>vestre</span> <span class='ocrx_word' id='word_1_105' title='bbox 1550 603 1735 637; x_wconf 83' lang='lat' dir='ltr'>promotionis</span> <span class='ocrx_word' id='word_1_106' title='bbox 1767 602 1911 636; x_wconf 77' lang='lat' dir='ltr'>negotium</span> <span class='ocrx_word' id='word_1_107' title='bbox 1939 602 2062 636; x_wconf 79' lang='lat' dir='ltr'>quietius</span> 
     </span>
     <span class='ocr_line' id='line_1_11' title="bbox 418 650 2061 692; baseline -0.001 -11"><span class='ocrx_word' id='word_1_108' title='bbox 418 656 581 690; x_wconf 82' lang='lat' dir='ltr'>procederet</span> <span class='ocrx_word' id='word_1_109' title='bbox 605 659 633 683; x_wconf 85' lang='lat' dir='ltr'>et</span> <span class='ocrx_word' id='word_1_110' title='bbox 656 657 779 683; x_wconf 84' lang='lat' dir='ltr'>securius</span> <span class='ocrx_word' id='word_1_111' title='bbox 803 657 961 683; x_wconf 76' lang='lat' dir='ltr'>duceretur.</span> <span class='ocrx_word' id='word_1_112' title='bbox 1008 657 1049 682; x_wconf 77' lang='lat' dir='ltr'>Ad</span> <span class='ocrx_word' id='word_1_113' title='bbox 1073 656 1155 689; x_wconf 83' lang='lat' dir='ltr'>quod,</span> <span class='ocrx_word' id='word_1_114' title='bbox 1180 656 1252 682; x_wconf 82' lang='lat' dir='ltr'>sicut</span> <span class='ocrx_word' id='word_1_115' title='bbox 1275 656 1391 686; x_wconf 87' lang='lat' dir='ltr'>nostis,</span> <span class='ocrx_word' id='word_1_116' title='bbox 1416 655 1508 681; x_wconf 85' lang='lat' dir='ltr'>varios</span> <span class='ocrx_word' id='word_1_117' title='bbox 1533 655 1605 681; x_wconf 85' lang='lat' dir='ltr'>idem</span> <span class='ocrx_word' id='word_1_118' title='bbox 1629 650 1774 692; x_wconf 83' lang='lat' dir='ltr'>pontifex</span> <span class='ocrx_word' id='word_1_119' title='bbox 1799 654 1934 688; x_wconf 87' lang='lat' dir='ltr'>perutiles</span> <span class='ocrx_word' id='word_1_120' title='bbox 1958 655 2061 680; x_wconf 85' lang='lat' dir='ltr'>tracta-</span> 
     </span>
     <span class='ocr_line' id='line_1_12' title="bbox 418 706 2062 742; baseline -0.001 -8"><span class='ocrx_word' id='word_1_121' title='bbox 418 710 464 734; x_wconf 84' lang='lat' dir='ltr'>tus</span> <span class='ocrx_word' id='word_1_122' title='bbox 488 709 648 742; x_wconf 72' lang='lat' dir='ltr'>assumpsit,</span> <span class='ocrx_word' id='word_1_123' title='bbox 673 718 742 742; x_wconf 80' lang='lat' dir='ltr'>quos</span> <span class='ocrx_word' id='word_1_124' title='bbox 766 708 889 734; x_wconf 87' lang='lat' dir='ltr'>finaliter</span> <span class='ocrx_word' id='word_1_125' title='bbox 913 708 1069 734; x_wconf 76' lang='lat' dir='ltr'>consum-ari</span> <span class='ocrx_word' id='word_1_126' title='bbox 1094 707 1166 739; x_wconf 83' lang='lat' dir='ltr'>eius,</span> <span class='ocrx_word' id='word_1_127' title='bbox 1199 710 1283 741; x_wconf 81' lang='lat' dir='ltr'>prout</span> <span class='ocrx_word' id='word_1_128' title='bbox 1306 707 1425 733; x_wconf 87' lang='lat' dir='ltr'>Domino</span> <span class='ocrx_word' id='word_1_129' title='bbox 1458 707 1579 740; x_wconf 75' lang='lat' dir='ltr'>placuit,</span> <span class='ocrx_word' id='word_1_130' title='bbox 1613 707 1645 733; x_wconf 86' lang='lat' dir='ltr'>de</span> <span class='ocrx_word' id='word_1_131' title='bbox 1670 708 1721 734; x_wconf 86' lang='lat' dir='ltr'>hoc</span> <span class='ocrx_word' id='word_1_132' title='bbox 1745 707 1848 733; x_wconf 88' lang='lat' dir='ltr'>mundo</span> <span class='ocrx_word' id='word_1_133' title='bbox 1872 706 1983 732; x_wconf 79' lang='lat' dir='ltr'>vocatio</span> <span class='ocrx_word' id='word_1_134' title='bbox 2006 714 2062 732; x_wconf 89' lang='lat' dir='ltr'>non</span> 
     </span>
     <span class='ocr_line' id='line_1_13' title="bbox 418 753 2061 796; baseline -0.001 -11"><span class='ocrx_word' id='word_1_135' title='bbox 418 760 554 794; x_wconf 85' lang='lat' dir='ltr'>permisit.</span> <span class='ocrx_word' id='word_1_136' title='bbox 644 756 689 795; x_wconf 77' lang='lat'>(3)</span> <span class='ocrx_word' id='word_1_137' title='bbox 715 760 805 791; x_wconf 77' lang='lat' dir='ltr'>Quare</span> <span class='ocrx_word' id='word_1_138' title='bbox 829 755 1014 785; x_wconf 78' lang='lat' dir='ltr'>venerande</span> <span class='ocrx_word' id='word_1_139' title='bbox 1039 760 1171 786; x_wconf 78' lang='lat' dir='ltr'>memorie</span> <span class='ocrx_word' id='word_1_140' title='bbox 1197 759 1376 785; x_wconf 81' lang='lat' dir='ltr'>Innocentius</span> <span class='ocrx_word' id='word_1_141' title='bbox 1401 768 1473 793; x_wconf 85' lang='lat' dir='ltr'>papa</span> <span class='ocrx_word' id='word_1_142' title='bbox 1492 754 1530 785; x_wconf 83' lang='lat' dir='ltr'>V.</span> <span class='ocrx_word' id='word_1_143' title='bbox 1557 755 1702 785; x_wconf 82' lang='lat' dir='ltr'>eiusdem</span> <span class='ocrx_word' id='word_1_144' title='bbox 1721 754 1759 786; x_wconf 83' lang='lat' dir='ltr'>G.</span> <span class='ocrx_word' id='word_1_145' title='bbox 1778 755 1809 785; x_wconf 88' lang='lat' dir='ltr'>in</span> <span class='ocrx_word' id='word_1_146' title='bbox 1827 754 1933 796; x_wconf 78' lang='lat' dir='ltr'>papali</span> <span class='ocrx_word' id='word_1_147' title='bbox 1958 753 2061 794; x_wconf 82' lang='lat' dir='ltr'>digni-</span> 
     </span>
     <span class='ocr_line' id='line_1_14' title="bbox 422 805 2062 845; baseline -0.002 -7"><span class='ocrx_word' id='word_1_148' title='bbox 422 812 488 838; x_wconf 76' lang='lat' dir='ltr'>tate</span> <span class='ocrx_word' id='word_1_149' title='bbox 513 819 683 839; x_wconf 79' lang='lat' dir='ltr'>successor</span> <span class='ocrx_word' id='word_1_150' title='bbox 707 812 834 838; x_wconf 83' lang='lat' dir='ltr'>consulte</span> <span class='ocrx_word' id='word_1_151' title='bbox 859 812 1046 843; x_wconf 79' lang='lat' dir='ltr'>consideransy</span> <span class='ocrx_word' id='word_1_152' title='bbox 1071 812 1144 845; x_wconf 86' lang='lat' dir='ltr'>quod</span> <span class='ocrx_word' id='word_1_153' title='bbox 1170 811 1372 844; x_wconf 76' lang='lat' dir='ltr'>tranquillitati</span> <span class='ocrx_word' id='word_1_154' title='bbox 1390 813 1481 837; x_wconf 83' lang='lat' dir='ltr'>status</span> <span class='ocrx_word' id='word_1_155' title='bbox 1498 811 1604 844; x_wconf 86' lang='lat' dir='ltr'>publici</span> <span class='ocrx_word' id='word_1_156' title='bbox 1628 813 1656 837; x_wconf 85' lang='lat' dir='ltr'>et</span> <span class='ocrx_word' id='word_1_157' title='bbox 1671 805 1788 837; x_wconf 81' lang='lat' dir='ltr'>vestris</span> <span class='ocrx_word' id='word_1_158' title='bbox 1805 810 1936 844; x_wconf 84' lang='lat' dir='ltr'>precipue</span> <span class='ocrx_word' id='word_1_159' title='bbox 1955 816 2062 836; x_wconf 84' lang='grc'>001110-</span> 
     </span>
     <span class='ocr_line' id='line_1_15' title="bbox 419 859 2064 899; baseline -0.002 -9"><span class='ocrx_word' id='word_1_160' title='bbox 419 859 486 899; x_wconf 69' lang='grc'>1115,</span> <span class='ocrx_word' id='word_1_161' title='bbox 516 864 617 898; x_wconf 82' lang='lat' dir='ltr'>quibus</span> <span class='ocrx_word' id='word_1_162' title='bbox 646 864 675 890; x_wconf 89' lang='lat' dir='ltr'>in</span> <span class='ocrx_word' id='word_1_163' title='bbox 704 865 756 890; x_wconf 90' lang='lat' dir='ltr'>hoe</span> <span class='ocrx_word' id='word_1_164' title='bbox 786 864 931 897; x_wconf 85' lang='lat' dir='ltr'>providere</span> <span class='ocrx_word' id='word_1_165' title='bbox 961 866 1079 897; x_wconf 86' lang='lat' dir='ltr'>paterno</span> <span class='ocrx_word' id='word_1_166' title='bbox 1108 864 1273 889; x_wconf 80' lang='lat' dir='ltr'>intendebat</span> <span class='ocrx_word' id='word_1_167' title='bbox 1305 864 1420 895; x_wconf 83' lang='lat' dir='ltr'>affectu,</span> <span class='ocrx_word' id='word_1_168' title='bbox 1455 863 1646 897; x_wconf 79' lang='lat' dir='ltr'>expediebat,</span> <span class='ocrx_word' id='word_1_169' title='bbox 1678 864 1710 888; x_wconf 87' lang='lat' dir='ltr'>ut</span> <span class='ocrx_word' id='word_1_170' title='bbox 1737 863 1875 889; x_wconf 85' lang='lat' dir='ltr'>tractatus</span> <span class='ocrx_word' id='word_1_171' title='bbox 1906 861 2064 888; x_wconf 90' lang='lat' dir='ltr'>huiusmodi</span> 
     </span>
     <span class='ocr_line' id='line_1_16' title="bbox 420 913 2063 948; baseline -0.002 -6"><span class='ocrx_word' id='word_1_172' title='bbox 420 918 485 942; x_wconf 85' lang='lat' dir='ltr'>ante</span> <span class='ocrx_word' id='word_1_173' title='bbox 510 915 617 942; x_wconf 77' lang='lat' dir='ltr'>vestre</span> <span class='ocrx_word' id='word_1_174' title='bbox 642 916 803 942; x_wconf 81' lang='lat' dir='ltr'>serenitatis</span> <span class='ocrx_word' id='word_1_175' title='bbox 827 916 978 942; x_wconf 84' lang='lat' dir='ltr'>adventum</span> <span class='ocrx_word' id='word_1_176' title='bbox 1003 916 1030 941; x_wconf 88' lang='lat' dir='ltr'>in</span> <span class='ocrx_word' id='word_1_177' title='bbox 1055 916 1166 942; x_wconf 80' lang='lat' dir='ltr'>Italiam</span> <span class='ocrx_word' id='word_1_178' title='bbox 1196 916 1328 942; x_wconf 82' lang='lat' dir='ltr'>firmitate</span> <span class='ocrx_word' id='word_1_179' title='bbox 1364 915 1460 941; x_wconf 86' lang='lat' dir='ltr'>debita</span> <span class='ocrx_word' id='word_1_180' title='bbox 1492 915 1676 946; x_wconf 80' lang='lat' dir='ltr'>vallarentur,</span> <span class='ocrx_word' id='word_1_181' title='bbox 1707 913 1929 948; x_wconf 84' lang='lat' dir='ltr'>magnitudinem</span> <span class='ocrx_word' id='word_1_182' title='bbox 1959 913 2063 947; x_wconf 84' lang='lat' dir='ltr'>regiam</span> 
     </span>
     <span class='ocr_line' id='line_1_17' title="bbox 419 962 2064 1002; baseline -0.002 -8"><span class='ocrx_word' id='word_1_183' title='bbox 419 968 500 994; x_wconf 85' lang='lat' dir='ltr'>duxit</span> <span class='ocrx_word' id='word_1_184' title='bbox 535 977 584 1002; x_wconf 86' lang='lat' dir='ltr'>per</span> <span class='ocrx_word' id='word_1_185' title='bbox 617 968 787 1002; x_wconf 84' lang='lat' dir='ltr'>apostolicas</span> <span class='ocrx_word' id='word_1_186' title='bbox 821 968 931 994; x_wconf 79' lang='lat' dir='ltr'>litteras</span> <span class='ocrx_word' id='word_1_187' title='bbox 960 968 1112 1001; x_wconf 78' lang='lat' dir='ltr'>rogandam</span> <span class='ocrx_word' id='word_1_188' title='bbox 1142 968 1169 993; x_wconf 92' lang='lat' dir='ltr'>in</span> <span class='ocrx_word' id='word_1_189' title='bbox 1205 967 1324 993; x_wconf 86' lang='lat' dir='ltr'>Domino</span> <span class='ocrx_word' id='word_1_190' title='bbox 1353 969 1381 993; x_wconf 88' lang='lat' dir='ltr'>ct</span> <span class='ocrx_word' id='word_1_191' title='bbox 1408 967 1589 999; x_wconf 84' lang='lat' dir='ltr'>hortandam,</span> <span class='ocrx_word' id='word_1_192' title='bbox 1619 962 1709 992; x_wconf 83' lang='lat' dir='ltr'>vobis</span> <span class='ocrx_word' id='word_1_193' title='bbox 1733 965 1931 992; x_wconf 85' lang='lat' dir='ltr'>nichilominus</span> <span class='ocrx_word' id='word_1_194' title='bbox 1954 974 2064 999; x_wconf 88' lang='lat' dir='ltr'>persua-</span> 
     </span>
     <span class='ocr_line' id='line_1_18' title="bbox 420 1015 2065 1056; baseline -0.001 -11"><span class='ocrx_word' id='word_1_195' title='bbox 420 1020 497 1052; x_wconf 75' lang='lat' dir='ltr'>dens,</span> <span class='ocrx_word' id='word_1_196' title='bbox 524 1020 557 1045; x_wconf 82' lang='lat' dir='ltr'>ut</span> <span class='ocrx_word' id='word_1_197' title='bbox 580 1019 699 1056; x_wconf 78' lang='lat' dir='ltr'>quanto</span> <span class='ocrx_word' id='word_1_198' title='bbox 717 1016 855 1056; x_wconf 82' lang='lat' dir='ltr'>possetis</span> <span class='ocrx_word' id='word_1_199' title='bbox 874 1015 1010 1046; x_wconf 80' lang='lat' dir='ltr'>celerius</span> <span class='ocrx_word' id='word_1_200' title='bbox 1035 1019 1144 1052; x_wconf 88' lang='lat' dir='ltr'>aliquos</span> <span class='ocrx_word' id='word_1_201' title='bbox 1169 1019 1242 1045; x_wconf 85' lang='lat' dir='ltr'>viros</span> <span class='ocrx_word' id='word_1_202' title='bbox 1265 1019 1388 1052; x_wconf 70' lang='lat' dir='ltr'>ydoneos</span> <span class='ocrx_word' id='word_1_203' title='bbox 1412 1028 1509 1052; x_wconf 80' lang='lat' dir='ltr'>pacem</span> <span class='ocrx_word' id='word_1_204' title='bbox 1537 1020 1565 1045; x_wconf 86' lang='lat' dir='ltr'>et</span> <span class='ocrx_word' id='word_1_205' title='bbox 1589 1018 1765 1045; x_wconf 74' lang='lat' dir='ltr'>concordiam</span> <span class='ocrx_word' id='word_1_206' title='bbox 1787 1019 1918 1051; x_wconf 83' lang='lat' dir='ltr'>gerentes</span> <span class='ocrx_word' id='word_1_207' title='bbox 1940 1017 1969 1043; x_wconf 90' lang='lat' dir='ltr'>in</span> <span class='ocrx_word' id='word_1_208' title='bbox 1993 1017 2065 1043; x_wconf 86' lang='lat' dir='ltr'>votis</span> 
     </span>
     <span class='ocr_line' id='line_1_19' title="bbox 421 1067 2066 1105; baseline -0.001 -8"><span class='ocrx_word' id='word_1_209' title='bbox 421 1074 449 1098; x_wconf 87' lang='lat' dir='ltr'>et</span> <span class='ocrx_word' id='word_1_210' title='bbox 475 1081 491 1097; x_wconf 87' lang='lat' dir='ltr'>a</span> <span class='ocrx_word' id='word_1_211' title='bbox 516 1067 603 1097; x_wconf 83' lang='lat' dir='ltr'>vobis</span> <span class='ocrx_word' id='word_1_212' title='bbox 627 1072 739 1105; x_wconf 90' lang='lat' dir='ltr'>plenum</span> <span class='ocrx_word' id='word_1_213' title='bbox 765 1071 900 1098; x_wconf 80' lang='lat' dir='ltr'>habentes</span> <span class='ocrx_word' id='word_1_214' title='bbox 924 1072 958 1097; x_wconf 84' lang='lat' dir='ltr'>ad</span> <span class='ocrx_word' id='word_1_215' title='bbox 982 1071 1116 1105; x_wconf 84' lang='lat' dir='ltr'>premissa</span> <span class='ocrx_word' id='word_1_216' title='bbox 1140 1071 1303 1097; x_wconf 82' lang='lat' dir='ltr'>mandatum</span> <span class='ocrx_word' id='word_1_217' title='bbox 1328 1071 1362 1097; x_wconf 85' lang='lat' dir='ltr'>ad</span> <span class='ocrx_word' id='word_1_218' title='bbox 1387 1072 1483 1097; x_wconf 87' lang='lat' dir='ltr'>eadem</span> <span class='ocrx_word' id='word_1_219' title='bbox 1501 1070 1607 1097; x_wconf 82' lang='lat' dir='ltr'>vestro</span> <span class='ocrx_word' id='word_1_220' title='bbox 1632 1070 1767 1097; x_wconf 82' lang='lat' dir='ltr'>firmanda</span> <span class='ocrx_word' id='word_1_221' title='bbox 1782 1070 1894 1096; x_wconf 87' lang='lat' dir='ltr'>nomine</span> <span class='ocrx_word' id='word_1_222' title='bbox 1919 1069 2066 1096; x_wconf 85' lang='lat' dir='ltr'>curaretis</span> 
     </span>
     <span class='ocr_line' id='line_1_20' title="bbox 424 1121 2067 1157; baseline 0 -9"><span class='ocrx_word' id='word_1_223' title='bbox 424 1124 459 1149; x_wconf 84' lang='grc'>1111</span> <span class='ocrx_word' id='word_1_224' title='bbox 487 1130 575 1150; x_wconf 81' lang='lat' dir='ltr'>suan]</span> <span class='ocrx_word' id='word_1_225' title='bbox 601 1123 771 1157; x_wconf 81' lang='lat' dir='ltr'>presentiam</span> <span class='ocrx_word' id='word_1_226' title='bbox 795 1123 948 1154; x_wconf 78' lang='lat' dir='ltr'>destinare,</span> <span class='ocrx_word' id='word_1_227' title='bbox 977 1133 1038 1149; x_wconf 81' lang='lat' dir='ltr'>cum</span> <span class='ocrx_word' id='word_1_228' title='bbox 1069 1123 1214 1157; x_wconf 77' lang='lat' dir='ltr'>expediret</span> <span class='ocrx_word' id='word_1_229' title='bbox 1242 1123 1353 1149; x_wconf 88' lang='lat' dir='ltr'>omnino</span> <span class='ocrx_word' id='word_1_230' title='bbox 1385 1125 1413 1149; x_wconf 86' lang='lat' dir='ltr'>et</span> <span class='ocrx_word' id='word_1_231' title='bbox 1442 1132 1489 1149; x_wconf 80' lang='lat' dir='ltr'>sue</span> <span class='ocrx_word' id='word_1_232' title='bbox 1514 1124 1664 1157; x_wconf 84' lang='lat' dir='ltr'>propterea</span> <span class='ocrx_word' id='word_1_233' title='bbox 1688 1122 1841 1148; x_wconf 88' lang='lat' dir='ltr'>voluntatis</span> <span class='ocrx_word' id='word_1_234' title='bbox 1865 1121 2012 1154; x_wconf 76' lang='lat' dir='ltr'>existeret,</span> <span class='ocrx_word' id='word_1_235' title='bbox 2035 1123 2067 1148; x_wconf 84' lang='lat' dir='ltr'>ut</span> 
     </span>
     <span class='ocr_line' id='line_1_21' title="bbox 422 1175 2066 1211; baseline -0.001 -10"><span class='ocrx_word' id='word_1_236' title='bbox 422 1176 476 1201; x_wconf 83' lang='lat' dir='ltr'>iter</span> <span class='ocrx_word' id='word_1_237' title='bbox 499 1176 533 1201; x_wconf 81' lang='lat' dir='ltr'>ad</span> <span class='ocrx_word' id='word_1_238' title='bbox 558 1175 724 1201; x_wconf 84' lang='lat' dir='ltr'>veniendum</span> <span class='ocrx_word' id='word_1_239' title='bbox 748 1175 775 1200; x_wconf 91' lang='lat' dir='ltr'>in</span> <span class='ocrx_word' id='word_1_240' title='bbox 800 1175 911 1201; x_wconf 83' lang='lat' dir='ltr'>Italiam</span> <span class='ocrx_word' id='word_1_241' title='bbox 936 1181 997 1200; x_wconf 83' lang='grc'>11011</span> <span class='ocrx_word' id='word_1_242' title='bbox 1023 1175 1244 1206; x_wconf 70' lang='grc'>11550111010115,</span> <span class='ocrx_word' id='word_1_243' title='bbox 1270 1176 1301 1201; x_wconf 77' lang='lat' dir='ltr'>et</span> <span class='ocrx_word' id='word_1_244' title='bbox 1329 1175 1351 1200; x_wconf 88' lang='lat' dir='ltr'>si</span> <span class='ocrx_word' id='word_1_245' title='bbox 1376 1175 1641 1208; x_wconf 85' lang='lat' dir='ltr'>assumpseratis,</span> <span class='ocrx_word' id='word_1_246' title='bbox 1666 1180 1869 1211; x_wconf 73' lang='lat' dir='ltr'>nequaquam</span> <span class='ocrx_word' id='word_1_247' title='bbox 1893 1175 2066 1207; x_wconf 86' lang='lat' dir='ltr'>assumptum</span> 
     </span>
     <span class='ocr_line' id='line_1_22' title="bbox 422 1225 2065 1261; baseline -0.001 -9"><span class='ocrx_word' id='word_1_248' title='bbox 422 1227 693 1260; x_wconf 80' lang='lat' dir='ltr'>prosequeremini‚</span> <span class='ocrx_word' id='word_1_249' title='bbox 724 1228 873 1260; x_wconf 76' lang='lat' dir='ltr'>antequam</span> <span class='ocrx_word' id='word_1_250' title='bbox 904 1227 1039 1260; x_wconf 81' lang='lat' dir='ltr'>premissa</span> <span class='ocrx_word' id='word_1_251' title='bbox 1068 1228 1160 1253; x_wconf 81' lang='lat' dir='ltr'>forent</span> <span class='ocrx_word' id='word_1_252' title='bbox 1188 1227 1332 1253; x_wconf 81' lang='lat' dir='ltr'>soliditate</span> <span class='ocrx_word' id='word_1_253' title='bbox 1365 1236 1488 1261; x_wconf 84' lang='lat' dir='ltr'>congrua</span> <span class='ocrx_word' id='word_1_254' title='bbox 1516 1227 1659 1258; x_wconf 85' lang='lat' dir='ltr'>roborata;</span> <span class='ocrx_word' id='word_1_255' title='bbox 1690 1225 1843 1253; x_wconf 85' lang='lat' dir='ltr'>venerabili</span> <span class='ocrx_word' id='word_1_256' title='bbox 1869 1226 1976 1252; x_wconf 71' lang='lat' dir='ltr'>fratre*</span> <span class='ocrx_word' id='word_1_257' title='bbox 2002 1226 2065 1252; x_wconf 88' lang='lat' dir='ltr'>Ber-</span> 
     </span>
     <span class='ocr_line' id='line_1_23' title="bbox 422 1277 2066 1313; baseline -0.001 -9"><span class='ocrx_word' id='word_1_258' title='bbox 422 1279 508 1305; x_wconf 85' lang='lat' dir='ltr'>nardo</span> <span class='ocrx_word' id='word_1_259' title='bbox 537 1279 667 1312; x_wconf 85' lang='lat' dir='ltr'>episeopo</span> <span class='ocrx_word' id='word_1_260' title='bbox 703 1281 769 1305; x_wconf 85' lang='lat' dir='ltr'>tunc</span> <span class='ocrx_word' id='word_1_261' title='bbox 799 1280 887 1305; x_wconf 83' lang='lat' dir='ltr'>electo</span> <span class='ocrx_word' id='word_1_262' title='bbox 917 1279 1042 1305; x_wconf 64' lang='grc' dir='ltr'>Δ1111101151</span> <span class='ocrx_word' id='word_1_263' title='bbox 1071 1279 1105 1304; x_wconf 83' lang='grc'>1111</span> <span class='ocrx_word' id='word_1_264' title='bbox 1135 1279 1274 1305; x_wconf 74' lang='lat' dir='ltr'>vestran]</span> <span class='ocrx_word' id='word_1_265' title='bbox 1300 1281 1415 1313; x_wconf 83' lang='lat' dir='ltr'>propter</span> <span class='ocrx_word' id='word_1_266' title='bbox 1439 1280 1491 1306; x_wconf 89' lang='grc'>1100</span> <span class='ocrx_word' id='word_1_267' title='bbox 1514 1279 1685 1313; x_wconf 85' lang='lat' dir='ltr'>presentiam</span> <span class='ocrx_word' id='word_1_268' title='bbox 1709 1278 1866 1310; x_wconf 80' lang='lat' dir='ltr'>destinato,</span> <span class='ocrx_word' id='word_1_269' title='bbox 1897 1277 1944 1311; x_wconf 88' lang='lat' dir='ltr'>qui</span> <span class='ocrx_word' id='word_1_270' title='bbox 1969 1286 2066 1303; x_wconf 82' lang='lat' dir='ltr'>causas</span> 
     </span>
     <span class='ocr_line' id='line_1_24' title="bbox 425 1327 2068 1368; baseline -0.001 -12"><span class='ocrx_word' id='word_1_271' title='bbox 425 1331 506 1357; x_wconf 77' lang='lat' dir='ltr'>utiles</span> <span class='ocrx_word' id='word_1_272' title='bbox 531 1332 559 1357; x_wconf 86' lang='lat' dir='ltr'>et</span> <span class='ocrx_word' id='word_1_273' title='bbox 583 1331 765 1362; x_wconf 87' lang='lat' dir='ltr'>necessarias,</span> <span class='ocrx_word' id='word_1_274' title='bbox 791 1331 863 1364; x_wconf 80' lang='lat' dir='ltr'>[que]</span> <span class='ocrx_word' id='word_1_275' title='bbox 893 1339 948 1356; x_wconf 89' lang='lat' dir='ltr'>non</span> <span class='ocrx_word' id='word_1_276' title='bbox 977 1331 1116 1357; x_wconf 87' lang='lat' dir='ltr'>immerito</span> <span class='ocrx_word' id='word_1_277' title='bbox 1141 1327 1325 1368; x_wconf 78' lang='lat' dir='ltr'>pontificem</span> <span class='ocrx_word' id='word_1_278' title='bbox 1348 1332 1439 1365; x_wconf 86' lang='lat' dir='ltr'>ipsum</span> <span class='ocrx_word' id='word_1_279' title='bbox 1470 1331 1663 1358; x_wconf 85' lang='lat' dir='ltr'>Innocentium</span> <span class='ocrx_word' id='word_1_280' title='bbox 1695 1331 1730 1356; x_wconf 85' lang='lat' dir='ltr'>ad</span> <span class='ocrx_word' id='word_1_281' title='bbox 1764 1330 1819 1356; x_wconf 85' lang='lat' dir='ltr'>ista</span> <span class='ocrx_word' id='word_1_282' title='bbox 1848 1329 2014 1361; x_wconf 71' lang='lat' dir='ltr'>movebant,</span> <span class='ocrx_word' id='word_1_283' title='bbox 2039 1331 2068 1356; x_wconf 85' lang='lat' dir='ltr'>et</span> 
     </span>
    </p>
   </div>
   <div class='ocr_carea' id='block_1_3' title="bbox 424 1381 2065 1417">
    <p class='ocr_par' dir='ltr' id='par_1_3' title="bbox 424 1381 2065 1417">
     <span class='ocr_line' id='line_1_25' title="bbox 424 1381 2065 1417; baseline -0.001 -9"><span class='ocrx_word' id='word_1_284' title='bbox 424 1383 599 1409; x_wconf 88' lang='lat' dir='ltr'>voluntatem</span> <span class='ocrx_word' id='word_1_285' title='bbox 629 1392 705 1409; x_wconf 80' lang='lat' dir='ltr'>suani</span> <span class='ocrx_word' id='word_1_286' title='bbox 730 1392 813 1416; x_wconf 83' lang='lat' dir='ltr'>super</span> <span class='ocrx_word' id='word_1_287' title='bbox 836 1383 900 1415; x_wconf 77' lang='lat' dir='ltr'>illis,</span> <span class='ocrx_word' id='word_1_288' title='bbox 925 1391 1093 1416; x_wconf 76' lang='lat' dir='ltr'>quamquain</span> <span class='ocrx_word' id='word_1_289' title='bbox 1118 1383 1146 1409; x_wconf 92' lang='lat' dir='ltr'>in</span> <span class='ocrx_word' id='word_1_290' title='bbox 1174 1383 1306 1416; x_wconf 83' lang='lat' dir='ltr'>predictis</span> <span class='ocrx_word' id='word_1_291' title='bbox 1331 1383 1434 1409; x_wconf 74' lang='lat' dir='ltr'>litteris</span> <span class='ocrx_word' id='word_1_292' title='bbox 1458 1384 1588 1417; x_wconf 83' lang='lat' dir='ltr'>patenter</span> <span class='ocrx_word' id='word_1_293' title='bbox 1612 1391 1780 1416; x_wconf 67' lang='lat' dir='ltr'>expressam,</span> <span class='ocrx_word' id='word_1_294' title='bbox 1804 1381 1980 1408; x_wconf 87' lang='lat' dir='ltr'>manifestius</span> <span class='ocrx_word' id='word_1_295' title='bbox 2003 1390 2065 1415; x_wconf 88' lang='lat' dir='ltr'>ape-</span> 
     </span>
    </p>
   </div>
   <div class='ocr_carea' id='block_1_4' title="bbox 425 1433 2101 1468">
    <p class='ocr_par' dir='ltr' id='par_1_4' title="bbox 425 1433 2101 1468">
     <span class='ocr_line' id='line_1_26' title="bbox 425 1433 2101 1468; baseline -0.001 -8"><span class='ocrx_word' id='word_1_296' title='bbox 425 1435 506 1467; x_wconf 76' lang='lat' dir='ltr'>riret,</span> <span class='ocrx_word' id='word_1_297' title='bbox 540 1444 622 1468; x_wconf 81' lang='lat' dir='ltr'>quam</span> <span class='ocrx_word' id='word_1_298' title='bbox 647 1444 679 1461; x_wconf 81' lang='lat' dir='ltr'>ex</span> <span class='ocrx_word' id='word_1_299' title='bbox 711 1435 810 1461; x_wconf 76' lang='lat' dir='ltr'>affectu</span> <span class='ocrx_word' id='word_1_300' title='bbox 842 1435 949 1461; x_wconf 82' lang='lat' dir='ltr'>sincero</span> <span class='ocrx_word' id='word_1_301' title='bbox 979 1435 1119 1461; x_wconf 81' lang='lat' dir='ltr'>consuluit</span> <span class='ocrx_word' id='word_1_302' title='bbox 1147 1437 1176 1461; x_wconf 83' lang='lat' dir='ltr'>et</span> <span class='ocrx_word' id='word_1_303' title='bbox 1206 1444 1266 1461; x_wconf 88' lang='lat' dir='ltr'>cum</span> <span class='ocrx_word' id='word_1_304' title='bbox 1296 1435 1430 1461; x_wconf 81' lang='lat' dir='ltr'>fratribus</span> <span class='ocrx_word' id='word_1_305' title='bbox 1460 1435 1516 1461; x_wconf 89' lang='lat' dir='ltr'>suis</span> <span class='ocrx_word' id='word_1_306' title='bbox 1541 1435 1669 1461; x_wconf 85' lang='lat' dir='ltr'>consulta</span> <span class='ocrx_word' id='word_1_307' title='bbox 1692 1434 1894 1461; x_wconf 81' lang='lat' dir='ltr'>deliberatione</span> <span class='ocrx_word' id='word_1_308' title='bbox 1918 1433 2066 1468; x_wconf 87' lang='lat' dir='ltr'>prehabita</span> <span class='ocrx_word' id='word_1_309' title='bbox 2093 1442 2101 1449; x_wconf 66' lang='lat' dir='ltr'>s</span> 
     </span>
    </p>
   </div>
   <div class='ocr_carea' id='block_1_5' title="bbox 425 1485 2070 2767">
    <p class='ocr_par' dir='ltr' id='par_1_5' title="bbox 425 1485 2070 2767">
     <span class='ocr_line' id='line_1_27' title="bbox 425 1485 2066 1521; baseline -0.002 -8"><span class='ocrx_word' id='word_1_310' title='bbox 425 1487 515 1513; x_wconf 82' lang='lat' dir='ltr'>voluit</span> <span class='ocrx_word' id='word_1_311' title='bbox 538 1487 694 1521; x_wconf 81' lang='lat' dir='ltr'>adimpleri.</span> <span class='ocrx_word' id='word_1_312' title='bbox 740 1487 861 1513; x_wconf 81' lang='lat' dir='ltr'>Tandem</span> <span class='ocrx_word' id='word_1_313' title='bbox 888 1487 1041 1513; x_wconf 83' lang='lat' dir='ltr'>venerabili</span> <span class='ocrx_word' id='word_1_314' title='bbox 1066 1488 1151 1513; x_wconf 81' lang='lat' dir='ltr'>fratre</span> <span class='ocrx_word' id='word_1_315' title='bbox 1176 1509 1181 1513; x_wconf 93' lang='lat'>.</span> <span class='ocrx_word' id='word_1_316' title='bbox 1199 1508 1204 1513; x_wconf 91' lang='lat'><em>.</em></span> <span class='ocrx_word' id='word_1_317' title='bbox 1229 1487 1377 1514; x_wconf 73' lang='lat' dir='ltr'>Basiliensi</span> <span class='ocrx_word' id='word_1_318' title='bbox 1402 1487 1546 1521; x_wconf 67' lang='lat' dir='ltr'>episcopoy</span> <span class='ocrx_word' id='word_1_319' title='bbox 1572 1486 1677 1513; x_wconf 77' lang='lat' dir='ltr'>vestro</span> <span class='ocrx_word' id='word_1_320' title='bbox 1703 1488 1769 1512; x_wconf 83' lang='lat' dir='ltr'>tunc</span> <span class='ocrx_word' id='word_1_321' title='bbox 1792 1485 1892 1511; x_wconf 89' lang='lat' dir='ltr'>nuntio</span> <span class='ocrx_word' id='word_1_322' title='bbox 1916 1485 1951 1511; x_wconf 83' lang='lat' dir='ltr'>ad</span> <span class='ocrx_word' id='word_1_323' title='bbox 1974 1485 2066 1511; x_wconf 85' lang='lat' dir='ltr'>sedem</span> 
     </span>
     <span class='ocr_line' id='line_1_28' title="bbox 425 1532 2067 1576; baseline -0.002 -11"><span class='ocrx_word' id='word_1_324' title='bbox 425 1539 609 1573; x_wconf 77' lang='lat' dir='ltr'>apostolicam</span> <span class='ocrx_word' id='word_1_325' title='bbox 631 1539 780 1565; x_wconf 65' lang='lat' dir='ltr'>aei-edente</span> <span class='ocrx_word' id='word_1_326' title='bbox 804 1546 840 1564; x_wconf 74' lang='lat' dir='ltr'>at·</span> <span class='ocrx_word' id='word_1_327' title='bbox 864 1535 1046 1565; x_wconf 83' lang='lat' dir='ltr'>excellente</span> <span class='ocrx_word' id='word_1_328' title='bbox 1065 1535 1208 1576; x_wconf 85' lang='lat' dir='ltr'>principe</span> <span class='ocrx_word' id='word_1_329' title='bbox 1230 1535 1357 1565; x_wconf 86' lang='lat' dir='ltr'>domino</span> <span class='ocrx_word' id='word_1_330' title='bbox 1375 1540 1475 1565; x_wconf 83' lang='lat' dir='ltr'>Carulo</span> <span class='ocrx_word' id='word_1_331' title='bbox 1498 1539 1600 1565; x_wconf 82' lang='lat' dir='ltr'>illustri</span> <span class='ocrx_word' id='word_1_332' title='bbox 1618 1547 1682 1572; x_wconf 77' lang='lat' dir='ltr'>rege</span> <span class='ocrx_word' id='word_1_333' title='bbox 1700 1537 1793 1564; x_wconf 79' lang='lat' dir='ltr'>Sicilie</span> <span class='ocrx_word' id='word_1_334' title='bbox 1810 1537 1952 1563; x_wconf 83' lang='lat' dir='ltr'>carissimo</span> <span class='ocrx_word' id='word_1_335' title='bbox 1968 1532 2067 1573; x_wconf 89' lang='lat' dir='ltr'>ipsius</span> 
     </span>
     <span class='ocr_line' id='line_1_29' title="bbox 425 1587 2067 1628; baseline -0.002 -11"><span class='ocrx_word' id='word_1_336' title='bbox 425 1587 565 1617; x_wconf 74' lang='lat' dir='ltr'>ecclesie</span> <span class='ocrx_word' id='word_1_337' title='bbox 596 1591 651 1617; x_wconf 82' lang='grc'>11110</span> <span class='ocrx_word' id='word_1_338' title='bbox 681 1591 754 1624; x_wconf 87' lang='lat' dir='ltr'>apud</span> <span class='ocrx_word' id='word_1_339' title='bbox 779 1591 871 1616; x_wconf 73' lang='lat' dir='ltr'>sedem</span> <span class='ocrx_word' id='word_1_340' title='bbox 896 1591 1034 1617; x_wconf 77' lang='lat' dir='ltr'>existente</span> <span class='ocrx_word' id='word_1_341' title='bbox 1058 1591 1225 1625; x_wconf 72' lang='lat' dir='ltr'>predictam,</span> <span class='ocrx_word' id='word_1_342' title='bbox 1257 1592 1382 1625; x_wconf 85' lang='lat' dir='ltr'>prefatus</span> <span class='ocrx_word' id='word_1_343' title='bbox 1407 1587 1551 1628; x_wconf 77' lang='lat' dir='ltr'>pontifex</span> <span class='ocrx_word' id='word_1_344' title='bbox 1575 1590 1756 1617; x_wconf 79' lang='lat' dir='ltr'>Innocentius</span> <span class='ocrx_word' id='word_1_345' title='bbox 1784 1589 1924 1616; x_wconf 85' lang='lat' dir='ltr'>laboravit</span> <span class='ocrx_word' id='word_1_346' title='bbox 1948 1587 2067 1615; x_wconf 86' lang='lat' dir='ltr'>sollicite</span> 
     </span>
     <span class='ocr_line' id='line_1_30' title="bbox 427 1636 2068 1677; baseline -0.001 -9"><span class='ocrx_word' id='word_1_347' title='bbox 427 1652 457 1669; x_wconf 84' lang='lat' dir='ltr'>ac</span> <span class='ocrx_word' id='word_1_348' title='bbox 482 1643 633 1677; x_wconf 70' lang='lat' dir='ltr'>diligenter</span> <span class='ocrx_word' id='word_1_349' title='bbox 657 1643 824 1676; x_wconf 79' lang='lat' dir='ltr'>interposuit</span> <span class='ocrx_word' id='word_1_350' title='bbox 850 1644 943 1676; x_wconf 78' lang='lat' dir='ltr'>parles</span> <span class='ocrx_word' id='word_1_351' title='bbox 962 1652 1032 1675; x_wconf 83' lang='lat' dir='ltr'>suas,</span> <span class='ocrx_word' id='word_1_352' title='bbox 1058 1645 1089 1669; x_wconf 58' lang='lat' dir='ltr'>ut&gt;</span> <span class='ocrx_word' id='word_1_353' title='bbox 1105 1645 1243 1669; x_wconf 82' lang='lat' dir='ltr'>tractatus</span> <span class='ocrx_word' id='word_1_354' title='bbox 1260 1643 1418 1669; x_wconf 85' lang='lat' dir='ltr'>huiusmodi</span> <span class='ocrx_word' id='word_1_355' title='bbox 1436 1644 1563 1677; x_wconf 84' lang='lat' dir='ltr'>optatum</span> <span class='ocrx_word' id='word_1_356' title='bbox 1581 1642 1686 1669; x_wconf 86' lang='lat' dir='ltr'>exitum</span> <span class='ocrx_word' id='word_1_357' title='bbox 1704 1642 1880 1668; x_wconf 83' lang='lat' dir='ltr'>sortirentur.</span> <span class='ocrx_word' id='word_1_358' title='bbox 1955 1636 2002 1676; x_wconf 77' lang='lat'>(4)</span> <span class='ocrx_word' id='word_1_359' title='bbox 2020 1639 2068 1666; x_wconf 79' lang='lat' dir='ltr'>Set</span> 
     </span>
     <span class='ocr_line' id='line_1_31' title="bbox 428 1690 2067 1731; baseline -0.002 -10"><span class='ocrx_word' id='word_1_360' title='bbox 428 1696 523 1721; x_wconf 84' lang='lat' dir='ltr'>eodem</span> <span class='ocrx_word' id='word_1_361' title='bbox 549 1690 699 1731; x_wconf 80' lang='lat' dir='ltr'>pontifice</span> <span class='ocrx_word' id='word_1_362' title='bbox 720 1690 920 1729; x_wconf 67' lang='lat' dir='ltr'>Innocentio,</span> <span class='ocrx_word' id='word_1_363' title='bbox 946 1695 1017 1721; x_wconf 78' lang='lat' dir='ltr'>sicut</span> <span class='ocrx_word' id='word_1_364' title='bbox 1041 1696 1073 1721; x_wconf 86' lang='lat' dir='ltr'>de</span> <span class='ocrx_word' id='word_1_365' title='bbox 1097 1696 1282 1729; x_wconf 84' lang='lat' dir='ltr'>dispositione</span> <span class='ocrx_word' id='word_1_366' title='bbox 1307 1695 1443 1729; x_wconf 84' lang='lat' dir='ltr'>processit</span> <span class='ocrx_word' id='word_1_367' title='bbox 1462 1695 1607 1726; x_wconf 77' lang='lat' dir='ltr'>Altissimi,</span> <span class='ocrx_word' id='word_1_368' title='bbox 1633 1704 1694 1721; x_wconf 82' lang='lat' dir='ltr'>euin</span> <span class='ocrx_word' id='word_1_369' title='bbox 1719 1694 1878 1720; x_wconf 84' lang='lat' dir='ltr'>incurrente</span> <span class='ocrx_word' id='word_1_370' title='bbox 1896 1692 2067 1719; x_wconf 80' lang='lat' dir='ltr'>infirmitatis</span> 
     </span>
     <span class='ocr_line' id='line_1_32' title="bbox 426 1745 2067 1781; baseline -0.002 -8"><span class='ocrx_word' id='word_1_371' title='bbox 426 1748 583 1778; x_wconf 80' lang='lat' dir='ltr'>articulum,</span> <span class='ocrx_word' id='word_1_372' title='bbox 608 1747 636 1772; x_wconf 88' lang='lat' dir='ltr'>in</span> <span class='ocrx_word' id='word_1_373' title='bbox 661 1756 715 1780; x_wconf 83' lang='lat' dir='ltr'>quo</span> <span class='ocrx_word' id='word_1_374' title='bbox 740 1748 903 1780; x_wconf 77' lang='lat' dir='ltr'>temporalis</span> <span class='ocrx_word' id='word_1_375' title='bbox 929 1757 1038 1773; x_wconf 83' lang='lat' dir='ltr'>cursum</span> <span class='ocrx_word' id='word_1_376' title='bbox 1063 1748 1119 1774; x_wconf 82' lang='lat' dir='ltr'>vite</span> <span class='ocrx_word' id='word_1_377' title='bbox 1144 1748 1250 1780; x_wconf 80' lang='lat' dir='ltr'>finivit,</span> <span class='ocrx_word' id='word_1_378' title='bbox 1276 1749 1414 1774; x_wconf 81' lang='lat' dir='ltr'>tractatus</span> <span class='ocrx_word' id='word_1_379' title='bbox 1438 1748 1491 1781; x_wconf 90' lang='lat' dir='ltr'>ipsi</span> <span class='ocrx_word' id='word_1_380' title='bbox 1515 1747 1672 1773; x_wconf 86' lang='lat' dir='ltr'>desiderate</span> <span class='ocrx_word' id='word_1_381' title='bbox 1696 1745 1915 1772; x_wconf 85' lang='lat' dir='ltr'>consumationis</span> <span class='ocrx_word' id='word_1_382' title='bbox 1940 1745 2067 1771; x_wconf 82' lang='lat' dir='ltr'>effectum</span> 
     </span>
     <span class='ocr_line' id='line_1_33' title="bbox 428 1792 2067 1836; baseline -0.002 -11"><span class='ocrx_word' id='word_1_383' title='bbox 428 1799 560 1832; x_wconf 77' lang='lat' dir='ltr'>consequi</span> <span class='ocrx_word' id='word_1_384' title='bbox 586 1799 698 1824; x_wconf 78' lang='lat' dir='ltr'>mininie</span> <span class='ocrx_word' id='word_1_385' title='bbox 724 1800 883 1832; x_wconf 84' lang='lat' dir='ltr'>potuerunt.</span> <span class='ocrx_word' id='word_1_386' title='bbox 931 1795 1068 1836; x_wconf 72' lang='lat' dir='ltr'>Insuper</span> <span class='ocrx_word' id='word_1_387' title='bbox 1092 1795 1143 1836; x_wconf 78' lang='lat' dir='ltr'>pie</span> <span class='ocrx_word' id='word_1_388' title='bbox 1168 1799 1370 1825; x_wconf 78' lang='lat' dir='ltr'>reeordationis</span> <span class='ocrx_word' id='word_1_389' title='bbox 1395 1799 1534 1825; x_wconf 86' lang='lat' dir='ltr'>Adrianus</span> <span class='ocrx_word' id='word_1_390' title='bbox 1558 1807 1631 1832; x_wconf 82' lang='lat' dir='ltr'>papa</span> <span class='ocrx_word' id='word_1_391' title='bbox 1652 1793 1691 1824; x_wconf 62' lang='lat' dir='ltr'>V.</span> <span class='ocrx_word' id='word_1_392' title='bbox 1710 1798 1799 1824; x_wconf 85' lang='lat' dir='ltr'>eidem</span> <span class='ocrx_word' id='word_1_393' title='bbox 1823 1792 1964 1834; x_wconf 76' lang='lat' dir='ltr'>POntifici</span> <span class='ocrx_word' id='word_1_394' title='bbox 1988 1797 2067 1822; x_wconf 88' lang='lat' dir='ltr'>Inno—</span> 
     </span>
     <span class='ocr_line' id='line_1_34' title="bbox 429 1847 2069 1884; baseline -0.002 -7"><span class='ocrx_word' id='word_1_395' title='bbox 429 1851 521 1877; x_wconf 80' lang='lat' dir='ltr'>centio</span> <span class='ocrx_word' id='word_1_396' title='bbox 547 1851 573 1876; x_wconf 86' lang='lat' dir='ltr'>in</span> <span class='ocrx_word' id='word_1_397' title='bbox 598 1851 774 1884; x_wconf 77' lang='lat' dir='ltr'>apostolatus</span> <span class='ocrx_word' id='word_1_398' title='bbox 798 1851 947 1877; x_wconf 74' lang='lat' dir='ltr'>siu-cedens</span> <span class='ocrx_word' id='word_1_399' title='bbox 972 1851 1063 1877; x_wconf 83' lang='lat' dir='ltr'>officio</span> <span class='ocrx_word' id='word_1_400' title='bbox 1088 1851 1190 1883; x_wconf 77' lang='lat' dir='ltr'>voluit,</span> <span class='ocrx_word' id='word_1_401' title='bbox 1215 1854 1246 1877; x_wconf 87' lang='lat' dir='ltr'>ut</span> <span class='ocrx_word' id='word_1_402' title='bbox 1270 1851 1342 1877; x_wconf 86' lang='lat' dir='ltr'>idem</span> <span class='ocrx_word' id='word_1_403' title='bbox 1366 1860 1413 1877; x_wconf 78' lang='lat' dir='ltr'>rex</span> <span class='ocrx_word' id='word_1_404' title='bbox 1438 1860 1466 1877; x_wconf 88' lang='lat' dir='ltr'>se</span> <span class='ocrx_word' id='word_1_405' title='bbox 1491 1852 1631 1877; x_wconf 79' lang='lat' dir='ltr'>conterret</span> <span class='ocrx_word' id='word_1_406' title='bbox 1654 1849 1811 1875; x_wconf 83' lang='lat' dir='ltr'>Viterbium</span> <span class='ocrx_word' id='word_1_407' title='bbox 1835 1858 1884 1883; x_wconf 88' lang='lat' dir='ltr'>pro</span> <span class='ocrx_word' id='word_1_408' title='bbox 1908 1847 2069 1874; x_wconf 78' lang='lat' dir='ltr'>memoratis</span> 
     </span>
     <span class='ocr_line' id='line_1_35' title="bbox 428 1899 2068 1936; baseline -0.002 -8"><span class='ocrx_word' id='word_1_409' title='bbox 428 1903 596 1929; x_wconf 59' lang='lat' dir='ltr'>immanium</span> <span class='ocrx_word' id='word_1_410' title='bbox 621 1902 830 1935; x_wconf 73' lang='lat' dir='ltr'>prosequendis,</span> <span class='ocrx_word' id='word_1_411' title='bbox 856 1903 901 1928; x_wconf 85' lang='lat' dir='ltr'>nbi</span> <span class='ocrx_word' id='word_1_412' title='bbox 927 1903 1113 1929; x_wconf 74' lang='lat' dir='ltr'>venerabiles</span> <span class='ocrx_word' id='word_1_413' title='bbox 1138 1904 1249 1929; x_wconf 74' lang='lat' dir='ltr'>fratres</span> <span class='ocrx_word' id='word_1_414' title='bbox 1274 1924 1301 1929; x_wconf 90' lang='lat'>..</span> <span class='ocrx_word' id='word_1_415' title='bbox 1326 1903 1508 1929; x_wconf 83' lang='lat' dir='ltr'>Sabinensem</span> <span class='ocrx_word' id='word_1_416' title='bbox 1533 1902 1724 1936; x_wconf 67' lang='lat' dir='ltr'>episcopum*,</span> <span class='ocrx_word' id='word_1_417' title='bbox 1747 1902 1767 1928; x_wconf 88' lang='lat'>1.</span> <span class='ocrx_word' id='word_1_418' title='bbox 1791 1901 1886 1928; x_wconf 83' lang='lat' dir='ltr'>Sancti</span> <span class='ocrx_word' id='word_1_419' title='bbox 1910 1899 2017 1926; x_wconf 70' lang='lat' dir='ltr'>Nicolai</span> <span class='ocrx_word' id='word_1_420' title='bbox 2040 1899 2068 1925; x_wconf 92' lang='lat' dir='ltr'>in</span> 
     </span>
     <span class='ocr_line' id='line_1_36' title="bbox 429 1951 2067 1989; baseline -0.002 -9"><span class='ocrx_word' id='word_1_421' title='bbox 429 1956 544 1981; x_wconf 61' lang='lat' dir='ltr'>(sarm-re</span> <span class='ocrx_word' id='word_1_422' title='bbox 568 1955 696 1981; x_wconf 74' lang='lat' dir='ltr'>&#39;l&#39;ulliano</span> <span class='ocrx_word' id='word_1_423' title='bbox 722 1957 749 1981; x_wconf 84' lang='lat' dir='ltr'>et</span> <span class='ocrx_word' id='word_1_424' title='bbox 774 1956 792 1981; x_wconf 92' lang='lat' dir='ltr'>I.</span> <span class='ocrx_word' id='word_1_425' title='bbox 817 1955 917 1981; x_wconf 68' lang='lat' dir='ltr'>Sancte</span> <span class='ocrx_word' id='word_1_426' title='bbox 942 1955 1029 1981; x_wconf 76' lang='lat' dir='ltr'>Marie</span> <span class='ocrx_word' id='word_1_427' title='bbox 1058 1955 1086 1981; x_wconf 88' lang='lat' dir='ltr'>in</span> <span class='ocrx_word' id='word_1_428' title='bbox 1111 1956 1259 1989; x_wconf 75' lang='lat' dir='ltr'>Cosmydin</span> <span class='ocrx_word' id='word_1_429' title='bbox 1285 1956 1416 1982; x_wconf 85' lang='lat' dir='ltr'>diaconos</span> <span class='ocrx_word' id='word_1_430' title='bbox 1449 1955 1604 1982; x_wconf 84' lang='lat' dir='ltr'>cardinales</span> <span class='ocrx_word' id='word_1_431' title='bbox 1635 1964 1717 1988; x_wconf 83' lang='lat' dir='ltr'>super</span> <span class='ocrx_word' id='word_1_432' title='bbox 1749 1953 1945 1987; x_wconf 82' lang='lat' dir='ltr'>prosecutione</span> <span class='ocrx_word' id='word_1_433' title='bbox 1975 1951 2067 1977; x_wconf 86' lang='lat' dir='ltr'>huius-</span> 
     </span>
     <span class='ocr_line' id='line_1_37' title="bbox 429 2001 2068 2044; baseline -0.003 -11"><span class='ocrx_word' id='word_1_434' title='bbox 429 2007 502 2033; x_wconf 75' lang='lat' dir='ltr'>modi</span> <span class='ocrx_word' id='word_1_435' title='bbox 531 2007 687 2041; x_wconf 53' lang='lat' dir='ltr'>‹lt-putavit.</span> <span class='ocrx_word' id='word_1_436' title='bbox 775 2003 823 2043; x_wconf 66' lang='lat'>(5)</span> <span class='ocrx_word' id='word_1_437' title='bbox 855 2002 918 2033; x_wconf 71' lang='lat' dir='ltr'>Sed</span> <span class='ocrx_word' id='word_1_438' title='bbox 952 2003 1025 2043; x_wconf 86' lang='lat' dir='ltr'>quia</span> <span class='ocrx_word' id='word_1_439' title='bbox 1054 2002 1219 2044; x_wconf 80' lang='lat' dir='ltr'>predictus</span> <span class='ocrx_word' id='word_1_440' title='bbox 1252 2003 1399 2044; x_wconf 80' lang='lat' dir='ltr'>pontifex</span> <span class='ocrx_word' id='word_1_441' title='bbox 1424 2002 1585 2033; x_wconf 84' lang='lat' dir='ltr'>Adrianus</span> <span class='ocrx_word' id='word_1_442' title='bbox 1615 2005 1688 2043; x_wconf 87' lang='lat' dir='ltr'>post</span> <span class='ocrx_word' id='word_1_443' title='bbox 1716 2001 1945 2043; x_wconf 87' lang='lat' dir='ltr'>promotionem</span> <span class='ocrx_word' id='word_1_444' title='bbox 1979 2009 2068 2029; x_wconf 90' lang='lat' dir='ltr'>suam</span> 
     </span>
     <span class='ocr_line' id='line_1_38' title="bbox 430 2052 2067 2096; baseline -0.002 -12"><span class='ocrx_word' id='word_1_445' title='bbox 430 2054 618 2085; x_wconf 82' lang='lat' dir='ltr'>brevissimo</span> <span class='ocrx_word' id='word_1_446' title='bbox 646 2058 790 2095; x_wconf 88' lang='lat' dir='ltr'>tempore</span> <span class='ocrx_word' id='word_1_447' title='bbox 815 2054 1003 2095; x_wconf 78' lang='lat' dir='ltr'>supervixit,</span> <span class='ocrx_word' id='word_1_448' title='bbox 1028 2057 1192 2096; x_wconf 84' lang='lat' dir='ltr'>assumpta</span> <span class='ocrx_word' id='word_1_449' title='bbox 1216 2055 1398 2096; x_wconf 87' lang='lat' dir='ltr'>prosecutio</span> <span class='ocrx_word' id='word_1_450' title='bbox 1424 2054 1463 2085; x_wconf 85' lang='lat' dir='ltr'>ad</span> <span class='ocrx_word' id='word_1_451' title='bbox 1492 2054 1538 2092; x_wconf 75' lang='lat' dir='ltr'>id,</span> <span class='ocrx_word' id='word_1_452' title='bbox 1571 2053 1653 2095; x_wconf 88' lang='lat' dir='ltr'>quod</span> <span class='ocrx_word' id='word_1_453' title='bbox 1677 2052 1941 2094; x_wconf 81' lang='lat' dir='ltr'>prosequentium</span> <span class='ocrx_word' id='word_1_454' title='bbox 1966 2052 2067 2081; x_wconf 82' lang='lat' dir='ltr'>inten-</span> 
     </span>
     <span class='ocr_line' id='line_1_39' title="bbox 430 2101 2069 2146; baseline -0.002 -11"><span class='ocrx_word' id='word_1_455' title='bbox 430 2106 527 2136; x_wconf 78' lang='lat' dir='ltr'>debat</span> <span class='ocrx_word' id='word_1_456' title='bbox 555 2106 719 2141; x_wconf 66' lang='lat' dir='ltr'>instantia,</span> <span class='ocrx_word' id='word_1_457' title='bbox 746 2116 806 2135; x_wconf 91' lang='lat' dir='ltr'>non</span> <span class='ocrx_word' id='word_1_458' title='bbox 832 2106 988 2146; x_wconf 79' lang='lat' dir='ltr'>pervenit.</span> <span class='ocrx_word' id='word_1_459' title='bbox 1034 2105 1172 2136; x_wconf 86' lang='lat' dir='ltr'>Demum</span> <span class='ocrx_word' id='word_1_460' title='bbox 1196 2109 1303 2136; x_wconf 84' lang='lat' dir='ltr'>autem</span> <span class='ocrx_word' id='word_1_461' title='bbox 1329 2106 1432 2137; x_wconf 82' lang='lat' dir='ltr'>felicis</span> <span class='ocrx_word' id='word_1_462' title='bbox 1457 2105 1688 2136; x_wconf 85' lang='lat' dir='ltr'>reeordationis</span> <span class='ocrx_word' id='word_1_463' title='bbox 1713 2104 1875 2135; x_wconf 85' lang='lat' dir='ltr'>Iohannes</span> <span class='ocrx_word' id='word_1_464' title='bbox 1898 2113 1982 2144; x_wconf 84' lang='lat' dir='ltr'>papa</span> <span class='ocrx_word' id='word_1_465' title='bbox 2004 2101 2069 2132; x_wconf 88' lang='lat' dir='ltr'>XX</span> 
     </span>
     <span class='ocr_line' id='line_1_40' title="bbox 432 2153 2068 2198; baseline -0.002 -11"><span class='ocrx_word' id='word_1_466' title='bbox 432 2158 551 2198; x_wconf 85' lang='lat' dir='ltr'>primus</span> <span class='ocrx_word' id='word_1_467' title='bbox 571 2157 610 2187; x_wconf 83' lang='lat' dir='ltr'>ad</span> <span class='ocrx_word' id='word_1_468' title='bbox 629 2157 752 2197; x_wconf 81' lang='lat' dir='ltr'>apicem</span> <span class='ocrx_word' id='word_1_469' title='bbox 771 2157 948 2197; x_wconf 78' lang='lat' dir='ltr'>apostolice</span> <span class='ocrx_word' id='word_1_470' title='bbox 966 2157 1130 2197; x_wconf 83' lang='lat' dir='ltr'>dignitatis</span> <span class='ocrx_word' id='word_1_471' title='bbox 1148 2160 1342 2198; x_wconf 71' lang='lat' dir='ltr'>assumptus,</span> <span class='ocrx_word' id='word_1_472' title='bbox 1360 2158 1436 2188; x_wconf 85' lang='lat' dir='ltr'>lieet</span> <span class='ocrx_word' id='word_1_473' title='bbox 1452 2157 1593 2188; x_wconf 86' lang='lat' dir='ltr'>libenter</span> <span class='ocrx_word' id='word_1_474' title='bbox 1610 2167 1707 2198; x_wconf 90' lang='lat' dir='ltr'>super</span> <span class='ocrx_word' id='word_1_475' title='bbox 1726 2154 1909 2186; x_wconf 86' lang='lat' dir='ltr'>huiusmodi</span> <span class='ocrx_word' id='word_1_476' title='bbox 1926 2153 2068 2185; x_wconf 87' lang='lat' dir='ltr'>tractati-</span> 
     </span>
     <span class='ocr_line' id='line_1_41' title="bbox 433 2206 2066 2250; baseline -0.001 -13"><span class='ocrx_word' id='word_1_477' title='bbox 433 2209 493 2238; x_wconf 83' lang='lat' dir='ltr'>bus</span> <span class='ocrx_word' id='word_1_478' title='bbox 519 2208 631 2238; x_wconf 76' lang='lat' dir='ltr'>fuisset</span> <span class='ocrx_word' id='word_1_479' title='bbox 657 2208 828 2237; x_wconf 86' lang='lat' dir='ltr'>eorundem</span> <span class='ocrx_word' id='word_1_480' title='bbox 853 2208 1118 2248; x_wconf 82' lang='lat' dir='ltr'>predecessorum</span> <span class='ocrx_word' id='word_1_481' title='bbox 1138 2219 1266 2239; x_wconf 90' lang='lat' dir='ltr'>suorum</span> <span class='ocrx_word' id='word_1_482' title='bbox 1285 2208 1391 2239; x_wconf 82' lang='lat' dir='ltr'>studia</span> <span class='ocrx_word' id='word_1_483' title='bbox 1407 2211 1606 2250; x_wconf 68' lang='lat' dir='ltr'>prosecutus7</span> <span class='ocrx_word' id='word_1_484' title='bbox 1631 2208 1704 2248; x_wconf 89' lang='lat' dir='ltr'>quia</span> <span class='ocrx_word' id='word_1_485' title='bbox 1721 2211 1828 2238; x_wconf 87' lang='lat' dir='ltr'>tamen</span> <span class='ocrx_word' id='word_1_486' title='bbox 1846 2217 1904 2237; x_wconf 87' lang='lat' dir='ltr'>nec</span> <span class='ocrx_word' id='word_1_487' title='bbox 1922 2206 2066 2248; x_wconf 89' lang='lat' dir='ltr'>prefatus</span> 
     </span>
     <span class='ocr_line' id='line_1_42' title="bbox 449 2257 2069 2301; baseline -0.001 -11"><span class='ocrx_word' id='word_1_488' title='bbox 449 2260 623 2290; x_wconf 59' lang='lat' dir='ltr'>{asiliensis</span> <span class='ocrx_word' id='word_1_489' title='bbox 641 2260 812 2300; x_wconf 84' lang='lat' dir='ltr'>episeopus</span> <span class='ocrx_word' id='word_1_490' title='bbox 831 2271 888 2290; x_wconf 83' lang='lat' dir='ltr'>nee</span> <span class='ocrx_word' id='word_1_491' title='bbox 907 2260 1008 2301; x_wconf 82' lang='lat' dir='ltr'>quivis</span> <span class='ocrx_word' id='word_1_492' title='bbox 1027 2260 1106 2291; x_wconf 84' lang='lat' dir='ltr'>alius</span> <span class='ocrx_word' id='word_1_493' title='bbox 1124 2260 1163 2291; x_wconf 84' lang='lat' dir='ltr'>ad</span> <span class='ocrx_word' id='word_1_494' title='bbox 1183 2260 1242 2290; x_wconf 87' lang='lat' dir='ltr'>hoc</span> <span class='ocrx_word' id='word_1_495' title='bbox 1261 2261 1466 2291; x_wconf 86' lang='lat' dir='ltr'>transmissus</span> <span class='ocrx_word' id='word_1_496' title='bbox 1484 2261 1533 2291; x_wconf 83' lang='lat' dir='ltr'>vel</span> <span class='ocrx_word' id='word_1_497' title='bbox 1558 2272 1576 2291; x_wconf 89' lang='lat' dir='ltr'>a</span> <span class='ocrx_word' id='word_1_498' title='bbox 1594 2260 1685 2291; x_wconf 92' lang='lat' dir='ltr'>vobis</span> <span class='ocrx_word' id='word_1_499' title='bbox 1702 2259 1825 2290; x_wconf 85' lang='lat' dir='ltr'>habens</span> <span class='ocrx_word' id='word_1_500' title='bbox 1849 2258 1887 2289; x_wconf 89' lang='lat' dir='ltr'>ad</span> <span class='ocrx_word' id='word_1_501' title='bbox 1913 2257 2069 2300; x_wconf 80' lang='lat' dir='ltr'>premissa</span> 
     </span>
     <span class='ocr_line' id='line_1_43' title="bbox 434 2310 2068 2354; baseline -0.002 -11"><span class='ocrx_word' id='word_1_502' title='bbox 434 2312 619 2343; x_wconf 81' lang='lat' dir='ltr'>mandatum</span> <span class='ocrx_word' id='word_1_503' title='bbox 639 2316 743 2341; x_wconf 83' lang='lat' dir='ltr'>vestro</span> <span class='ocrx_word' id='word_1_504' title='bbox 770 2312 925 2342; x_wconf 82' lang='lat' dir='ltr'>firmanda</span> <span class='ocrx_word' id='word_1_505' title='bbox 950 2313 1076 2343; x_wconf 87' lang='lat' dir='ltr'>nomine</span> <span class='ocrx_word' id='word_1_506' title='bbox 1103 2313 1132 2342; x_wconf 88' lang='lat' dir='ltr'>in</span> <span class='ocrx_word' id='word_1_507' title='bbox 1158 2312 1304 2343; x_wconf 66' lang='lat' dir='ltr'>llomana</span> <span class='ocrx_word' id='word_1_508' title='bbox 1330 2313 1417 2342; x_wconf 84' lang='lat' dir='ltr'>curia</span> <span class='ocrx_word' id='word_1_509' title='bbox 1442 2323 1576 2354; x_wconf 84' lang='lat' dir='ltr'>presens</span> <span class='ocrx_word' id='word_1_510' title='bbox 1602 2315 1680 2351; x_wconf 76' lang='lat' dir='ltr'>erat,</span> <span class='ocrx_word' id='word_1_511' title='bbox 1705 2313 1773 2353; x_wconf 88' lang='lat' dir='ltr'>ipse</span> <span class='ocrx_word' id='word_1_512' title='bbox 1790 2310 1979 2342; x_wconf 83' lang='lat' dir='ltr'>desiderans</span> <span class='ocrx_word' id='word_1_513' title='bbox 1997 2319 2068 2351; x_wconf 85' lang='lat' dir='ltr'>pre-</span> 
     </span>
     <span class='ocr_line' id='line_1_44' title="bbox 434 2361 2068 2406; baseline -0.002 -11"><span class='ocrx_word' id='word_1_514' title='bbox 434 2366 566 2395; x_wconf 83' lang='lat' dir='ltr'>missum</span> <span class='ocrx_word' id='word_1_515' title='bbox 583 2364 755 2404; x_wconf 59' lang='lat' dir='ltr'>negotiunn</span> <span class='ocrx_word' id='word_1_516' title='bbox 772 2364 930 2394; x_wconf 72' lang='lat' dir='ltr'>scandalis</span> <span class='ocrx_word' id='word_1_517' title='bbox 946 2368 977 2395; x_wconf 80' lang='lat' dir='ltr'>et</span> <span class='ocrx_word' id='word_1_518' title='bbox 993 2364 1232 2406; x_wconf 85' lang='lat' dir='ltr'>impedimentis</span> <span class='ocrx_word' id='word_1_519' title='bbox 1247 2364 1502 2405; x_wconf 81' lang='lat' dir='ltr'>quibuscumque</span> <span class='ocrx_word' id='word_1_520' title='bbox 1517 2364 1685 2401; x_wconf 76' lang='lat' dir='ltr'>submotis,</span> <span class='ocrx_word' id='word_1_521' title='bbox 1703 2363 1741 2394; x_wconf 87' lang='lat' dir='ltr'>ad</span> <span class='ocrx_word' id='word_1_522' title='bbox 1755 2363 1923 2405; x_wconf 85' lang='lat' dir='ltr'>pacificum</span> <span class='ocrx_word' id='word_1_523' title='bbox 1940 2366 1972 2392; x_wconf 86' lang='lat' dir='ltr'>et</span> <span class='ocrx_word' id='word_1_524' title='bbox 1984 2361 2068 2392; x_wconf 87' lang='lat' dir='ltr'>desi-</span> 
     </span>
     <span class='ocr_line' id='line_1_45' title="bbox 437 2412 2068 2457; baseline -0.003 -9"><span class='ocrx_word' id='word_1_525' title='bbox 437 2417 584 2448; x_wconf 77' lang='lat' dir='ltr'>deratum</span> <span class='ocrx_word' id='word_1_526' title='bbox 604 2417 724 2446; x_wconf 74' lang='lat' dir='ltr'>exitum</span> <span class='ocrx_word' id='word_1_527' title='bbox 743 2415 903 2451; x_wconf 61' lang='lat' dir='ltr'>devenire„</span> <span class='ocrx_word' id='word_1_528' title='bbox 922 2420 955 2446; x_wconf 87' lang='lat' dir='ltr'>ut</span> <span class='ocrx_word' id='word_1_529' title='bbox 972 2427 1142 2457; x_wconf 72' lang='lat' dir='ltr'>processus</span> <span class='ocrx_word' id='word_1_530' title='bbox 1162 2419 1267 2446; x_wconf 84' lang='lat' dir='ltr'>vester</span> <span class='ocrx_word' id='word_1_531' title='bbox 1284 2416 1420 2456; x_wconf 84' lang='lat' dir='ltr'>quietior</span> <span class='ocrx_word' id='word_1_532' title='bbox 1437 2427 1509 2446; x_wconf 88' lang='lat' dir='ltr'>esse</span> <span class='ocrx_word' id='word_1_533' title='bbox 1526 2418 1635 2457; x_wconf 87' lang='lat' dir='ltr'>posset</span> <span class='ocrx_word' id='word_1_534' title='bbox 1652 2418 1684 2446; x_wconf 89' lang='lat' dir='ltr'>et</span> <span class='ocrx_word' id='word_1_535' title='bbox 1700 2418 1830 2457; x_wconf 84' lang='lat' dir='ltr'>propter</span> <span class='ocrx_word' id='word_1_536' title='bbox 1845 2414 1905 2445; x_wconf 86' lang='lat' dir='ltr'>hoc</span> <span class='ocrx_word' id='word_1_537' title='bbox 1924 2412 2068 2444; x_wconf 83' lang='lat' dir='ltr'>laudabi-</span> 
     </span>
     <span class='ocr_line' id='line_1_46' title="bbox 437 2462 2068 2508; baseline -0.003 -9"><span class='ocrx_word' id='word_1_538' title='bbox 437 2470 484 2499; x_wconf 82' lang='lat' dir='ltr'>les</span> <span class='ocrx_word' id='word_1_539' title='bbox 504 2462 612 2499; x_wconf 67' lang='lat' dir='ltr'>in⁸hiis</span> <span class='ocrx_word' id='word_1_540' title='bbox 630 2467 802 2498; x_wconf 84' lang='lat' dir='ltr'>eorundem</span> <span class='ocrx_word' id='word_1_541' title='bbox 822 2468 1084 2508; x_wconf 81' lang='lat' dir='ltr'>predecessorum</span> <span class='ocrx_word' id='word_1_542' title='bbox 1111 2478 1237 2498; x_wconf 81' lang='lat' dir='ltr'>suorum</span> <span class='ocrx_word' id='word_1_543' title='bbox 1257 2468 1387 2497; x_wconf 83' lang='lat' dir='ltr'>semitas</span> <span class='ocrx_word' id='word_1_544' title='bbox 1411 2478 1620 2508; x_wconf 81' lang='lat' dir='ltr'>prosequens,</span> <span class='ocrx_word' id='word_1_545' title='bbox 1641 2466 1913 2508; x_wconf 81' lang='lat' dir='ltr'>magnificentiam</span> <span class='ocrx_word' id='word_1_546' title='bbox 1931 2468 2068 2496; x_wconf 87' lang='lat' dir='ltr'>vestram</span> 
     </span>
     <span class='ocr_line' id='line_1_47' title="bbox 436 2517 2068 2563; baseline -0.002 -12"><span class='ocrx_word' id='word_1_547' title='bbox 436 2532 495 2563; x_wconf 83' lang='lat' dir='ltr'>per</span> <span class='ocrx_word' id='word_1_548' title='bbox 513 2532 586 2551; x_wconf 79' lang='lat' dir='ltr'>suas</span> <span class='ocrx_word' id='word_1_549' title='bbox 604 2520 728 2551; x_wconf 76' lang='lat' dir='ltr'>litteras</span> <span class='ocrx_word' id='word_1_550' title='bbox 746 2522 868 2549; x_wconf 81' lang='lat' dir='ltr'>attente</span> <span class='ocrx_word' id='word_1_551' title='bbox 887 2520 1008 2559; x_wconf 73' lang='lat' dir='ltr'>rogavit</span> <span class='ocrx_word' id='word_1_552' title='bbox 1026 2523 1057 2549; x_wconf 83' lang='lat' dir='ltr'>et</span> <span class='ocrx_word' id='word_1_553' title='bbox 1074 2519 1218 2549; x_wconf 86' lang='lat' dir='ltr'>hortatus</span> <span class='ocrx_word' id='word_1_554' title='bbox 1237 2519 1329 2549; x_wconf 85' lang='lat' dir='ltr'>estin</span> <span class='ocrx_word' id='word_1_555' title='bbox 1347 2518 1475 2549; x_wconf 89' lang='lat' dir='ltr'>domino</span> <span class='ocrx_word' id='word_1_556' title='bbox 1495 2518 1569 2549; x_wconf 88' lang='lat' dir='ltr'>Iesu</span> <span class='ocrx_word' id='word_1_557' title='bbox 1585 2518 1722 2553; x_wconf 66' lang='lat' dir='ltr'>Clu-isto„</span> <span class='ocrx_word' id='word_1_558' title='bbox 1739 2521 1773 2548; x_wconf 89' lang='lat' dir='ltr'>ut</span> <span class='ocrx_word' id='word_1_559' title='bbox 1791 2528 1861 2548; x_wconf 88' lang='lat' dir='ltr'>cum</span> <span class='ocrx_word' id='word_1_560' title='bbox 1880 2517 1964 2548; x_wconf 87' lang='lat' dir='ltr'>omni</span> <span class='ocrx_word' id='word_1_561' title='bbox 1982 2517 2068 2548; x_wconf 82' lang='lat' dir='ltr'>festi-</span> 
     </span>
     <span class='ocr_line' id='line_1_48' title="bbox 436 2569 2070 2614; baseline -0.003 -11"><span class='ocrx_word' id='word_1_562' title='bbox 436 2574 545 2604; x_wconf 76' lang='lat' dir='ltr'>nantia</span> <span class='ocrx_word' id='word_1_563' title='bbox 574 2583 635 2614; x_wconf 75' lang='lat' dir='ltr'>qua</span> <span class='ocrx_word' id='word_1_564' title='bbox 661 2572 797 2614; x_wconf 75' lang='lat' dir='ltr'>possetis</span> <span class='ocrx_word' id='word_1_565' title='bbox 815 2572 937 2612; x_wconf 79' lang='lat' dir='ltr'>aliquos</span> <span class='ocrx_word' id='word_1_566' title='bbox 964 2571 1046 2601; x_wconf 78' lang='lat' dir='ltr'>viros</span> <span class='ocrx_word' id='word_1_567' title='bbox 1065 2570 1206 2611; x_wconf 72' lang='lat' dir='ltr'>ydoneos</span> <span class='ocrx_word' id='word_1_568' title='bbox 1229 2570 1316 2611; x_wconf 87' lang='lat' dir='ltr'>pacis</span> <span class='ocrx_word' id='word_1_569' title='bbox 1341 2573 1373 2600; x_wconf 90' lang='lat' dir='ltr'>et</span> <span class='ocrx_word' id='word_1_570' title='bbox 1397 2569 1565 2600; x_wconf 83' lang='lat' dir='ltr'>concordie</span> <span class='ocrx_word' id='word_1_571' title='bbox 1588 2570 1744 2600; x_wconf 87' lang='lat' dir='ltr'>zelatores</span> <span class='ocrx_word' id='word_1_572' title='bbox 1769 2569 1900 2610; x_wconf 90' lang='lat' dir='ltr'>plenum</span> <span class='ocrx_word' id='word_1_573' title='bbox 1924 2579 1942 2599; x_wconf 88' lang='lat' dir='ltr'>a</span> <span class='ocrx_word' id='word_1_574' title='bbox 1963 2570 2070 2599; x_wconf 86' lang='lat' dir='ltr'>vestra</span> 
     </span>
     <span class='ocr_line' id='line_1_49' title="bbox 436 2619 2069 2665; baseline -0.003 -10"><span class='ocrx_word' id='word_1_575' title='bbox 436 2625 625 2655; x_wconf 78' lang='lat' dir='ltr'>celsitudine</span> <span class='ocrx_word' id='word_1_576' title='bbox 651 2624 689 2654; x_wconf 83' lang='lat' dir='ltr'>ad</span> <span class='ocrx_word' id='word_1_577' title='bbox 715 2624 875 2665; x_wconf 67' lang='lat' dir='ltr'>premissa</span> <span class='ocrx_word' id='word_1_578' title='bbox 899 2623 1083 2653; x_wconf 81' lang='lat' dir='ltr'>mandatum</span> <span class='ocrx_word' id='word_1_579' title='bbox 1107 2622 1262 2652; x_wconf 82' lang='lat' dir='ltr'>habentes</span> <span class='ocrx_word' id='word_1_580' title='bbox 1285 2621 1323 2652; x_wconf 81' lang='lat' dir='ltr'>ad</span> <span class='ocrx_word' id='word_1_581' title='bbox 1347 2621 1459 2652; x_wconf 83' lang='lat' dir='ltr'>eadem</span> <span class='ocrx_word' id='word_1_582' title='bbox 1478 2625 1583 2652; x_wconf 86' lang='lat' dir='ltr'>vestro</span> <span class='ocrx_word' id='word_1_583' title='bbox 1599 2620 1754 2651; x_wconf 86' lang='lat' dir='ltr'>firmanda</span> <span class='ocrx_word' id='word_1_584' title='bbox 1771 2620 1897 2651; x_wconf 89' lang='lat' dir='ltr'>nominc</span> <span class='ocrx_word' id='word_1_585' title='bbox 1915 2620 1955 2650; x_wconf 84' lang='lat' dir='ltr'>ad</span> <span class='ocrx_word' id='word_1_586' title='bbox 1972 2619 2069 2662; x_wconf 87' lang='lat' dir='ltr'>ipsius</span> 
     </span>
     <span class='ocr_line' id='line_1_50' title="bbox 437 2671 2070 2718; baseline -0.003 -11"><span class='ocrx_word' id='word_1_587' title='bbox 437 2677 630 2718; x_wconf 75' lang='lat' dir='ltr'>presentiam</span> <span class='ocrx_word' id='word_1_588' title='bbox 651 2675 829 2706; x_wconf 81' lang='lat' dir='ltr'>mitteretis.</span> <span class='ocrx_word' id='word_1_589' title='bbox 856 2686 925 2705; x_wconf 86' lang='lat' dir='ltr'>cum</span> <span class='ocrx_word' id='word_1_590' title='bbox 945 2674 1111 2715; x_wconf 79' lang='lat' dir='ltr'>expediret</span> <span class='ocrx_word' id='word_1_591' title='bbox 1130 2673 1300 2704; x_wconf 79' lang='lat' dir='ltr'>admodum</span> <span class='ocrx_word' id='word_1_592' title='bbox 1326 2676 1357 2704; x_wconf 85' lang='lat' dir='ltr'>ct</span> <span class='ocrx_word' id='word_1_593' title='bbox 1378 2677 1548 2714; x_wconf 86' lang='lat' dir='ltr'>propterca</span> <span class='ocrx_word' id='word_1_594' title='bbox 1573 2683 1630 2704; x_wconf 88' lang='lat' dir='ltr'>suc</span> <span class='ocrx_word' id='word_1_595' title='bbox 1656 2672 1828 2703; x_wconf 88' lang='lat' dir='ltr'>voluntatis</span> <span class='ocrx_word' id='word_1_596' title='bbox 1847 2671 2011 2709; x_wconf 77' lang='lat' dir='ltr'>existeret,</span> <span class='ocrx_word' id='word_1_597' title='bbox 2036 2673 2070 2702; x_wconf 83' lang='lat' dir='ltr'>ut</span> 
     </span>
     <span class='ocr_line' id='line_1_51' title="bbox 437 2725 2068 2767; baseline -0.004 -8"><span class='ocrx_word' id='word_1_598' title='bbox 437 2731 494 2760; x_wconf 84' lang='lat' dir='ltr'>iter</span> <span class='ocrx_word' id='word_1_599' title='bbox 511 2728 548 2759; x_wconf 79' lang='lat' dir='ltr'>:ld</span> <span class='ocrx_word' id='word_1_600' title='bbox 566 2728 755 2759; x_wconf 84' lang='lat' dir='ltr'>veniendum</span> <span class='ocrx_word' id='word_1_601' title='bbox 775 2728 803 2757; x_wconf 87' lang='lat' dir='ltr'>in</span> <span class='ocrx_word' id='word_1_602' title='bbox 825 2727 948 2758; x_wconf 78' lang='lat' dir='ltr'>ltaliam</span> <span class='ocrx_word' id='word_1_603' title='bbox 969 2738 1029 2758; x_wconf 88' lang='lat' dir='ltr'>non</span> <span class='ocrx_word' id='word_1_604' title='bbox 1047 2726 1267 2759; x_wconf 70' lang='lat' dir='ltr'>assuinerotis,</span> <span class='ocrx_word' id='word_1_605' title='bbox 1286 2729 1317 2756; x_wconf 89' lang='lat' dir='ltr'>et</span> <span class='ocrx_word' id='word_1_606' title='bbox 1335 2725 1360 2756; x_wconf 85' lang='lat' dir='ltr'>si</span> <span class='ocrx_word' id='word_1_607' title='bbox 1379 2725 1636 2767; x_wconf 67' lang='lat' dir='ltr'>assumpscratis,</span> <span class='ocrx_word' id='word_1_608' title='bbox 1653 2734 1853 2766; x_wconf 87' lang='lat' dir='ltr'>nequaquam</span> <span class='ocrx_word' id='word_1_609' title='bbox 1869 2726 2068 2766; x_wconf 88' lang='lat' dir='ltr'>assumptum</span> 
     </span>
    </p>
   </div>
   <div class='ocr_carea' id='block_1_6' title="bbox 2090 664 2112 681">
    <p class='ocr_par' dir='ltr' id='par_1_6' title="bbox 2090 664 2112 681">
     <span class='ocr_line' id='line_1_52' title="bbox 2090 664 2112 681; baseline 0 0"><span class='ocrx_word' id='word_1_610' title='bbox 2090 664 2112 681; x_wconf 80' lang='lat' dir='ltr'>iu</span> 
     </span>
    </p>
   </div>
   <div class='ocr_carea' id='block_1_7' title="bbox 2092 924 2113 942">
    <p class='ocr_par' dir='ltr' id='par_1_7' title="bbox 2092 924 2113 942">
     <span class='ocr_line' id='line_1_53' title="bbox 2092 924 2113 942; baseline -0.048 0"><span class='ocrx_word' id='word_1_611' title='bbox 2092 924 2113 942; x_wconf 80' lang='lat'>15</span> 
     </span>
    </p>
   </div>
   <div class='ocr_carea' id='block_1_8' title="bbox 2092 1182 2116 1200">
    <p class='ocr_par' dir='ltr' id='par_1_8' title="bbox 2092 1182 2116 1200">
     <span class='ocr_line' id='line_1_54' title="bbox 2092 1182 2116 1200; baseline 0 0"><span class='ocrx_word' id='word_1_612' title='bbox 2092 1182 2116 1200; x_wconf 75' lang='lat'>20</span> 
     </span>
    </p>
   </div>
   <div class='ocr_carea' id='block_1_9' title="bbox 2094 1698 2117 1715">
    <p class='ocr_par' dir='ltr' id='par_1_9' title="bbox 2094 1698 2117 1715">
     <span class='ocr_line' id='line_1_55' title="bbox 2094 1698 2117 1715; baseline 0.043 -1"><span class='ocrx_word' id='word_1_613' title='bbox 2094 1698 2117 1715; x_wconf 70' lang='lat'>:30</span> 
     </span>
    </p>
   </div>
   <div class='ocr_carea' id='block_1_10' title="bbox 2096 1955 2118 1974">
    <p class='ocr_par' dir='ltr' id='par_1_10' title="bbox 2096 1955 2118 1974">
     <span class='ocr_line' id='line_1_56' title="bbox 2096 1955 2118 1974; baseline -0.045 0"><span class='ocrx_word' id='word_1_614' title='bbox 2096 1955 2118 1974; x_wconf 80' lang='lat'>35</span> 
     </span>
    </p>
   </div>
   <div class='ocr_carea' id='block_1_11' title="bbox 2095 2215 2119 2234">
    <p class='ocr_par' dir='ltr' id='par_1_11' title="bbox 2095 2215 2119 2234">
     <span class='ocr_line' id='line_1_57' title="bbox 2095 2215 2119 2234; baseline -0.042 0"><span class='ocrx_word' id='word_1_615' title='bbox 2095 2215 2119 2234; x_wconf 75' lang='lat'>40</span> 
     </span>
    </p>
   </div>
   <div class='ocr_carea' id='block_1_12' title="bbox 2096 2475 2118 2495">
    <p class='ocr_par' dir='ltr' id='par_1_12' title="bbox 2096 2475 2118 2495">
     <span class='ocr_line' id='line_1_58' title="bbox 2096 2475 2118 2495; baseline -0.091 0"><span class='ocrx_word' id='word_1_616' title='bbox 2096 2475 2118 2495; x_wconf 76' lang='lat'>45</span> 
     </span>
    </p>
   </div>
   <div class='ocr_carea' id='block_1_13' title="bbox 2096 2735 2119 2757">
    <p class='ocr_par' dir='ltr' id='par_1_13' title="bbox 2096 2735 2119 2757">
     <span class='ocr_line' id='line_1_59' title="bbox 2096 2735 2119 2757; baseline 0 0"><span class='ocrx_word' id='word_1_617' title='bbox 2096 2735 2119 2757; x_wconf 67' lang='lat'>⁵0</span> 
     </span>
    </p>
   </div>
   <div class='ocr_carea' id='block_1_14' title="bbox 2204 0 2259 2480">
    <p class='ocr_par' dir='ltr' id='par_1_14' title="bbox 2204 0 2259 2480">
     <span class='ocr_line' id='line_1_60' title="bbox 2204 0 2259 2480; baseline 0 0"><span class='ocrx_word' id='word_1_618' title='bbox 2204 0 2259 2480; x_wconf 95' lang='lat' dir='ltr'> </span> 
     </span>
    </p>
   </div>
  </div>
 </body>
</html>
