2259 3116
327 228 357 241 111.
374 223 411 242 246

359 633 412 652 ibid

367 666 370 670 .
394 661 404 672 sl

365 1253 415 1273 ibid.

363 1286 382 1299 c.
399 1283 415 1300 l.

334 1367 364 1381 nr.
379 1363 416 1381 247

351 1393 368 1406 c⁴
385 1390 403 1407 1.

336 1574 366 1586 111,
382 1569 418 1587 245

352 1600 362 1611 Γ

337 1933 368 1947 nr.
384 1929 418 1947 ⁴:27

339 1986 368 1998 111.
386 1968 421 1999 2:1⁴³

342 2406 372 2419 nr.
389 2402 424 2419 2⁴1*

342 2555 372 2568 111.
389 2552 424 2569 ‘lu

356 2581 366 2592 t·

435 147 495 176 226
809 144 965 170 RUDOLFI
986 144 1090 170 REGIS
1110 144 1431 171 CONSTITUTIONES.
1469 144 1542 170 1279.
1579 144 1625 169 Nr.
1639 143 1697 170 237.

546 235 570 262 1.
597 234 645 270 (1.)
671 232 708 262 In
727 232 838 273 primis
864 231 970 272 agitur
988 231 1072 272 quod
1099 242 1156 262 rex
1174 232 1345 262 Alamanie
1365 232 1529 262 confirmet
1553 233 1585 262 et
1608 230 1647 261 de
1665 240 1746 261 novo
1765 230 1863 262 donet
1880 232 1948 273 regi
1965 231 2071 264 Sicilie

435 284 474 315 ad
500 284 597 314 vitam
622 294 722 322 suam⁷
751 284 776 314 si
801 287 924 314 tantum
948 283 1094 322 voluerit,
1118 283 1323 325 infrascripta
1347 283 1513 324 possidere
1543 285 1575 313 et
1605 282 1779 313 heredibus
1809 283 1890 321 suis,
1921 283 1974 324 qui
1997 295 2070 325 pro-

436 337 605 367 cesserunt
636 334 675 365 de
704 335 773 376 ipso
804 338 836 365 et
868 335 978 376 regina
1001 334 1166 373 Beatriee,
1200 335 1275 365 olim
1307 337 1454 365 consorte
1487 345 1562 368 sua,
1594 337 1625 365 et
1657 334 1803 365 omnibus
1833 334 2007 366 heredibus
2040 339 2072 367 et

437 387 680 418 successoribus
704 397 814 417 eorum
839 386 869 416 in
888 390 1081 428 perpetuum
1105 387 1292 417 comitatum
1317 390 1349 417 et
1372 386 1628 417 marchionatum
1645 385 1812 418 Provincie
1831 389 1863 418 et
1879 386 2072 419 Folkakerie

436 449 506 470 cun]
532 438 679 470 omnibus
704 438 978 469 iurisdictionibus
1003 441 1034 469 et
1062 438 1185 469 iuribus
1211 442 1243 469 et
1267 449 1339 469 cum
1363 439 1512 469 omnibus
1536 438 1740 480 pertinentiis
1765 448 1876 469 eorum
1902 442 1933 470 et
1957 440 2072 479 omnia,

436 502 497 532 que
538 491 747 532 imperatores
785 490 921 521 Romani
952 490 1025 521 olim
1062 501 1119 531 per
1151 500 1262 521 eorum
1292 491 1461 532 privilegia
1494 490 1695 521 donaverunt
1724 489 1851 521 domino
1881 490 2072 532 Raymundo

435 543 634 584 Berengario
669 542 829 584 quondam
865 542 972 573 comiti
1001 546 1032 573 et
1070 542 1246 573 marchioni
1277 542 1444 573 Provincie
1473 545 1504 573 et
1534 542 1642 573 comiti
1672 541 1866 574 Folkakerie
1898 545 1930 574 et
1958 543 2072 585 prede-

437 595 620 626 cessoribus
646 595 726 626 eius.

545 648 573 677 2.
598 649 650 686 (2.)
676 646 848 677 Promittat
872 657 997 688 quoque
1023 646 1107 677 idem
1132 657 1190 677 rex
1214 646 1403 683 Alamanie,
1428 657 1461 677 se
1487 656 1544 687 per
1568 656 1618 684 se,
1648 646 1745 677 alium
1771 657 1828 677 seu
1852 647 1931 678 alios
1954 647 2074 678 nullam

438 699 654 738 donationem,
679 698 962 735 confirmationem,
989 698 1222 737 investituram,
1248 698 1490 729 concessionem
1508 698 1559 729 vel
1584 701 1785 729 contractum
1809 699 1924 730 fecisse
1940 702 1995 730 aut
2018 699 2074 730 ali-

437 751 511 793 quid
544 761 615 781 cum
645 751 758 791 regina
781 750 914 781 Francie
944 751 995 782 vel
1025 751 1093 781 eius
1124 750 1387 792 procuratoribus
1418 750 1468 781 vel
1504 750 1624 781 nuntiis
1648 754 1703 781 aut
1726 751 1798 781 aliis
1823 751 2073 793 quibuscumque

438 803 584 844 personis
617 802 847 833 ecclesiasticis
879 802 931 833 vel
964 802 1177 839 secularibus,
1220 813 1278 843 per
1309 813 1370 843 que
1406 801 1589 832 huiusmodi
1627 801 1825 833 confirmatio
1864 805 1895 834 et
1925 802 1964 833 de
1992 813 2074 833 novo

438 855 566 885 donatio
591 855 658 885 sive
690 854 853 885 concessio
879 857 933 884 aut
956 853 1087 894 aliquid,
1113 853 1196 894 quod
1222 854 1252 884 in
1277 854 1336 884 isto
1362 853 1497 884 articulo
1523 854 1714 893 continetur,
1744 854 1864 886 habere
1889 865 1950 885 non
1975 854 2076 896 possit

438 907 488 937 vel
525 917 588 937 non
618 906 734 937 debeat
771 906 953 936 firmitatem
978 906 1028 936 vel
1059 916 1117 947 per
1149 916 1211 946 que
1247 905 1497 943 confirmationi,
1529 905 1692 936 donationi
1722 909 1754 937 et
1778 906 1978 937 concessioni
2001 917 2074 948 pre-

437 957 529 987 dictis
553 967 590 988 116
613 957 690 996 hiis,
715 967 776 998 (1116
801 957 832 987 in
857 957 1039 988 huiusmodi
1068 957 1210 988 articulis
1233 957 1452 996 continentur,
1477 957 1607 998 aliquod
1632 957 1739 989 afferri
1760 958 1863 999 possit
1886 958 1936 989 vel
1960 957 2076 989 debeat

438 1012 666 1040 nocumentum
691 1019 747 1040 seu
771 1009 986 1050 predictarum
1012 1009 1280 1047 confirmationis,
1306 1009 1500 1048 donationis,
1526 1009 1742 1040 concessionis
1767 1010 1818 1040 vel
1841 1010 1976 1041 aliorum
2000 1021 2074 1042 con-

439 1063 599 1091 tentorum
624 1062 654 1091 in
678 1061 811 1092 articulo
836 1062 971 1092 effectus
995 1061 1197 1103 aliquatenus
1222 1061 1381 1103 impediri.

548 1114 576 1144 3.
601 1115 654 1152 (3.)
684 1113 722 1143 111
752 1114 811 1144 isto
842 1114 944 1155 primo
975 1114 1125 1147 articulo,
1154 1114 1208 1144 ubi
1237 1114 1344 1154 agitur
1367 1113 1450 1154 qued
1481 1114 1548 1155 regi
1583 1113 1690 1145 Sicilie
1720 1114 1759 1145 ad
1789 1114 1886 1145 vitam
1920 1124 2027 1153 suam,
2051 1114 2076 1145 si

441 1168 564 1195 tuntum
589 1165 741 1205 voluerit,
773 1166 998 1196 confirmentur
1029 1169 1061 1196 et
1086 1165 1125 1196 de
1150 1176 1232 1196 novo
1258 1165 1420 1196 donentur
1443 1165 1604 1206 predicta,
1630 1166 1755 1196 videtur
1778 1166 1980 1197 necessarius
2004 1176 2075 1197 esse

443 1227 619 1248 consensus
644 1217 805 1258 principis,
830 1227 901 1247 cum
926 1217 995 1258 ipse
1021 1218 1170 1258 princeps
1195 1217 1341 1248 videatur
1365 1218 1396 1247 in
1422 1218 1469 1248 cis
1493 1217 1689 1249 hereditario
1712 1218 1782 1249 iure
1807 1217 1992 1249 succedere.

547 1271 575 1299 4.
601 1271 654 1307 (4.)
680 1268 760 1299 Item
786 1269 1017 1299 attendendum
1048 1272 1099 1299 est
1130 1270 1161 1300 in
1191 1269 1304 1300 eodem
1336 1269 1486 1308 articulo7
1517 1269 1543 1300 si
1577 1270 1817 1301 marchionatus
1846 1273 1879 1301 et
1907 1270 2075 1301 comitatus

442 1321 610 1351 Provincie
635 1324 818 1362 supponant
842 1321 927 1352 idem
952 1322 1003 1352 vel
1027 1321 1196 1352 diversum.

548 1375 576 1404 5.
602 1375 654 1411 (5.)
679 1372 761 1404 Item
790 1372 915 1403 videtur
943 1373 1028 1414 quod
1072 1373 1096 1403 si
1125 1373 1271 1414 predicta
1303 1373 1478 1415 procedant
1509 1384 1566 1415 per
1589 1384 1697 1415 regem
1721 1373 1906 1412 Alamanie,
1938 1374 1993 1404 fiat
2015 1384 2078 1404 una

442 1425 549 1455 littera
575 1435 632 1466 per
656 1434 699 1463 sc,
724 1425 754 1455 in
779 1435 842 1465 qua
866 1428 1018 1456 caveatur
1041 1426 1153 1466 regine
1177 1425 1322 1463 Francie,
1347 1426 1430 1466 quod
1456 1436 1514 1467 per
1537 1436 1585 1465 ea,
1610 1436 1671 1467 quc
1696 1425 1773 1456 fient
1796 1426 1857 1467 ipsi
1880 1426 1947 1467 regi
1971 1425 2077 1456 Sicilie

442 1479 473 1507 et
496 1476 669 1507 heredibus
694 1476 760 1507 suis
785 1477 816 1506 in
841 1476 991 1518 predictis
1017 1477 1230 1516 comitatibus,
1256 1478 1377 1508 nullum
1403 1477 1616 1519 preiudicium
1634 1481 1807 1519 generetur
1830 1478 1890 1519 ipsi
1914 1478 2023 1519 regine
2046 1477 2077 1508 in

446 1528 522 1565 iure,
549 1528 575 1558 si
599 1527 673 1569 quid
698 1528 730 1558 in
754 1528 875 1559 eisdem
901 1529 1105 1560 comitatibus
1130 1530 1300 1561 obtineret.

550 1581 577 1611 6,
603 1581 644 1617 (in
668 1581 703 1618 5.)
728 1579 800 1610 Fiat
824 1584 856 1611 et
882 1581 944 1611 alia
969 1581 1076 1612 littera
1100 1582 1168 1623 regi
1194 1582 1302 1613 Sicilie
1326 1593 1384 1624 per
1412 1592 1519 1624 regem
1544 1581 1767 1621 Alaniannie‘*,
1791 1581 1822 1612 in
1846 1592 1909 1622 qua
1930 1581 1999 1622 ipse
2023 1591 2080 1612 rex

442 1630 632 1661 Alanianic‘’
665 1632 844 1672 promittat,
874 1632 1032 1671 declaret,
1065 1633 1206 1669 ordinet,
1237 1633 1390 1664 decernat
1422 1638 1453 1665 et
1484 1636 1604 1665 statuat
1640 1633 1734 1664 etad
1758 1633 1819 1664 1106
1842 1643 1876 1664 se
1901 1631 2081 1674 specialiter

441 1682 564 1723 obliget
588 1686 619 1713 et
645 1694 815 1723 expresse,
849 1694 883 1714 se
915 1684 1073 1715 facturum
1109 1688 1141 1715 et
1165 1689 1359 1719 curaturum,
1385 1685 1469 1727 quod
1493 1696 1550 1727 per
1574 1696 1626 1724 ca,
1657 1696 1718 1726 que
1742 1685 1828 1716 sacta
1852 1687 1925 1715 sunt
1947 1684 1986 1715 ab
2011 1684 2079 1725 ipso

443 1735 552 1775 regine
570 1734 706 1765 Francie
725 1736 775 1765 vel
800 1745 861 1776 (1116
886 1736 963 1766 fient
987 1746 1043 1777 per
1066 1737 1191 1768 litteras
1214 1737 1385 1778 predictas,
1410 1737 1531 1768 nullum
1557 1737 1685 1768 omnino
1708 1736 1917 1778 preiudicium
1941 1736 1996 1767 flat
2019 1735 2079 1777 ipsi

443 1786 511 1826 regi
530 1785 636 1817 Sicilie
656 1790 687 1817 et
710 1787 881 1818 heredibus
906 1788 971 1818 suis
988 1789 1039 1819 vel
1056 1789 1107 1819 inc
1132 1789 1201 1819 iure
1226 1789 1391 1830 preterito,
1415 1789 1498 1830 quod
1515 1788 1636 1820 eisdem
1654 1789 1685 1819 in
1701 1788 1853 1830 predictis
1878 1787 2079 1819 comitatibus

445 1837 648 1878 competebat
677 1849 734 1869 seu
759 1839 923 1880 competit,
948 1840 1000 1870 vel
1025 1840 1055 1870 in
1081 1840 1319 1872 confirmatione
1345 1844 1377 1871 et
1401 1842 1608 1872 concessione
1633 1840 1787 1882 predictis
1811 1850 1871 1882 que
1891 1840 1978 1879 fient,
2000 1839 2080 1870 sicut

444 1889 475 1919 111
500 1889 632 1919 articulo
658 1890 848 1922 continetur.

554 1942 581 1972 7.
606 1944 646 1979 (in
672 1948 710 1975 11.)
735 1942 777 1972 Et
800 1942 937 1974 addatur
961 1943 992 1973 in
1017 1943 1124 1974 littera
1148 1944 1233 1985 regis
1251 1944 1467 1976 Alamannieb
1492 1944 1575 1986 quod
1599 1945 1757 1986 sequitur:
1784 1943 1874 1975 ‘Cum
1898 1954 1956 1974 rex
1973 1942 2079 1974 Sicilie

394 2009 406 2024 ·.
447 2004 503 2023 nos
534 1994 749 2034 requisiverit,
791 1998 826 2025 ut
856 1995 885 2025 in
915 1996 1117 2036 possessione
1148 1995 1304 2027 dictorum
1335 1997 1558 2034 comitatuum,
1588 2007 1667 2038 quos
1698 1999 1787 2028 tenet
1815 1999 1847 2027 et
1874 1994 2017 2037 possidet
2042 2003 2079 2025 ac

447 2044 542 2084 longo
568 2050 711 2086 tempore
737 2046 867 2087 pacifice
892 2047 993 2077 tenuit
1017 2050 1049 2077 et
1073 2047 1233 2088 possedit,
1259 2047 1380 2078 turbari
1404 2059 1465 2079 non
1491 2049 1713 2090 permittamus
1738 2047 1891 2085 eundem,
1914 2045 2079 2089 presertim

446 2106 516 2126 cum
546 2101 676 2137 paratus
711 2098 751 2128 sit
780 2102 811 2128 et
842 2109 876 2129 se
910 2098 1024 2129 oti'erat
1053 2098 1157 2129 cidem
1189 2100 1299 2140 regine
1328 2100 1359 2129 in
1388 2102 1497 2130 nostra
1526 2101 1615 2130 curia
1649 2100 1687 2131 (le
1717 2099 1844 2130 iusticia
1873 2097 2076 2140 respondere,

446 2159 502 2179 nos
534 2149 585 2189 qui
617 2149 797 2179 huiusmodi
830 2150 1016 2191 petitionem
1047 2150 1122 2180 dicti
1166 2152 1249 2191 regis
1283 2154 1394 2193 utpote
1426 2152 1484 2182 iuri
1521 2162 1693 2183 consonam
1730 2162 1790 2182 non
1820 2150 1987 2181 admittere
2020 2159 2077 2180 nec

445 2211 613 2241 possumus
639 2212 697 2231 uec
722 2201 885 2240 debemus,
912 2202 1056 2232 volumus
1081 2205 1113 2232 ct
1136 2203 1334 2243 presentium
1353 2206 1464 2234 tenore
1482 2203 1682 2234 decernimus
1701 2206 1732 2234 et
1750 2203 1845 2234 etiam
1863 2200 2077 2243 prohibemus,

446 2252 530 2292 quod
556 2252 699 2293 predicta
724 2253 835 2293 regina
859 2264 916 2294 per
941 2264 975 2283 se
1000 2254 1051 2283 vcl
1076 2265 1133 2295 per
1157 2254 1235 2285 alios
1260 2265 1369 2295 regem
1388 2254 1497 2286 Sicilie
1516 2256 1566 2286 vel
1584 2255 1721 2287 heredes
1740 2265 1813 2286 suos
1828 2254 1859 2285 in
1875 2252 2076 2295 possessione

448 2304 663 2344 predictorum
689 2306 897 2335 comitatuum
923 2306 1127 2346 aliquatenus
1152 2317 1212 2336 non
1238 2306 1415 2348 perturbet,
1441 2311 1490 2338 set
1514 2308 1573 2345 ius,
1607 2308 1631 2338 si
1656 2307 1740 2349 quod
1764 2307 1795 2337 in
1820 2306 1896 2347 ipsis
1920 2303 2076 2336 comitati-

447 2356 504 2386 bus
531 2356 648 2386 babere
672 2368 706 2386 so
733 2357 843 2391 eredit,
871 2358 900 2387 in
926 2361 1033 2387 nostra
1058 2358 1144 2388 curia
1169 2359 1194 2388 si
1220 2358 1357 2389 voluerit
1381 2358 1612 2400 p1·osequatur.'

554 2408 582 2438 8.
608 2410 660 2445 (13.)
685 2408 766 2438 111-111
792 2409 845 2438 liat
870 2409 982 2439 similis
1008 2409 1129 2440 littera.
1156 2410 1186 2439 in
1212 2421 1273 2450 qua
1297 2415 1450 2441 caveatur
1474 2411 1621 2441 ecclesiis
1655 2411 1781 2441 illarum
1812 2409 1964 2451 partium,
1995 2405 2077 2448 quod

448 2470 505 2500 111-1
530 2470 577 2497 (321,
602 2469 662 2499 que
687 2460 763 2489 fient
789 2470 845 2500 1161·
869 2459 1058 2490 donationes
1077 2461 1126 2491 vel
1145 2461 1370 2492 concessiones
1388 2462 1564 2493 eorundum
1582 2463 1804 2501 comitatuum,
1829 2461 1950 2491 nullum
1973 2458 2076 2501 preiu-

448 2510 564 2540 dicium
590 2511 643 2540 fiat
667 2511 723 2542 eis.

555 2566 583 2594 Ε).
608 2568 662 2601 (7.)
696 2563 773 2593 Item
807 2564 889 2604 quod
922 2575 977 2605 pro
1007 2565 1144 2595 servitiis
1176 2565 1294 2596 debitis
1324 2566 1479 2597 hactenus
1513 2565 1757 2608 imperatoribus
1788 2564 1839 2596 vel
1863 2562 1991 2605 regibus
2013 2561 2075 2592 Ro-

450 2626 614 2645 manorum
646 2626 704 2645 non
737 2616 875 2656 prestitis
900 2617 949 2646 161
974 2627 1029 2656 pro
1054 2627 1150 2647 censu
1176 2617 1331 2647 hacteuus
1355 2618 1476 2648 eisdem
1502 2618 1610 2648 debito
1635 2628 1697 2648 non
1726 2617 1830 2647 soluto
1866 2625 1922 2657 pro
1947 2613 2073 2656 quibus-

449 2677 583 2708 cumque
610 2667 765 2697 hactenus
792 2668 882 2697 factis
909 2668 956 2698 vcl
982 2669 1108 2698 omissis
1128 2672 1237 2699 contra
1257 2669 1466 2710 imperatores
1485 2669 1534 2700 vel
1553 2680 1647 2710 reges
1664 2669 1881 2700 Romanorum
1899 2676 1955 2708 per
1970 2673 2075 2706 regem

550 2770 614 2797 237.
635 2772 657 2801 n)
678 2771 809 2795 Alaunium
829 2780 847 2796 c.
941 2771 964 2795 Μ
985 2773 1093 2796 ,11111113ιί
1114 2774 1168 2804 scre
1188 2781 1284 2804 semper
1303 2782 1322 2797 c.
1411 2778 1433 2805 ὃ)
1453 2782 1533 2806 supra
1552 2775 1643 2799 lineum
1663 2774 1725 2799 add.
1744 2783 1764 2798 c.

2102 712 2124 730 10

2102 970 2124 989 15

2103 1233 2126 1253 20

2103 1492 2125 1511 25

2103 1751 2127 1771 ³0

2104 2008 2126 2027 ³5

2103 2266 2126 2284 ⁴⁰

2101 2521 2124 2541 ⁴5
2168 2533 2175 2555 ι.
