2259 3116
432 126 470 156 72
790 122 946 150 RUDOLFI
967 122 1072 148 REGIS
1092 121 1414 148 CONSTITUTIONES.
1452 120 1526 147 1275.
1563 120 1610 145 Nr.
1622 120 1664 146 83.
1677 119 1719 146 84.

431 211 490 241 hoc
516 211 563 242 cis
591 213 774 251 competere
799 220 839 241 ex
865 210 1010 251 antiquo,
1042 210 1192 251 idemque
1223 212 1333 240 noster
1356 209 1439 239 filius
1464 208 1500 239 L.
1525 218 1630 238 coram
1657 207 1747 237 nobis
1773 207 1959 248 cunctisque
1983 207 2070 248 prin-

435 263 574 304 cipibus,
598 263 747 304 prelatis,
772 261 959 299 baronibus,
985 262 1139 293 militibus
1165 266 1197 293 et
1220 262 1371 292 universo
1395 261 1530 302 popu10.
1555 260 1607 301 qui
1633 259 1738 290 eidem
1762 259 1848 289 curie
1874 258 2071 298 assidebant,

431 315 538 345 extitit
566 313 693 355 publice
723 316 936 355 protestatus,
967 313 1049 354 quod
1075 313 1237 355 predictus
1266 313 1331 343 dux
1356 312 1399 344 H.
1431 312 1528 342 frater
1556 312 1656 353 ipsius
1688 311 1763 341 olim
1796 310 1946 341 electioni
1970 310 2072 341 incliti

429 366 582 397 Richardi
610 365 859 406 Romanor(um)
892 366 977 406 regis
1012 366 1112 396 nostri
1148 365 1386 406 predecessoris
1422 374 1485 394 una
1517 373 1588 394 cum
1623 363 1693 404 ipso
1726 362 1967 404 presentialiter
1999 373 2071 393 cum

431 418 545 449 ceteris
576 417 776 459 principibus
805 417 1039 447 coelectoribus
1070 417 1216 447 interfuit
1245 421 1276 447 et
1308 417 1339 447 in
1369 426 1440 446 eum
1472 419 1606 455 uterque
1637 414 1755 445 direxit
1787 415 1936 455 legaliter
1964 417 2070 445 votum

432 481 534 506 suum,
561 469 698 500 eundem
724 469 754 499 in
780 469 997 499 Romanorum
1024 479 1133 508 regem
1157 480 1220 499 una
1245 479 1315 499 cum
1340 468 1412 498 aliis
1431 466 1690 508 conprincipibus
1715 467 1764 496 ius
1789 466 1821 496 in
1845 466 1905 496 hoc
1923 466 2071 497 habenti-

430 522 489 552 bus
520 521 678 561 eligendo.
768 516 1000 551 Deindevero
1037 521 1203 551 electionis
1233 524 1375 561 tempore
1410 519 1493 561 apud
1528 518 1797 549 Franchenfurtte
1831 518 1871 549 de
1912 518 2003 548 nobis
2033 518 2072 548 ab

430 573 577 604 omnibus
601 572 800 614 prinpribus
825 573 875 603 ius
901 573 931 602 iu
957 572 1117 603 electione
1144 572 1338 602 habentibus
1363 570 1566 602 concorditer
1596 570 1775 607 celebrate,
1806 580 1864 611 per
1887 570 2016 600 nuntios
2042 573 2074 601 et

430 628 652 667 procuratores
677 623 825 655 eiusdem
854 623 944 654 ducis
970 623 1023 657 H..
1048 623 1198 654 videlicet
1215 623 1402 654 Heinricum
1428 623 1628 664 prepositum
1647 611 1858 663 Otingeusem
1889 625 1922 653 et
1952 621 2071 652 Fridri-

433 687 502 707 cum
529 679 685 707 rectorem
704 676 842 706 ecclesie
867 675 904 706 de
922 673 1081 707 Lantshfit
1104 676 1204 717 ipsius
1230 675 1409 706 absentiam
1428 678 1557 717 propter
1573 674 1806 716 impedimenta
1823 674 1967 715 legitima
1991 674 2070 715 legi-

431 729 507 759 time
532 732 743 767 excusantes,
774 731 925 769 presente
951 728 1128 758 venerabili
1160 727 1336 758 Bcrhtoldo
1366 727 1633 768 Babcnbergensi
1663 727 1831 768 episcopo,
1865 729 2074 768 procuratore

432 779 568 822 predicti
592 780 677 821 regis
702 780 870 813 Bohemie,
896 782 928 810 et
945 779 1185 810 contradicente
1211 778 1339 820 quidem
1366 779 1443 820 ipsis
1462 779 1730 820 procuratoribus,
1756 781 1805 808 set
1830 778 1930 819 ipsius
1947 780 2073 808 contra-

431 833 569 863 dictione
598 843 616 862 a
647 832 845 874 principibus
875 831 1073 862 electoribus
1109 831 1257 861 omnibus
1290 834 1354 861 tam
1389 831 1619 861 ecclesiasticis
1651 841 1745 872 quam
1777 829 1977 860 secularibus
2012 839 2076 860 non

432 884 587 917 admissa.
617 884 647 914 in
677 884 796 915 dictum
828 884 864 915 L.
896 884 1044 914 comitem
1076 883 1257 914 Palatinum
1282 887 1426 914 nostrum
1458 883 1558 914 filium
1588 894 1651 914 una
1682 893 1751 913 cum
1783 883 1854 913 aliis
1878 881 2075 923 principibus

432 936 589 976 omnibus,
615 936 666 978 qui
691 937 721 967 in
746 947 805 967 nos
831 936 1015 966 direxerant
1040 946 1097 966 sua
1115 938 1198 971 vota,
1224 939 1319 977 prout
1344 936 1487 966 iamdicti
1505 938 1733 977 procuratores
1758 935 1789 965 in
1808 934 1968 965 mandatis
1986 943 2074 965 rece-

433 991 559 1030 perant,
585 988 787 1019 concorditer
810 988 918 1018 extitit
943 988 1210 1029 conpromissum.
1257 986 1318 1022 Qui
1351 988 1558 1018 commissum
1582 986 1764 1018 huiusmodi
1794 987 1825 1017 in
1856 996 1889 1017 se
1914 986 2075 1027 recipiens

433 1051 489 1071 suo
516 1044 548 1071 et
572 1040 647 1071 dicti
672 1040 713 1071 H.
739 1039 828 1070 ducis
852 1040 958 1070 fratris
984 1040 1032 1070 sui
1059 1050 1096 1069 ae
1121 1040 1260 1070 omnium
1287 1040 1422 1070 aliorum
1447 1040 1627 1081 principum
1651 1039 1700 1070 ius
1725 1039 1755 1069 in
1775 1038 1934 1069 electione
1952 1037 2075 1068 haben-

432 1092 515 1122 cium
540 1092 730 1122 auctoritate
756 1094 787 1121 et
819 1092 945 1122 nomine
978 1091 1009 1121 in
1040 1091 1261 1121 Romanorum
1295 1102 1404 1131 regem
1440 1091 1664 1132 sollempniter
1699 1101 1755 1121 nos
1792 1090 1904 1131 elegit,
1943 1089 2075 1120 vocibus

433 1143 607 1174 eorundem
632 1143 765 1173 fratrum
791 1143 906 1173 ducum
926 1143 1073 1174 Bawarie
1099 1144 1253 1174 comitum
1278 1143 1491 1184 palatinorum
1509 1143 1593 1174 Reui
1617 1143 1745 1174 racione
1770 1142 1905 1173 ducatus
1930 1152 1986 1183 pro
2011 1152 2075 1172 una

434 1196 467 1226 in
493 1198 619 1236 septem
636 1195 816 1237 principum
842 1195 889 1225 ius
915 1196 945 1225 in
964 1195 1122 1225 electione
1149 1195 1234 1236 regis
1252 1195 1502 1236 Rom(anorum)
1519 1195 1714 1226 habencium
1733 1204 1866 1225 numero
1888 1193 2073 1235 conputatis
2103 1208 2113 1226 ε»

432 1250 526 1289 prout
550 1246 652 1277 eciam
677 1246 708 1276 iu
733 1246 878 1287 predicta
903 1247 990 1277 curia
1014 1247 1215 1287 Augustensi
1241 1247 1312 1277 vive
1338 1250 1445 1277 nostre
1464 1247 1549 1277 vocis
1574 1247 1700 1288 eloquio
1724 1246 1852 1287 utrique
1878 1246 2020 1287 ipsorum
2044 1245 2075 1276 in

433 1299 601 1341 presencia
625 1298 806 1328 nuntiorum
832 1298 949 1339 prefati
974 1299 1059 1339 regis
1084 1298 1250 1333 Bohemie,
1276 1298 1427 1329 videlicet
1452 1298 1629 1329 venerabili
1653 1297 1857 1328 XVernhardo
1883 1297 2076 1328 Sekoviensi

434 1351 597 1393 episcopo,
621 1350 774 1390 magistro
799 1350 951 1381 Heinrico
976 1351 1141 1392 preposito
1169 1350 1339 1381 Werdensi
1366 1350 1626 1381 commendatore
1657 1350 1771 1381 domus
1796 1349 1997 1380 Theutonice
2020 1359 2077 1391 per

434 1403 598 1433 Austriam
631 1406 662 1432 et
687 1401 828 1443 Wlfingo
859 1402 1013 1443 magistro
1038 1401 1216 1443 Hospitalis
1251 1402 1353 1432 sancti
1383 1401 1533 1433 Iohannis
1567 1402 1605 1433 de
1622 1401 1840 1443 Mevrperge,
1871 1412 1907 1432 ac
1935 1401 2075 1432 omnium

434 1454 551 1485 ibidem
576 1454 773 1495 presentium
799 1453 989 1495 principum,
1021 1454 1219 1494 prelatorum
1245 1465 1281 1484 ac
1305 1454 1461 1484 baronum
1486 1454 1733 1494 recognovimus
1758 1457 1789 1484 et
1813 1453 2075 1495 recognoscimus
2104 1468 2114 1486 ε’

435 1506 616 1537 manifeste.
705 1505 740 1536 In
766 1506 857 1536 cuius
883 1506 927 1535 rei
953 1506 1170 1536 testimonium
1201 1508 1233 1536 et
1256 1516 1430 1547 perennem
1456 1506 1640 1537 memoriam
1664 1505 1880 1547 predictorum
1905 1508 2075 1547 presentes

434 1558 480 1588 eis
505 1558 629 1588 litteras
655 1557 848 1588 donavimus
874 1561 981 1587 nostro
1006 1558 1107 1598 regali
1132 1558 1237 1598 sigillo
1256 1568 1380 1588 necnon
1406 1558 1661 1600 subscriptorum
1680 1558 1809 1589 testium
1835 1558 1947 1598 sigillis
1971 1557 2075 1588 muni—

433 1613 490 1640 tas.
529 1609 590 1644 Qui
617 1613 690 1640 sunt
715 1609 938 1640 Hartmannus
964 1610 1202 1650 Augustensis”
1228 1610 1412 1651 episcopus,
1438 1610 1650 1651 Hiltprandus
1674 1609 1878 1647 Eistetensis,
1904 1609 2076 1640 Heinricus

431 1661 638 1692 Tridentinus
663 1661 822 1703 episcopi,
852 1686 857 1691 .
885 1687 890 1692 .
917 1661 955 1692 dc
982 1661 1101 1692 Sancto
1128 1661 1239 1701 Gallo,
1272 1661 1310 1692 de
1335 1662 1451 1703 Augca
1485 1662 1636 1699 abbates,
1670 1661 1833 1692 Rudolfus
1863 1660 2076 1692 cancellarius

433 1717 554 1743 noster.
601 1713 650 1743 Ex
686 1713 786 1754 laycis
819 1724 893 1744 vero
930 1713 1012 1743 tilius
1042 1716 1151 1744 noster
1180 1713 1353 1743 Lodwicus
1384 1724 1492 1744 comcs
1522 1714 1684 1755 palatinus
1708 1714 1792 1744 Reni
1824 1713 1889 1743 dux
1919 1713 2076 1749 Bawarie,

432 1765 613 1806 Pliylippus
656 1765 721 1795 dux
758 1764 945 1801 Karinthie,
982 1764 1191 1796 Meiuhardus
1229 1775 1336 1795 comcs
1376 1765 1582 1806 TyrolensiS,
1618 1765 1782 1796 Fridricus
1818 1764 2009 1805 burgravius
2038 1763 2077 1795 de

433 1816 664 1863 Niircnberch,
697 1817 870 1847 Heinricus
905 1817 1048 1847 marchio
1081 1817 1120 1848 de
1145 1817 1322 1858 Burgawe,
1355 1817 1483 1848 Ulricus
1514 1817 1554 1849 de
1580 1817 1811 1852 Haelfenstein,
1842 1816 2013 1847 Lodwicus
2037 1815 2077 1847 de

435 1859 587 1909 tuingen,
614 1868 766 1899 Albertus
792 1871 824 1899 et
848 1867 1056 1907 Burchardus
1082 1869 1121 1899 de
1140 1869 1371 1903 IIohenbercll,
1396 1869 1571 1900 Heinricus
1596 1870 1658 1900 deb
1683 1868 1934 1905 Furstenberch,
1958 1867 2078 1908 Tybal-

433 1920 493 1950 dus
518 1920 556 1951 (le
581 1920 706 1951 Pirreto
731 1923 763 1951 ct
787 1920 957 1951 Lodwicus
983 1921 1021 1951 de.
1048 1921 1225 1952 Honberch
1252 1921 1399 1959 comites,
1424 1921 1599 1952 Heinricus
1625 1924 1656 1951 et
1679 1920 1876 1951 Berhtoldus
1901 1919 1941 1950 de
1957 1918 2077 1957 Niffen,

434 1972 556 2002 Albcro
580 1971 619 2002 dc
644 1972 841 2013 Prukpcrch,
868 1972 1073 2003 normannus
1100 1973 1138 2003 de
1166 1973 1398 2014 Hoeginbcrch,
1424 1974 1621 2004 Volkmarus
1647 1973 1685 2004 dc.
1711 1973 1911 2004 Chemnaten
1936 1975 1967 2002 et
1990 1971 2075 2002 Mar-

436 2023 577 2065 quardus
595 2024 678 2054 tilius
697 2035 784 2060 suus,
803 2023 1001 2055 lViuhardus
1027 2025 1065 2055 dc
1085 2025 1246 2064 Rorbach,
1273 2025 1444 2056 Heinrious
1470 2025 1509 2056 de
1526 2026 1699 2067 Prisingen
1725 2028 1756 2056 et
1773 2025 1828 2055 alii
1846 2034 1940 2065 quam
1957 2023 2077 2065 plures.

544 2076 660 2106 Actum
691 2079 723 2106 ct
752 2076 860 2106 datum
885 2076 1047 2117 Auguste.
1078 2088 1161 2107 anno
1194 2077 1375 2108 dominicec
1399 2077 1627 2108 incarnationis
1656 2076 1827 2107 millesimo
1857 2075 2078 2107 ducentesimo

435 2127 675 2167 septuagesimo
702 2128 821 2168 quinto,
847 2129 937 2167 regui
963 2139 1038 2158 vero
1066 2129 1165 2158 nostri
1192 2139 1275 2159 anuo
1303 2129 1454 2160 secundo.

590 2340 657 2390 sl.
692 2340 707 2387 (
720 2339 756 2387 >¹(
773 2338 839 2390 >N
857 2338 920 2390 1⁴¹1
932 2338 1244 2392 RMAT1‹')
1283 2339 1381 2392 PR
1400 2340 1500 2392 {Vl
1511 2339 1606 2393 LE
1617 2338 1802 2393 GlOR
1810 2339 1924 2392 ΠΜ

545 2461 559 2472 .
741 2415 815 2467 ΙΝ
866 2415 1243 2469 blxwifflssM
1293 2417 1780 2469 lUDAEORUM.

1120 2501 1224 2536 1275.
1268 2502 1333 2537 lul.
1354 2502 1388 2537 4.

552 2582 642 2612 lhvlif
676 2582 876 2613 Ilm-,mmmm
906 2584 1049 2614 Ji'vnsswt
1081 2596 1118 2613 (η’
1148 2585 1342 2623 ιιιιίυῃνιψΙρι)
1372 2585 1524 2615 tabularii
1556 2585 1693 2615 m'vilatis
1725 2584 1935 2621 (J'olmze'cnsiQ
1966 2583 2078 2622 pendet

437 2634 572 2673 sissillnm
598 2635 662 2672 silis
686 2635 799 2664 ssu-iris.
828 2654 861 2657 -
894 2635 1032 2667 lssszlsmsr.
1061 2636 1131 2674 lays.
1152 2636 1222 2674 ίηψ.
1247 2636 1295 2674 ΙἸ,
1309 2640 1381 2667 3111).
1785 2636 1838 2675 (l’.
1863 2636 1970 2672 deest.)

544 2704 589 2728 ⁵3.
610 2710 632 2726 ³¹>
653 2704 719 2728 ensis
739 2713 803 2729 corr.
819 2705 957 2735 pallivliuri
976 2710 1117 2729 utrumnum
1137 2714 1173 2729 or.
1250 2704 1274 2737 ¹¹)
1291 2706 1428 2737 pallidiore*
1447 2711 1588 2730 atramento
1609 2707 1634 2730 in
1654 2706 1721 2730 linea
1742 2706 1801 2730 add.
1815 2715 1852 2730 vr.
1927 2706 1949 2736 c)
1968 2705 2079 2736 sequimi·

439 2747 520 2771 litam
540 2747 622 2771 ‹lilt'la
643 2757 679 2772 υΓ.

2103 687 2126 706 10

2104 950 2126 969 15

2105 1727 2129 1744 :iu

2108 2448 2129 2465 10

2104 2761 2128 2779 45
