2259 3164
499 175 653 202 RUDOLFI
676 175 777 201 REGIS
797 174 1115 201 CONSTI'PUTIONES.
1154 177 1225 202 1277.
1263 177 1309 203 Nr.
1325 177 1379 202 iso.
1695 181 1752 209 165

126 265 270 297 dominus
294 266 404 294 noster
427 263 642 294 Roma-norum
667 272 724 293 rex
748 263 811 293 mei
836 266 868 292 ct
892 262 1028 292 aliorum
1053 262 1231 304 principum
1258 264 1391 294 servicio
1418 263 1586 303 indigebit,
1611 268 1645 294 ut
1670 264 1752 295 idem

126 327 257 358 regnum
282 327 338 347 sue
363 315 471 347 valeat
494 314 642 346 subicere
667 314 794 345 dicioni.

228 376 303 408 Dat.
327 377 358 406 in
384 379 489 407 castro
514 378 622 406 nostro
647 374 805 413 Burseke,
830 374 861 404 in
887 377 1001 404 octava
1025 374 1170 415 Virginis
1195 375 1343 414 gloriose.

227 436 376 468 Latorem
402 436 602 477 presencium
629 434 719 466 vobis
744 434 882 466 fideliter
906 435 1140 466 recommendo.

325 748 420 799 180.
456 745 988 799 CONSTITUTIO
1029 746 1546 799 VIOARIORUM

147 824 695 878 IMPERIALIUM
738 823 822 875 IN
868 823 1271 876 PARTlssUS
1316 823 1731 876 SAXONIAE.

772 927 877 960 10277.
932 928 1030 969 sept.
1053 926 1111 961 027.

228 1016 447 1067 seratam-aphau
469 1037 554 1057 πτωρ
582 1026 790 1065 (ἱβρννιῖίίῖιυι,
822 1026 903 1065 quod
930 1037 1028 1065 usque
1055 1026 1098 1056 ml
1125 1036 1153 1056 (ι.
1178 1027 1268 1057 1830.
1293 1026 1327 1056 m
1359 1025 1514 1056 lulndario
1542 1026 1755 1057 serenissimum>

123 1078 265 1119 familiae
293 1078 438 1117 Welsieae
460 1078 688 1115 (asservabatur,
713 1077 784 1108 olim
801 1078 964 1108 ediderunt
988 1077 1142 1116 ‘Oriuiucs
1169 1077 1336 1116 (luwlsicaw‘
1353 1078 1412 1115 11⁷,
1433 1079 1534 1116 praes.
1554 1089 1586 1116 p.
1604 1081 1632 1108 ft.
1671 1079 1753 1116 Apo-

77 1150 99 1167 ω
125 1130 262 1170 yrctfflion
277 1141 354 1161 sace.
372 1129 505 1161 XVIII.
531 1129 683 1161 tabularii
697 1130 776 1168 roffi?
792 1129 1019 1160 Hmmovermzi
1042 1140 1071 1160 a.
1090 1130 1180 1160 1301.
1206 1140 1225 1159 a¹
1248 1130 1325 1159 'viris
1348 1130 1378 1161 d.
1402 1130 1536 1160 Kestuer
1558 1133 1585 1160 ef
1601 1130 1753 1161 Schmidt-

124 1181 302 1212 Phiseldech
332 1182 524 1221 ccumyrufflw
548 1183 682 1221 inspecto
706 1184 873 1212 com-vetum
896 1181 1077 1220 arcmplarit‘
1103 1182 1163 1211 iam
1188 1182 1259 1212 olim¹
1282 1181 1470 1219 Bctlmzmm,
1494 1182 1585 1211 cuius
1601 1181 1756 1220 ‹·.1·1»n)›lar

124 1233 172 1263 hie
200 1234 374 1272 repet-maus.
420 1234 467 1271 Cf.
490 1234 577 1271 iufra
599 1234 642 1263 ad
666 1233 757 1263 1280.
783 1233 864 1272 Amy.
885 1233 936 1270 24,
961 1233 1032 1272 Ises).
1054 1234 1123 1272 imp.
1153 1233 1202 1269 VJ,
1220 1234 1313 1265 1219.
1345 1234 1436 1263 cuius
1465 1237 1566 1264 samen
1597 1236 1755 1263 “oulen-tus

125 1296 161 1316 etc
182 1288 286 1316 nostro
309 1286 487 1316 docmnento
510 1296 572 1317 non
589 1286 712 1324 pendet.
748 1304 783 1307 —
816 1285 966 1321 Bsilmzcr,
993 1285 1065 1324 Πρω.
1090 1286 1160 1324 irrep.
1186 1285 1237 1322 VJ,
1252 1287 1322 1317 5611.
1464 1285 1516 1324 (P.
1542 1285 1647 1323 (locst.)

230 1371 387 1403 Rudolfus
411 1371 471 1403 Dei
497 1372 604 1413 gracia
627 1371 845 1402 Romanorum
870 1383 927 1403 rex
958 1382 1085 1413 semper
1109 1375 1264 1412 augustus
1288 1371 1447 1402 universis
1472 1372 1595 1412 imperii
1620 1371 1754 1401 Romani

77 1437 98 1455 15
125 1423 269 1455 fidelibus
300 1427 468 1465 presentes
492 1424 617 1455 litteras
642 1425 834 1465 inspecturis
859 1424 998 1464 graciam
1024 1435 1113 1454 suam
1139 1427 1171 1454 ct
1194 1434 1285 1454 omne
1310 1424 1436 1454 bonum.

229 1475 354 1506 Tenore
384 1476 585 1517 presencium
617 1476 877 1516 recognoscimus
909 1479 940 1505 et
964 1475 1090 1516 publice
1115 1475 1315 1516 profitemur,
1346 1475 1429 1516 quod
1460 1485 1515 1505 nos
1541 1478 1692 1515 gerentes
1718 1475 1756 1505 dc

125 1528 413 1569 circumspeccione
439 1531 470 1558 et
495 1527 558 1557 fide
585 1528 757 1558 illustrium
783 1528 963 1568 principum
990 1531 1168 1558 nostrorum
1194 1527 1319 1557 Albcrti
1345 1527 1486 1557 Saxonie
1516 1527 1570 1557 filii
1602 1527 1700 1557 nostri
1725 1530 1756 1557 et

126 1579 251 1610 Alberti
278 1579 554 1610 Bruneswicensis
579 1579 693 1609 ducum
726 1579 872 1609 fiduciam
908 1580 1147 1610 inconcussam.
1183 1578 1303 1609 eisdem
1337 1589 1373 1609 ac
1404 1589 1513 1608 eorum
1550 1578 1754 1608 sollicitudini

127 1634 250 1661 nostras
279 1634 310 1662 et
334 1631 459 1672 imperii
485 1631 629 1661 civitates
654 1630 805 1661 Lubeke.
831 1630 1028 1667 Goslariam,
1054 1630 1285 1669 Mulenhusen,
1317 1630 1500 1660 Northusen
1531 1633 1562 1660 et
1590 1630 1756 1661 universas

78 1692 101 1711 20
130 1682 341 1720 municiones,
371 1686 491 1721 castra,
524 1682 615 1713 villas
647 1686 678 1713 et
712 1682 843 1723 oppida,
875 1693 1076 1723 quocumque
1101 1682 1229 1712 nominc
1254 1685 1492 1722 nuncupentur,
1523 1682 1756 1717 ministeriales,

131 1733 275 1765 homines
300 1737 332 1766 et
353 1734 508 1764 vassallos
533 1744 568 1764 ac
594 1734 699 1764 omnia
723 1738 754 1765 et
780 1734 905 1774 singula
930 1734 1012 1773 iura,
1038 1734 1260 1775 possessiones
1285 1736 1317 1764 ct
1340 1733 1496 1765 redditus.
1521 1744 1597 1774 quos
1622 1737 1654 1764 et
1678 1743 1756 1774 quas

132 1784 163 1815 in
186 1785 277 1816 terris
304 1785 452 1823 Saxonie,
478 1785 654 1826 Thuringie
680 1789 712 1816 et
736 1785 843 1816 Slavie
869 1785 1071 1826 possidemus
1103 1796 1160 1816 seu
1191 1785 1228 1815 de
1259 1785 1325 1815 iure
1349 1785 1476 1815 racione
1507 1785 1631 1825 imperii
1656 1785 1755 1825 possi-

131 1836 206 1868 dere
230 1836 400 1875 debemus,
426 1838 653 1868 committimus
678 1848 735 1878 per
759 1841 944 1878 presentes,
978 1838 1022 1867 sic
1047 1837 1129 1878 quod
1156 1837 1249 1867 iidem
1275 1837 1436 1878 principes
1465 1837 1566 1867 nostri
1596 1840 1701 1866 nostro
1726 1840 1757 1866 et

133 1889 257 1930 imperii
282 1889 409 1920 nomine
435 1890 512 1931 ipsis
537 1889 629 1920 terris
654 1889 777 1930 presint
800 1888 970 1919 salubriter
999 1892 1030 1919 et
1055 1888 1184 1919 easdem
1209 1888 1345 1929 dirigant
1370 1888 1531 1929 sapienter
1555 1892 1586 1919 et
1610 1888 1693 1928 quod
1718 1887 1756 1918 de

78 1958 100 1977 Ἢ,
133 1940 209 1981 ipsis
233 1941 357 1982 possint
381 1944 413 1971 et
436 1941 564 1971 valeant
589 1941 689 1971 libere
709 1940 856 1971 ordinare
882 1944 913 1970 ct
938 1941 1044 1971 facere
1063 1941 1178 1974 omnia,
1204 1950 1264 1980 que
1290 1939 1381 1970 nobis
1406 1943 1437 1969 ct
1455 1940 1586 1981 imperio
1611 1940 1757 1970 noverint

131 1991 293 2032 expedire.
338 1992 420 2023 Item
444 1992 596 2034 predictis
621 1993 737 2023 nostris
770 1992 969 2033 principibus
999 1992 1126 2032 plenam
1159 1991 1313 2022 tradimus
1339 1994 1533 2032 potestatem
1563 1991 1757 2021 retractandi

129 2046 162 2073 et
184 2043 356 2074 revocandi
380 2044 420 2074 ad
445 2044 493 2074 ius
520 2047 551 2074 et
570 2044 798 2085 proprietatem
816 2043 942 2084 imperii
961 2043 1198 2079 ministeriales,
1223 2043 1367 2073 homines
1391 2045 1423 2072 et
1441 2043 1606 2081 vassallos,
1630 2052 1756 2084 posscs-

130 2094 249 2134 siones,
284 2095 427 2126 redditus
462 2098 557 2136 atque
587 2096 673 2132 iura,
709 2106 788 2136 quos
823 2099 854 2125 et
887 2105 947 2135 que
981 2095 1020 2125 ab
1053 2095 1184 2135 imperio
1214 2094 1394 2125 invenerint
1426 2094 1565 2124 alienata
1592 2094 1701 2124 illicite
1726 2097 1757 2124 ct

131 2145 294 2178 distracta.
340 2146 420 2178 Item
445 2147 605 2177 iudicandi
635 2150 667 2177 et
691 2146 945 2177 iurisdiccioncm
979 2146 1150 2177 exercendi
1176 2146 1302 2176 nominc
1327 2149 1435 2176 nostio
1459 2146 1489 2176 in
1515 2146 1605 2176 terris
1630 2148 1661 2176 et
1684 2156 1756 2186 pro-

82 2214 105 2233 ³0
133 2197 244 2228 vinciis
269 2198 440 2229 antedictis
465 2202 497 2229 et
521 2199 628 2229 onmia
652 2201 684 2229 et
709 2198 834 2238 singula
858 2197 1004 2231 faciendi,
1031 2208 1092 2238 que
1117 2198 1233 2228 nostris
1258 2201 1288 2228 et
1313 2198 1436 2238 imperii
1462 2197 1651 2227 utilitatibus
1669 2197 1756 2227 vide-

130 2248 193 2279 rint
218 2250 392 2290 profutura.
439 2249 577 2291 Propter
602 2250 684 2291 quod
710 2250 868 2280 universis
898 2253 929 2280 ct
954 2249 1085 2289 singulis
1111 2250 1225 2279 nostris
1251 2252 1282 2279 ct
1311 2249 1433 2290 imperii
1459 2249 1605 2279 fidelibus
1630 2249 1660 2278 in
1685 2259 1755 2289 prc-

132 2299 227 2331 dictis
261 2302 433 2342 provinciis
467 2301 690 2332 habitantibus
726 2301 839 2331 damus
871 2300 1052 2331 districcius
1084 2300 1114 2330 in
1143 2300 1318 2339 mandatis,
1352 2303 1386 2330 ut
1415 2300 1605 2340 supradictis
1640 2301 1756 2330 nostris

133 2352 326 2393 principibus
350 2353 381 2383 in
406 2353 550 2384 omnibus
576 2356 608 2384 et
633 2352 767 2394 singulis
785 2352 1009 2394 suprascriptis
1034 2352 1176 2382 articulis
1201 2355 1307 2382 nostro
1333 2355 1364 2382 et
1388 2352 1511 2392 imperii
1528 2352 1654 2382 nomine
1680 2352 1754 2381 obc-

131 2402 219 2433 diane
242 2403 405 2435 humiliter
428 2407 460 2435 et
484 2405 661 2435 intendant.
702 2405 738 2434 In
764 2405 854 2435 cuius
879 2404 1092 2435 testimonium
1118 2414 1249 2445 presens
1279 2404 1429 2444 seriptum
1448 2403 1623 2433 maiestatis
1648 2408 1755 2433 nostre

81 2472 103 2491 ³5
132 2454 233 2495 sigillo
258 2455 406 2486 duximus
431 2456 654 2488 roborandum.

235 2507 353 2538 Datum
377 2508 533 2547 NVienne,
559 2509 598 2539 V.
616 2508 688 2540 Kal.
713 2508 842 2547 Octob.,
868 2508 975 2539 indict.
992 2508 1054 2543 VI,
1079 2518 1161 2538 anno
1186 2507 1315 2537 Domini
1340 2507 1508 2538 millesimo
1535 2506 1754 2536 ducentesimo

131 2560 365 2600 septuagesimo
391 2561 537 2601 septimo,
563 2561 652 2601 regni
678 2571 752 2590 vero
778 2560 878 2590 nostri
903 2570 986 2590 anno
1011 2562 1133 2600 quarto.
