2259 3116
414 129 455 158 84
804 120 963 147 RL'DOLFI
985 119 1087 145 REGIS
1108 114 1429 144 CONS'rl'rU'PJONES.
1468 114 1540 140 1275.
1577 111 1624 138 Nr.
1638 112 1679 138 91.

415 213 444 244 «l.
470 212 511 242 II.
538 210 736 250 Payafschcr.
782 208 815 239 E
841 217 901 246 quo
930 206 1095 237 ediderunt
1120 203 1278 243 Zaccayni
1305 202 1368 233 loeo
1397 201 1463 232 ‘iam
1485 210 1584 238 supra
1611 199 1654 229 (th
1675 208 1724 229 nr.
1740 198 1782 228 48
1805 197 1900 228 citato
1919 196 2063 235 Append.

409 275 444 303 y).
461 265 502 294 ‚539
527 266 554 293 cl
580 255 714 293 Tltcincr
742 260 760 291 l.
791 271 814 290 e.
840 259 867 298 I,
884 260 947 289 22&
976 269 1024 288 nr.
1046 257 1127 294 385,-
1161 266 1258 294 myzcc
1281 264 1349 284 sero
1373 253 1460 292 amad
1485 252 1671 283 leim‘rzcm
1694 250 1799 281 omnia
1822 251 1900 280 recte
1924 248 2065 278 indicata

415 318 498 346 sant.
551 314 637 344 Huic
668 311 880 351 1νοουψιῖίἰοηί,
905 320 999 350 qnam
1023 320 1062 339 m.
1080 308 1172 338 Maio
1196 317 1226 338 (ι.
1245 306 1354 337 127δ.1
1378 306 1495 342 l'ctclccm
1520 314 1583 334 esse
1600 313 1661 342 pro
1685 304 1765 332 certo
1780 301 1936 338 habemus.
1961 300 2066 331 omnia

417 367 599 397 «iuramenta
624 367 791 395 conventus
807 362 1056 398 Lansmmcnsis,
1080 359 1143 390 alio
1166 362 1269 389 ίιωηωι
1293 357 1401 388 ordine
1419 357 1546 393 inserta,
1569 357 1644 385 sunt
1663 354 1722 385 ita.-
1746 364 1794 384 ην.
1812 353 1862 383 91.
1880 354 1931 384 90.
1947 353 1996 382 69.
2015 352 2065 381 952.

419 421 505 457 Quat:
529 418 563 447 rin
586 427 652 455 cup.
671 418 690 445 δ’
714 418 748 445 ul
775 415 835 445 iam
863 414 896 444 ἱιι
919 423 985 452 cal).
1004 410 1216 450 14211--ivile51si
1239 420 1288 441 ur.
1306 410 1346 438 ,00
1362 410 1489 447 sumpta
1511 410 1587 438 sant
1610 417 1648 437 ea·
1662 405 1824 445 privileye'o
1841 403 2000 435 Fritler'e'ci
2017 403 2065 441 II,

417 469 529 499 litteris
553 467 725 499 ‚minoribns
748 466 942 497 effudimus.
969 483 1007 486 —
1032 463 1176 499 Didima,
1204 462 1278 501 lay.
1305 461 1375 499 imp.
1401 460 1454 497 ΓΙ,
1471 460 1544 490 442.
1775 456 1829 496 (P.
1854 455 1961 493 deest.)

531 538 567 568 In
593 537 723 568 nomine
748 535 880 566 Domini
906 544 1009 565 amen.

525 589 591 620 Nos
609 588 768 620 Rodulfus
786 587 847 618 Dei
871 587 975 627 gratia
999 596 1057 616 rex
1080 584 1301 615 Romanorum
1325 592 1454 623 semper
1481 582 1636 621 augustus
1661 577 1826 610 constituti
1850 578 1883 608 in
1907 577 2072 619 presentia

419 646 541 681 vestra,
584 640 771 671 beatissime
811 642 904 680 pater
943 637 1071 667 domine
1103 635 1239 676 Gregori
1271 634 1379 664 divina
1415 631 1617 674 providentia
1647 641 1732 672 papa
1766 629 1907 667 decime,
1936 629 1967 659 in
1996 639 2071 659 con-

420 695 551 726 sistorio
570 697 677 724 vestro
703 691 788 733 apud
806 691 1024 729 Lausannam,
1049 687 1278 719 assistentibus
1295 685 1387 716 vobis
1406 684 1585 715 reverendo
1611 686 1684 714 cetu
1702 682 1904 713 dominorum
1924 681 2069 712 cardina-

420 747 512 783 lium,
551 744 703 775 videlieet
742 741 983 774 venerabilibus
1016 740 1163 781 patribus
1196 738 1331 769 dominis
1360 737 1396 768 P.
1427 736 1569 767 Ostiensi
1603 736 1776 776 episcopo,
1808 734 1959 765 Anehero
1988 734 2072 764 tituli

423 799 541 830 Sancte
566 795 737 833 praxedis,
770 794 945 825 Guillelmo
977 793 1063 823 tituli
1088 791 1200 822 Sancti
1224 789 1348 821 Marehi
1374 788 1579 830 presbiteris,
1604 786 1767 818 Ottobono
1793 786 1902 817 Sancti
1929 785 2073 823 Adriani,

423 850 542 881 Iacobo
569 848 686 879 Sancte
712 847 815 878 Mario
842 846 873 876 in
899 844 1074 883 Cosmidin,
1100 842 1277 874 Gottifrido
1304 841 1413 872 Sancti
1432 840 1565 881 Georgii
1590 839 1630 870 ad
1646 839 1763 870 Velum
1781 849 1925 876 aureum,
1949 837 2072 868 Uberto

426 902 537 932 Sancti
562 899 730 931 Eustachii
762 901 794 929 ct
818 897 950 928 Matheo
983 896 1102 926 Sancte
1127 894 1229 925 Marie
1260 894 1292 923 in
1316 893 1447 923 Porticu
1472 891 1614 922 diaconis
1638 890 1871 929 cardinalibus,
1901 900 2073 931 recognos-

426 955 526 985 cimus
552 956 583 983 et
608 953 760 987 fatemur,
791 949 951 991 quondam
978 947 1130 979 Ottonem
1156 945 1355 988 prepositum
1381 943 1493 975 Sancti
1519 942 1677 974 Guidonis
1701 942 1863 984 Spirensis
1888 942 1976 983 regie
2001 942 2074 972 aule

427 1005 654 1036 cancellarium
688 1003 840 1034 habuisse
874 1012 892 1032 a
923 1000 1015 1031 nobis
1051 998 1239 1030 mandatum
1266 997 1366 1038 sigilli
1390 996 1492 1027 nostri
1517 995 1694 1026 munimine
1719 995 1951 1025 communitum
1977 993 2075 1024 infra-

426 1058 536 1099 scripti
562 1056 694 1092 tenoris,
719 1055 809 1085 cuius
835 1053 1025 1084 auctoritate
1051 1054 1161 1082 nostro
1186 1049 1317 1080 nomine
1341 1049 1501 1090 processit
1524 1047 1564 1078 ad
1589 1047 1696 1078 omnia
1719 1047 1933 1087 infrascripta,
1958 1056 2020 1087 que
2044 1045 2076 1076 in

426 1109 543 1140 litteris
570 1107 644 1139 inde
671 1106 827 1138 confectis
854 1108 885 1136 et
911 1103 1055 1135 eiusdem
1082 1102 1267 1133 cancellarii
1292 1101 1396 1141 sigillo
1415 1100 1561 1141 signatis,
1587 1109 1722 1141 quarum
1740 1101 1834 1130 tenor
1857 1098 1896 1129 de
1914 1097 2011 1129 verbo
2037 1097 2077 1128 ad

429 1161 563 1192 verbum
590 1160 671 1190 infra
696 1158 866 1193 subicitur,
899 1156 1055 1186 seriosius
1081 1151 1325 1195 contine[n]tur.
1374 1151 1445 1187 Que
1471 1151 1601 1193 quidem
1632 1151 1739 1182 omnia
1772 1154 1804 1181 et
1835 1150 1962 1191 singula
1991 1149 2078 1180 dieta

429 1214 496 1244 sive
530 1213 705 1254 promissa,
738 1213 810 1241 acta
841 1219 897 1239 seu
927 1211 1019 1248 gesta
1048 1217 1106 1248 per
1136 1205 1273 1237 eundem
1300 1203 1542 1239 cancellarium,
1575 1206 1670 1245 prout
1697 1203 1728 1233 in
1760 1202 1882 1234 eisdem
1907 1202 2020 1233 litteris
2046 1205 2077 1232 et

429 1269 540 1295 tenore
568 1264 694 1305 plonius
720 1261 926 1303 exprimitur,
960 1258 1246 1299 recongnoscimus
1272 1260 1304 1287 et
1328 1256 1466 1287 fatemur
1495 1256 1625 1286 nomine
1652 1258 1762 1286 nostro
1793 1258 1824 1285 et
1848 1254 1887 1285 de
1913 1254 2077 1285 voluntate

430 1320 541 1347 nostra
569 1315 666 1351 dicta,
693 1313 860 1355 promissa,
886 1315 958 1342 aeta
983 1314 1015 1341 ct
1040 1314 1133 1351 gesta
1157 1319 1260 1350 eaque
1286 1308 1511 1339 nichilominus
1535 1310 1753 1348 acceptamus,
1777 1306 1985 1343 ratificamus,
2009 1308 2079 1336 rata

432 1372 465 1399 ct
489 1368 580 1398 firma
605 1367 751 1397 volumus
777 1368 809 1395 et
834 1363 1038 1394 decernimus
1063 1365 1220 1403 perpetuo
1246 1370 1437 1402 permanere
1463 1370 1498 1390 ac
1523 1359 1668 1400 insuper,
1693 1362 1788 1400 prout
1811 1358 1897 1389 idem
1922 1356 2077 1400 can[e]el-

432 1420 531 1450 larius
557 1418 717 1459 promisit,
750 1427 788 1447 ea
813 1415 919 1445 omnia
944 1418 976 1445 et
1001 1414 1128 1454 singula
1153 1412 1397 1451 confirmamus,
1428 1412 1623 1442 innovamus*
1644 1413 1676 1441 et
1700 1409 1738 1442 de
1763 1420 1846 1441 novo
1872 1409 2079 1441 concedimus

433 1475 464 1502 et
490 1471 589 1507 vobis,
615 1469 818 1500 sanctissime
836 1470 928 1508 pater
952 1476 1076 1497 summe
1093 1465 1249 1507 pontifex,
1275 1475 1332 1506 pro
1350 1464 1498 1494 Romana
1523 1462 1673 1501 ecelesia,
1691 1461 1783 1493 vobis
1800 1461 1981 1503 vestrisque
2006 1471 2078 1492 sue-

432 1522 616 1554 cessoribus
643 1520 874 1562 recipientibus
901 1529 938 1549 ea
963 1518 1071 1548 omnia
1104 1519 1135 1547 et
1166 1516 1293 1557 singula
1318 1515 1535 1557 promittimus
1561 1514 1770 1556 stipulatione
1803 1513 1974 1555 sollempni
1998 1513 2082 1544 bona

436 1574 497 1605 fide
523 1584 579 1603 nos
604 1573 635 1603 in
661 1574 854 1613 perpetuum
880 1574 911 1600 et
936 1568 1167 1599 inviolabiliter
1192 1570 1375 1598 servaturos
1406 1569 1437 1597 et
1463 1569 1573 1597 contra
1597 1576 1636 1596 ea
1659 1565 1711 1596 vel
1735 1575 1845 1596 eorum
1871 1564 2000 1606 aliquod
2024 1575 2083 1606 per

434 1636 492 1656 nos
518 1625 568 1655 vel
595 1634 650 1665 per
676 1623 774 1654 aliurn
799 1622 887 1652 nullo
912 1631 1053 1661 unquam
1072 1624 1217 1661 tempore
1237 1619 1287 1650 vel
1312 1618 1407 1649 modo
1426 1621 1590 1656 venturos,
1615 1617 1686 1659 ipsa
1708 1617 1933 1648 nichilominus
1954 1616 2082 1658 proprio

434 1677 569 1718 prestito
596 1675 806 1716 corporaliter
834 1674 1013 1703 iuramento
1038 1672 1215 1702 firmantes.
1266 1670 1445 1701 Statuimus
1470 1672 1619 1711 preterea
1643 1669 1745 1710 regali
1769 1669 1962 1699 auctoritate
1987 1671 2084 1709 atquc

437 1728 655 1765 decernimus,
689 1729 724 1756 ut
754 1725 837 1755 idem
871 1729 961 1755 tenor
992 1725 1133 1755 insertus
1163 1722 1368 1765 presentibus
1401 1721 1532 1753 easdem
1563 1732 1621 1762 per
1655 1721 1762 1752 onmia
1790 1721 1875 1752 vires
1908 1720 2028 1751 habeat
2052 1723 2084 1751 et

435 1780 595 1815 obtineat,
632 1788 711 1819 quas
745 1777 866 1808 habent
900 1780 931 1807 ct
957 1776 1103 1807 obtinent
1134 1776 1203 1816 ipse
1236 1774 1345 1805 littere
1374 1774 1587 1815 principaleS,
1616 1774 1662 1804 ita
1692 1772 1777 1813 quod
1812 1773 1838 1803 si
1863 1772 1969 1803 forsan
1994 1771 2082 1813 ipsas

440 1830 636 1873 principales
663 1830 787 1859 litteras
805 1829 1012 1869 contingeret
1030 1825 1274 1868 quomodolibet
1293 1825 1453 1867 deperire,
1478 1825 1582 1856 dictus
1597 1828 1691 1855 tenor
1707 1823 1841 1865 proinde
1860 1824 1922 1854 vim
1940 1827 1972 1855 et
1989 1824 2085 1854 robur

439 1884 585 1913 obtinent
610 1885 641 1913 ct
665 1882 695 1911 in
722 1881 870 1911 erunibus
899 1883 931 1911 et
956 1890 1012 1921 per
1037 1879 1144 1910 omnia
1167 1878 1262 1909 fidem
1280 1878 1388 1917 faciat,
1413 1877 1495 1908 sicut
1519 1877 1589 1918 ipse
1606 1876 1800 1918 principales
1817 1876 1923 1906 littere
1941 1875 2086 1906 facerent

445 1935 476 1965 in
503 1945 560 1965 sua
585 1934 688 1975 prima
713 1933 815 1973 figura
840 1935 872 1963 et
889 1931 1077 1972 integritate
1096 1932 1275 1969 manentes,
1300 1929 1373 1970 lege
1398 1939 1455 1960 seu
1473 1929 1703 1960 constitutione
1721 1928 1829 1969 aliqua
1844 1938 1907 1958 non
1925 1927 2086 1958 obstante.

548 1985 596 2027 (2)
621 1986 729 2017 Tener
754 1990 861 2015 nutem
888 1984 1053 2026 predictus
1078 1983 1116 2013 de
1142 1982 1240 2013 verbo
1265 1982 1304 2012 ad
1330 1982 1463 2012 verbum
1487 1991 1545 2022 per
1570 1980 1676 2011 omnia
1700 1980 1773 2010 talis
1798 1982 1858 2010 est:

549 2038 595 2068 ‘ln
621 2038 749 2067 nomine
775 2037 902 2067 Domini
919 2054 957 2057 —
972 2035 1148 2066 munimine
1173 2032 1340 2065 roborari'.
1378 2044 1477 2072 supra
1501 2043 1549 2063 nr.
1566 2033 1618 2064 49.

549 2090 597 2130 (3)
624 2094 657 2119 Ut
684 2095 778 2119 nutem
803 2093 853 2119 hec
879 2092 973 2118 omnia*
997 2088 1085 2118 vobis
1108 2092 1263 2117 memorato
1288 2090 1465 2116 sanctissimo
1489 2089 1563 2124 patri
1580 2090 1677 2115 nostro
1693 2088 1806 2115 domino
1825 2082 1980 2124 Gregorio
1998 2095 2086 2113 saero-

440 2148 535 2173 sam-11-
561 2147 683 2171 nomam·
708 2145 823 2171 vcclnsssie·
848 2153 955 2170 summo
980 2143 1107 2177 pontifici
1136 2139 1308 2176 vestrisque
1335 2142 1540 2168 successoribus
1565 2150 1614 2175 per
1643 2150 1693 2167 nos
1722 2142 1751 2166 et>
1779 2141 1890 2166 nostros
1914 2148 2087 2165 successores

441 2199 628 2224 Romanorum
654 2207 731 2229 rege<
757 2199 785 2222 vt
809 2197 993 2230 imperatores
1018 2196 1202 2222 observentur
1226 2196 1359 2228 firmaque
1384 2203 1494 2228 semper
1518 2196 1546 2220 ct
1569 2193 1734 2220 inconvulsa
1750 2194 1945 2226 permaneant,
1970 2200 2085 2226 presens

441 2250 575 2283 scriptum
595 2249 702 2275 nostro
722 2249 851 2275 iussimus
869 2244 975 2284 sigillo
995 2254 1087 2274 cereo
1105 2247 1279 2274 communiri.
1319 2242 1550 2272 promittentes
1575 2241 1800 2272 nichilominus
1822 2240 1908 2271 aliud
1933 2239 1972 2270 de
1989 2239 2087 2270 verbo

441 2297 480 2327 :nl
506 2297 638 2327 verbum
658 2300 690 2326 et
716 2306 774 2336 per
798 2296 903 2326 omnin
921 2296 1023 2326 simile
1047 2306 1145 2325 aurea
1168 2295 1257 2325 bulla
1280 2295 1404 2336 typario
1427 2298 1534 2325 nostre
1556 2293 1735 2324 maiestatis
1753 2293 1912 2334 impressa
1931 2291 2088 2322 munitum

442 2349 523 2379 infra
539 2355 665 2389 tempus
681 2348 898 2377 ctu-ouationis
918 2351 1026 2377 nostre
1042 2347 1132 2377 vobis
1148 2350 1180 2376 ct
1198 2346 1266 2376 sedi
1282 2347 1459 2387 apostolice
1479 2347 1548 2376 sine
1563 2345 1750 2376 difficultate
1764 2344 1908 2385 qualibet
1922 2343 2088 2375 exhibere.

551 2400 663 2430 Testes
689 2400 732 2429 hii
758 2403 843 2429 sunt:
870 2399 1052 2429 Ademarus
1076 2399 1312 2439 Lugdunensis,
1338 2398 1518 2429 Bonifatius
1543 2398 1727 2436 Ravennas,
1753 2397 1822 2428 Odo
1847 2396 2035 2427 Bisuntinus
2060 2398 2091 2425 et

450 2453 586 2483 lacobus
605 2451 850 2482 libi-edunensis
869 2451 1116 2492 archiepiscopi,
1143 2451 1326 2490 Stephanus
1346 2450 1548 2489 l’arisiensis,
1566 2450 1728 2480 chricus
1746 2448 1949 2486 Basilicnsis,
1972 2447 2088 2478 Iohan-

445 2516 502 2535 nes
532 2504 731 2540 heodicnsis,
757 2502 921 2533 Amedcus
950 2502 1188 2532 valentinensis
1214 2502 1368 2543 episcopi,
1392 2502 1576 2532 Ludovicus
1601 2512 1708 2532 comes
1732 2501 1893 2542 palatinus
1918 2500 2001 2532 Reni
2026 2500 2090 2530 dux

463 2557 604 2591 {awai-ic,
631 2555 810 2595 l'hylippus
830 2554 976 2584 dominus
995 2554 1175 2586 Kar-inthic,
1203 2553 1370 2583 conradus
1388 2554 1536 2584 domiuus
1562 2553 1601 2584 de
1619 2553 1742 2587 Tckke,
1768 2553 1931 2584 IIenricus
1951 2552 2090 2583 marchio

445 2608 483 2638 (le
505 2607 684 2639 llatslcrch,
713 2605 900 2636 Frotlcricus
927 2606 1116 2645 burgravius
1143 2605 1182 2635 ‹le
1202 2605 1455 2644 lleremberch¹¹,
1480 2606 1606 2636 llcnico
1632 2610 1663 2636 ct
1680 2604 1874 2636 Fredericus
1892 2605 2026 2635 comites
2051 2603 2089 2635 de

552 2686 573 2709 l:
600 2684 627 2708 Ιιι
655 2683 768 2715 ΙιίζιχτἫΙίκ
789 2683 891 2714 inqwrsi
919 2682 1025 2713 1Ἰ,.ἰιι
1046 2691 1098 2706 non
1121 2682 1231 2707 infmia.

548 2744 593 2769 91.
615 2750 637 2770 1-1
657 2746 693 2767 sir
713 2754 724 2766 ,-

2106 422 2117 441 5

2100 697 2123 716 10

2103 953 2126 971 15

2106 1214 2130 1232 20

2108 1473 2131 1491 25

2111 1729 2136 1747 30

2114 1993 2137 2012 35

2116 2249 2140 2268 40
