2259 3116
347 1600 378 1612 ur.
393 1595 430 1612 *12⁸

441 136 501 164 4:52

441 222 583 263 predicto
609 222 737 252 nomine
770 221 872 252 tocius
901 221 1120 252 universitatis
1146 221 1230 252 eius-

441 274 511 304 dem
549 273 587 305 de
622 273 769 305 tenendis
800 277 832 304 ct
860 274 1091 305 inviolabiliter
1120 273 1228 304 obser-

441 325 551 356 vandis
575 326 779 366 pactionibus
805 326 938 356 inferius
962 326 1152 357 nominatis:

510 389 531 417 1.
557 386 594 416 In
618 386 727 428 primis
753 385 835 427 quod
860 386 1006 428 predicta
1029 387 1231 420 universitas,

441 438 527 468 cives
552 437 690 468 civitatis
719 437 845 479 prefate
874 448 910 469 ac
941 438 1010 480 ipsa
1038 439 1149 469 civitas
1175 449 1232 468 ex-

441 500 523 520 nunc
542 489 680 520 habeant
698 489 815 520 bonam
832 490 974 530 graciam
992 490 1126 531 predicti
1144 500 1231 519 scre-

441 541 563 571 nissimi
599 541 751 582 principis
789 552 825 572 ac
862 541 983 573 eisdem
1019 552 1109 579 suam
1141 542 1231 572 mali-

440 593 621 623 volenciam
647 594 672 623 si
699 604 793 634 quam
811 594 1013 624 incurrerunt
1030 604 1118 624 mero
1137 593 1232 624 corde

441 646 595 685 ignoscat.
633 644 839 676 Sentenciam
858 646 1110 687 proscriptionis,
1130 646 1156 675 si
1170 656 1232 686 qua

439 697 504 726 lata
527 697 634 727 extitit
655 701 766 728 contra
784 699 870 739 ipsos
889 698 1058 728 occasione
1077 707 1230 739 quacum-

442 759 503 789 que
528 759 585 790 per
601 749 705 791 ipsum
724 750 912 791 principem,
938 753 1069 780 revocet
1093 760 1129 780 ac
1154 760 1229 780 ean-

440 800 513 831 dem
538 805 720 832 revocatam
745 802 873 843 publice
898 802 994 833 faciat
1018 801 1173 832 nunciari.

506 863 532 892 2.
556 861 637 892 Item
655 861 818 903 predictus
836 863 986 904 princeps
1005 862 1231 893 serenissimus

441 912 535 944 fidem
555 913 732 954 plenariam
750 914 857 944 facere
871 914 969 945 debet
984 914 1137 955 predictis
1156 914 1231 944 civi-

441 964 499 995 bus
523 975 580 1006 per
603 965 726 996 litteras
751 967 947 1008 apostolicas
972 966 1122 1003 bullatas,
1148 966 1232 1007 quod

442 1017 510 1057 ipse
535 1019 584 1047 est
608 1018 814 1048 confirmatus
832 1018 976 1059 legitime
1002 1018 1032 1048 in
1058 1018 1230 1059 imperato-

442 1079 507 1099 rem
532 1069 748 1099 Romanorum
775 1072 807 1099 et
828 1069 912 1110 quod
931 1069 1030 1100 habet
1046 1070 1230 1110 generalem

442 1120 753 1152 administrationem
768 1121 921 1152 bonorum
940 1125 972 1151 et
985 1132 1089 1152 rerum
1105 1122 1231 1152 subiec-

443 1176 545 1202 torum
564 1172 603 1202 ad
621 1173 851 1203 excellenciam
872 1177 903 1203 et
920 1173 1112 1214 dignitatem
1130 1174 1232 1205 tocius

443 1224 524 1253 sacri
550 1224 674 1265 imperii
693 1224 841 1256 Romani.
878 1225 920 1255 Et
938 1236 1035 1267 super
1059 1225 1118 1257 hoc
1136 1226 1233 1257 debet

442 1276 508 1306 fieri
544 1276 635 1317 copia
670 1275 761 1306 dictis
800 1277 924 1308 civibus
965 1282 997 1308 et
1032 1278 1102 1318 ipsa
1138 1279 1232 1319 copia

443 1327 619 1368 redigenda
642 1331 691 1358 cst
709 1328 739 1358 in
758 1328 891 1359 formam
908 1329 1070 1370 publicam
1093 1329 1131 1360 ad
1148 1331 1231 1371 peti—

443 1379 561 1409 tionem
591 1379 725 1420 predicti
760 1381 914 1422 principis
951 1383 982 1411 et
1017 1382 1231 1423 procuratoris

442 1431 660 1461 universitatis
690 1431 828 1462 civitatis
853 1432 997 1474 predicte
1024 1444 1079 1474 per
1104 1444 1231 1464 manum

443 1482 560 1523 publici
602 1483 716 1513 notarii
758 1484 817 1514 sub
853 1484 969 1525 sigillis
1009 1484 1143 1515 duorum
1182 1486 1231 1516 vel

441 1534 536 1564 trium
562 1535 785 1577 cpiscoporum
810 1537 840 1566 in
869 1536 939 1577 ipsa
964 1537 1055 1578 copia
1072 1538 1231 1579 appensis.

507 1599 534 1627 23.
559 1596 639 1626 Item
665 1596 748 1637 quod
774 1596 934 1637 predictus
952 1597 1100 1639 princeps
1118 1609 1231 1639 recog—

443 1649 546 1678 noscit
570 1659 606 1678 ac
633 1648 731 1678 ceiam
752 1649 931 1685 confitetur,
957 1649 1042 1690 quod
1069 1649 1231 1691 ipsajuni-

443 1700 594 1739 versitas,
633 1700 717 1730 cives
753 1700 890 1730 civitatis
930 1701 1073 1731 eiusdem
1108 1712 1232 1733 necnon

442 1751 626 1781 habitantes
658 1751 687 1781 in
720 1762 758 1782 ea
784 1755 857 1782 sunt
882 1755 914 1782 et
938 1763 1009 1783 esse
1034 1753 1153 1784 debent
1177 1765 1234 1795 per

444 1803 511 1833 iura
537 1814 665 1833 suarum
698 1803 882 1834 libertatum
915 1805 1132 1835 tantummodo
1157 1806 1232 1836 sub-

443 1854 509 1891 diti‚
527 1855 613 1884 nullo
632 1855 792 1886 existente
807 1855 923 1896 medio,
938 1856 1082 1898 predicte
1094 1857 1232 1898 impera-

442 1906 520 1936 torie
546 1907 715 1937 maiestati.

508 1969 536 1997 4.
567 1966 645 1997 Item
675 1967 757 2008 quod
787 1968 950 2010 predictus
978 1970 1127 2011 princeps
1158 1981 1232 2000 eon-

444 2019 564 2058 fitetur,
590 2018 672 2059 quod
700 2022 801 2049 status
827 2024 953 2051 monete
979 2021 1145 2052 Bisuntine
1170 2032 1233 2052 non

445 2073 549 2111 potest
579 2081 636 2100 nec
666 2070 763 2101 debet
793 2073 908 2102 mutari
939 2073 987 2103 vel
1018 2073 1123 2115 aliquo
1152 2077 1232 2104 tem-

445 2133 521 2162 pore
547 2132 603 2163 per
620 2122 758 2162 aliquem
778 2124 901 2157 variari,
927 2124 982 2154 sed
1002 2135 1131 2166 semper
1149 2128 1233 2155 stare

444 2173 541 2203 debet
572 2174 601 2203 in
636 2184 690 2203 suo
718 2178 804 2204 recto
830 2175 972 2216 pondere
998 2187 1121 2207 necnon
1147 2181 1177 2207 et
1203 2177 1232 2207 in

444 2235 499 2254 suo
525 2225 606 2254 iusto
624 2225 840 2264 alligamento,
880 2226 971 2262 Quod
990 2228 1233 2269 alligamentum

444 2280 492 2306 est
528 2276 622 2306 trium
658 2276 862 2307 denariorum
898 2289 966 2308 eum
1005 2279 1097 2309 obolo
1135 2280 1233 2321 ipsius

445 2332 573 2358 monete
590 2327 766 2359 Bisuntine.
793 2329 895 2369 ipsum
917 2341 989 2360 vero
1016 2335 1135 2361 rectum
1154 2342 1232 2372 pou<

445 2379 502 2409 ‹lus
534 2384 583 2409 est
612 2379 704 2409 XVII
735 2381 935 2422 stolidorum)
967 2386 997 2412 et
1022 2382 1088 2412 llll
1119 2383 1232 2424 d(cna«

446 2431 577 2470 riorum)
603 2432 640 2461 ad
662 2442 797 2461 marcam
816 2432 854 2462 d«¹
874 2433 1017 2463 (¹olonia.
1056 2434 1123 2464 Nee
1143 2439 1233 2465 extra

446 2483 608 2513 civitatem
645 2483 842 2513 Bisuntinam
874 2484 941 2525 ipsa
971 2489 1100 2515 moneta
1129 2490 1233 2527 potest

444 2535 646 2575 aliquatenus
673 2535 831 2565 fabricari.

510 2598 538 2624 ὖ.
566 2595 665 2625 ltcm'*
685 2595 767 2636 quod
790 2595 863 2625 dicti
882 2596 967 2625 cives
986 2596 1104 2627 liabent
1122 2601 1153 2627 ct
1180 2598 1233 2628 lia-

447 2646 521 2677 lncre
552 2647 669 2677 debent
700 2647 877 2677 custodiam
910 2647 1044 2677 clavium
1071 2655 1232 2689 portarum

548 2749 611 2776 450,
633 2750 654 2780 1’)
674 2751 725 2774 sinu
745 2751 814 2781 sissno
832 2751 996 2782 pat-«ssrztplif
1019 2752 1046 2774 .l.

777 133 935 159 RUDOLFI
952 134 972 158 R
978 133 1020 160 EG
1027 134 1055 159 15
1074 132 1397 160 CONsTlTU'l'IONEs.

1436 134 1508 159 1:190.
1546 133 1591 159 Nr.
1605 134 1663 160 450.
1677 134 1734 161 451.

1286 220 1431 262 predicto
1456 221 1584 252 nomine
1615 222 1717 253 tocius
1747 223 1965 254 universitatis
1990 223 2076 255 eius-

1286 273 1357 303 dem
1387 273 1427 304 de
1455 273 1603 304 tenendis
1639 277 1671 305 et
1705 274 1933 306 inviolabiliter
1966 275 2076 307 obser-

1286 324 1399 355 vandis
1424 325 1628 366 pactionibus
1654 326 1788 357 inferius
1812 327 1997 358 nominatis:

1357 388 1380 417 Ι.
1406 385 1441 415 ln
1466 385 1577 426 primis
1602 386 1686 427 quod
1712 386 1858 428 predicta
1874 387 2076 427 universitas,

1288 437 1375 467 cives
1401 437 1539 468 civitatis
1565 437 1711 479 predicte
1736 449 1772 469 ac
1797 439 1867 480 ipsa
1884 439 1995 470 civitas
2020 451 2076 471 ex—

1287 498 1371 518 nunc
1388 488 1530 520 habeant
1553 488 1669 520 bonam
1688 491 1824 531 gratiam
1841 491 1975 533 predicti
1991 502 2079 523 sere-

1288 539 1410 569 nissimi
1447 540 1599 582 principis
1640 552 1676 572 ac
1711 542 1832 573 eisdem
1870 554 1959 574 suam
1991 543 2078 574 mali-

1288 592 1465 622 volenciam
1497 603 1591 633 quam
1628 593 1831 625 incurrerunt
1859 605 1947 626 mero
1984 594 2080 626 corde

1287 643 1440 683 ignoscat.
1476 643 1680 676 sentenciam
1699 647 1950 688 proscriptionis,
1975 647 2000 677 si
2018 657 2079 687 qua

1286 696 1350 725 lata
1376 695 1482 726 extitit
1500 699 1610 727 contra
1628 697 1715 738 ipsos
1734 699 1904 730 occasione
1923 709 2075 740 quacum-

1286 758 1348 788 que
1373 758 1431 789 per
1455 748 1559 789 ipsum
1578 749 1766 791 principem⁷
1793 755 1924 782 revocet
1947 761 1984 782 ac
2001 761 2076 782 ean-

1287 799 1358 830 dem
1384 802 1568 830 revocatam
1594 800 1721 842 publice
1746 802 1843 833 faeiat
1867 803 2019 834 nunciari.

1352 861 1380 890 2.
1406 860 1488 891 Item
1506 860 1668 901 predictus
1686 863 1835 905 princeps
1853 864 2077 894 serenissimus

1287 911 1381 942 fidem
1400 912 1575 953 plenariam
1594 913 1699 945 facere
1717 914 1814 946 debet
1831 915 1982 957 predictis
2001 915 2076 946 civi-

1286 962 1345 993 bus
1370 974 1426 1004 per
1451 964 1575 996 litteras
1600 966 1795 1007 apostolicas
1819 967 1970 1005 bullatas,
1994 966 2077 1008 quod

1287 1015 1354 1056 ipse
1380 1018 1429 1045 est
1452 1016 1657 1048 confirmatus
1681 1018 1824 1059 legitime
1848 1019 1880 1049 in
1904 1019 2076 1061 imperato-

1287 1077 1353 1097 rem
1378 1067 1597 1099 Romanorum
1622 1073 1654 1100 et
1678 1070 1763 1111 quod
1780 1070 1880 1102 habet
1895 1071 2077 1112 generalem

1287 1118 1599 1151 administrationem
1613 1121 1768 1153 bonorum
1787 1126 1818 1153 et
1832 1133 1937 1154 rerum
1950 1122 2075 1153 subiec-

1287 1174 1391 1201 torum
1416 1171 1455 1202 ad
1474 1173 1702 1204 excellentiam
1721 1177 1753 1205 et
1769 1174 1959 1216 dignitatem
1976 1175 2076 1205 tocius

1288 1223 1371 1253 sacri
1395 1223 1521 1265 imperii
1539 1224 1686 1256 Romani.
1725 1226 1768 1257 Et
1784 1237 1882 1268 super
1898 1227 1958 1258 hoc
1982 1226 2078 1257 debet

1287 1274 1355 1305 fieri
1382 1275 1474 1316 copia
1498 1275 1651 1317 predictis
1682 1278 1804 1309 civibus
1834 1282 1865 1309 et
1895 1279 1964 1320 ipsa
1988 1278 2078 1319 copia

1286 1325 1463 1366 redigenda
1480 1331 1531 1358 est
1548 1328 1578 1358 in
1597 1328 1732 1359 formam
1750 1329 1913 1370 publicam
1938 1329 1978 1360 ad
1997 1330 2076 1371 peti-

1286 1378 1405 1408 tionem
1441 1379 1576 1420 predicti
1608 1381 1760 1422 principis
1796 1384 1827 1412 et
1862 1382 2076 1423 procuratoris

1286 1430 1505 1461 universitatis
1530 1431 1668 1466 civitatis
1699 1432 1841 1474 predicte
1869 1443 1926 1474 per
1949 1443 2075 1463 manum

1287 1481 1407 1522 publici
1443 1483 1557 1513 notarii
1598 1484 1655 1514 sub
1698 1484 1811 1525 sigillis
1853 1484 1986 1515 duorum
2026 1485 2074 1515 vel

1289 1534 1383 1563 trium
1411 1534 1636 1575 episcoporum
1662 1535 1691 1565 in
1718 1536 1788 1578 ipsa
1805 1536 1897 1578 eopia
1914 1536 2076 1578 appensis.

1352 1595 1380 1624 3.
1406 1593 1488 1624 Item
1513 1595 1594 1636 quod
1621 1595 1786 1637 predictus
1801 1597 1951 1638 princeps
1968 1607 2076 1637 recog-

1288 1645 1390 1675 noscit
1414 1656 1450 1675 ac
1476 1646 1578 1678 eciam
1604 1648 1781 1685 confitetur,
1807 1648 1890 1690 quod
1915 1649 1984 1689 ipsa
2007 1648 2076 1678 uni-

1289 1698 1438 1736 versitas.
1474 1699 1561 1730 cives
1601 1699 1740 1730 civitatis
1780 1700 1922 1731 eiusdem
1957 1710 2076 1730 necnon

1288 1749 1472 1780 habitantes
1498 1751 1528 1780 in
1555 1761 1592 1781 ea
1617 1754 1691 1781 sunt
1719 1754 1751 1782 et
1779 1762 1852 1783 esse
1877 1751 1996 1783 debent
2018 1761 2074 1793 per

1287 1801 1357 1831 iura
1382 1812 1510 1832 suarum
1539 1802 1723 1833 libertatum
1753 1803 1973 1834 tantummodo
2001 1803 2073 1834 sub-

1288 1852 1354 1889 diti,
1379 1853 1465 1883 nullo
1491 1854 1652 1886 existente
1677 1854 1794 1893 medio⁷
1818 1855 1960 1897 predicte
1979 1855 2074 1897 impe-

1289 1905 1405 1935 ratorie
1429 1905 1602 1936 maiestati.

1353 1968 1380 1996 ⁴1.
1406 1965 1489 1997 Item
1519 1966 1604 2007 quod
1633 1966 1797 2008 predictus
1826 1967 1973 2009 princeps
2001 1977 2072 1998 con-

1288 2016 1410 2054 fitetur‚
1435 2017 1519 2059 quod
1545 2022 1646 2049 status
1671 2023 1798 2050 monete
1821 2019 1989 2050 Bisuntine
2013 2029 2073 2050 non

1289 2071 1396 2109 potest
1426 2080 1484 2100 nec
1514 2070 1612 2101 debet
1640 2072 1756 2102 mutari
1782 2072 1831 2102 vel
1861 2071 1966 2113 aliquo
1994 2073 2073 2102 tem-

1288 2130 1366 2160 pore
1391 2131 1449 2162 per
1466 2122 1605 2163 aliquem
1623 2123 1751 2163 variari,
1776 2123 1832 2154 scd
1851 2134 1978 2165 semper
1993 2126 2073 2153 stare

1289 2171 1386 2202 debet
1410 2173 1440 2202 in
1466 2184 1523 2204 suo
1554 2178 1642 2204 recto
1668 2174 1809 2216 pondere
1839 2184 1962 2205 necnon
1990 2179 2021 2205 et
2043 2174 2073 2204 in

1290 2234 1346 2254 suo
1371 2224 1453 2255 iusto
1471 2225 1690 2266 alligamento.
1724 2226 1818 2261 Quod
1838 2226 2073 2267 alligamentum

1289 2279 1338 2306 est
1373 2276 1468 2307 trium
1503 2276 1709 2308 denariorum
1744 2288 1815 2308 cum
1849 2278 1941 2309 obolo
1976 2277 2072 2318 ipsius

1290 2332 1415 2359 monete
1433 2329 1612 2360 Bisuntine.
1638 2329 1741 2370 ipsum
1760 2340 1834 2360 vero
1853 2332 1972 2360 rectum
1995 2338 2071 2370 pon-

1289 2380 1346 2410 dus
1379 2384 1426 2410 est
1457 2380 1567 2411 decem
1600 2385 1632 2411 et
1656 2385 1779 2422 septem
1809 2381 1979 2412 solidorum
2004 2388 2070 2410 cum

1289 2435 1425 2472 quatuor
1449 2432 1586 2462 denariis
1616 2432 1655 2462 ad
1686 2432 1847 2463 marcham
1872 2432 1909 2463 de
1933 2430 2070 2462 Colonia.

1288 2483 1355 2513 Nee
1380 2486 1472 2513 extra
1497 2483 1661 2514 civitatem
1686 2484 1887 2515 Bisuntinam
1916 2484 1983 2525 ipsa
2005 2491 2069 2512 ῐιιοί

1289 2538 1363 2565 ncta
1388 2538 1495 2576 potest
1519 2535 1723 2576 aliquatenus
1747 2535 1905 2566 fabricari.

1355 2598 1384 2626 Γ).
1408 2595 1489 2626 ltcm
1515 2591 1612 2636 quod*
1624 2595 1698 2626 dicti
1716 2596 1801 2626 cives
1819 2595 1938 2626 habent
1961 2597 1990 2624 et
2014 2592 2067 2623 ha-

1289 2647 1364 2677 here
1394 2646 1514 2677 debent
1544 2647 1722 2677 custodiam
1752 2647 1886 2678 clavium
1915 2649 2068 2687 portarum

2117 453 2127 472 5

2107 714 2128 733 m

2106 981 2128 1000 15

2104 1238 2127 1256 20

2102 1496 2125 1515 25

2099 1764 2123 1783 30

2099 2033 2121 2052 ³⁵

2093 2549 2115 2569 45
2160 2562 2161 2566 ,
