2259 3164
93 735 116 754 10

94 995 115 1013 15

94 1613 118 1632 20

95 1919 116 1938 25

95 2220 118 2239 ³0

94 2476 116 2495 ³5

94 2732 116 2751 ⁴⁰

478 168 635 195 RUDOLFI
655 168 760 195 REGIS
779 168 1098 197 CONSTITUTIONES.
1138 172 1211 196 12⁸6.
1248 173 1294 198 Nr.
1309 173 1366 199 356.
1380 174 1439 200 387.
1711 177 1770 206 367

146 255 227 287 citur
251 255 343 286 iuxta
365 255 529 296 legitimas
557 256 754 291 sanctiones,
778 259 812 286 ut
836 257 1001 298 utriusque
1026 259 1194 299 potestatis
1218 259 1330 296 officia,
1355 261 1492 292 discreta
1509 262 1621 292 divinis
1647 262 1771 293 actibus

145 307 301 338 distinctis
331 306 539 348 dignitatibus
569 312 600 338 et
631 307 798 346 distincta,
834 308 895 338 sibi
929 309 1050 339 alterne
1079 310 1302 342 subvencionis
1327 313 1478 353 suffragio
1503 314 1706 351 subveniant,
1737 317 1771 344 ut

143 359 186 389 sic
209 362 318 389 mutuo
343 359 577 390 interveniente
605 370 772 396 succursu,
797 370 876 401 quos
895 360 988 390 unius
1005 361 1232 392 iurisdictionis
1250 364 1374 394 coercio
1399 374 1416 394 a
1440 365 1521 394 malo
1546 376 1607 395 non
1631 369 1770 401 revocat,

142 409 271 441 alterius
296 410 410 440 saltem
434 411 601 451 potestatis
627 410 751 452 gladius
775 421 793 440 a
819 412 1021 442 contumacia
1046 416 1191 443 coerceat
1215 424 1251 443 ac
1269 417 1411 454 peccato,
1436 418 1467 445 et
1489 427 1546 456 per
1569 417 1627 447 hoc
1650 418 1768 447 utrius-

144 472 204 502 que
232 462 322 502 vigor
353 461 385 492 in
415 472 471 492 suo
505 464 692 503 permaneat
721 461 835 493 robore
866 462 1035 493 firmitatis.
1133 463 1217 494 Sane
1250 475 1321 494 cum
1355 476 1410 495 nos
1440 466 1578 497 nobilem
1606 468 1706 497 virum
1731 492 1738 499 .

145 513 289 544 comitem
318 512 508 544 Olevensem
541 514 641 555 ipsius
672 513 828 554 exigente
860 514 1062 544 contumacia·
1090 514 1129 544 ad
1159 515 1349 546 instanciam
1373 517 1502 548 illustris
1533 542 1539 548 .
1563 543 1569 549 .
1598 519 1767 559 lantgravii

142 564 259 596 Hassie
293 564 443 606 principis
478 565 577 595 nostri
610 564 717 595 dilecti
757 565 849 595 iuxta
880 565 966 596 curie
995 568 1104 596 nostre
1140 567 1333 597 sentenciam
1366 569 1612 610 proscripcionis
1642 570 1767 601 vinculo

141 615 407 655 innodaverimus,
431 627 490 657 per
511 627 618 658 quam,
644 617 719 647 licet
742 616 844 647 multo
860 619 1006 658 tempore
1031 617 1061 647 in
1087 628 1124 647 ea
1149 618 1314 653 sorduerit,
1340 629 1402 649 non
1427 621 1529 661 potuit
1553 632 1572 651 a
1589 623 1768 652 contumaci

143 678 201 699 sua
223 667 398 709 pertinacia
421 668 643 709 pertinacique
668 668 869 699 contumacia
885 669 1040 705 revocari,
1066 669 1283 700 sinceritatem
1308 673 1393 700 tuam
1412 672 1600 712 requirimus
1626 676 1657 703 et
1674 683 1766 714 roga-

145 730 213 750 mus
236 722 288 749 tue
313 720 484 760 potestatis
508 720 650 750 officium
676 720 898 751 nichilominus
924 721 1129 760 invocantes,
1154 722 1301 762 quatinus
1326 723 1415 752 iuxta
1438 724 1532 754 officii
1558 725 1602 754 tui
1626 724 1767 755 debitum

144 771 320 813 predictum
350 771 517 811 comitem,
549 772 599 812 qui
633 775 720 802 tanto
750 776 894 814 tempore
926 773 1172 814 proseripcionis
1197 774 1392 804 sentenciam
1417 775 1568 805 sustinuit
1592 776 1695 806 animo
1720 778 1766 806 in-

143 822 271 862 durato,
308 822 391 863 quod
428 824 768 854 excommunicacionis
793 823 889 855 debet
920 834 1071 855 mucrone
1095 824 1182 856 feriri
1212 826 1385 856 secundum
1416 827 1676 858 consuetudinem
1710 838 1768 869 per

142 884 274 915 regnum
298 877 441 904 nostrum
466 874 607 916 undique
633 875 851 916 approbatam,
876 875 1001 906 vinculo
1027 877 1369 907 excommunicacionis
1395 878 1532 909 subicias
1558 882 1589 909 et
1612 879 1766 916 involvas,

141 928 175 956 ut
196 925 239 956 sic
263 935 351 962 eum,
381 926 432 967 qui
463 927 566 967 rigore
589 927 774 968 temporalis
803 927 901 969 gladii
930 938 992 958 non
1020 930 1171 965 terretur,
1206 928 1246 959 ad
1280 929 1397 959 bonum
1421 929 1609 961 obediencie
1635 934 1767 961 revocet

142 987 255 1008 nervus
280 977 501 1008 ecclesiastice
526 977 707 1019 discipline.

243 1028 363 1059 Datum
388 1027 571 1070 Maguncie‚
596 1029 691 1062 XIII.
709 1030 780 1062 Kal.
807 1030 1017 1072 Septembris,
1041 1032 1130 1073 regni
1155 1032 1255 1062 nostri
1280 1042 1362 1062 anno
1386 1031 1480 1063 XIII.

620 1345 719 1396 387.
759 1343 1278 1397 CONSTITUTIO

185 1421 604 1477 CAPITANEI
637 1421 735 1473 ET
769 1419 1152 1474 RECTORIS
1185 1420 1335 1473 PER
1367 1419 1721 1473 MISNIAM

610 1498 704 1551 ET
743 1497 1289 1551 THURINGIAM.

787 1601 893 1636 mse.
940 1601 1038 1644 Sept.
1060 1600 1118 1635 021.

250 1701 419 1741 Hucusque
442 1702 591 1732 ineditam
614 1701 698 1732 dedit
720 1712 757 1732 ar
780 1701 971 1739 a'zctoympho
995 1700 1145 1731 tabularii
1165 1699 1319 1739 generalis
1343 1700 1428 1738 requi
1444 1699 1607 1729 Bawarici
1623 1699 1762 1729 ‘Kaiser-

141 1752 229 1783 selelct
250 1752 421 1792 Nachtray’
445 1754 505 1783 108
529 1753 556 1785 b.
572 1764 610 1783 m.
633 1752 784 1784 Weiland.
824 1752 970 1792 Siyillum
987 1752 1104 1782 laesum
1114 1751 1228 1790 pendet
1252 1751 1314 1781 loro
1331 1751 1569 1782 memlwmzaceo.
1607 1751 1649 1781 In
1673 1751 1762 1781 dorso

141 1813 235 1834 manu
261 1814 370 1835 coaeva
397 1805 514 1844 scripta
547 1804 707 1844 Zeyzmtm:
736 1804 860 1835 Littera
892 1804 975 1845 quod
1008 1815 1065 1834 rex
1096 1804 1265 1834 committit
1289 1804 1373 1833 vices
1399 1813 1472 1833 suas
1505 1802 1632 1832 domino
1657 1803 1758 1833 archi-

136 1855 282 1897 episcopo
306 1866 362 1897 per
386 1860 487 1887 terras
513 1856 609 1889 Thur.
635 1860 666 1887 et
692 1856 833 1886 Mihsen.
882 1856 999 1887 Textus
1021 1856 1214 1895 inyrossatus
1243 1858 1286 1886 est
1313 1855 1356 1885 ad
1384 1855 1507 1885 modum
1530 1854 1759 1884 cmtstitatiowsss

141 1916 236 1945 supra
257 1917 304 1938 nr.
322 1909 382 1937 100
404 1908 513 1945 editae,
539 1909 583 1938 ita
605 1911 641 1938 ut
663 1907 805 1939 lectiones
827 1908 934 1938 variae
959 1907 1044 1937 illias
1067 1907 1254 1943 documenti,
1278 1906 1360 1945 quod
1382 1906 1415 1936 ‘in
1437 1905 1511 1936 solis
1533 1905 1620 1935 libris
1642 1906 1759 1942 sormu-

144 1956 242 1988 larum
264 1959 410 1996 traditur,
434 1970 449 1990 e
470 1959 566 1990 leuius
589 1960 820 1991 constitutionis
844 1959 942 1989 verbis
964 1958 1014 1988 hic
1040 1958 1101 1988 illic
1124 1959 1282 1989 emendari
1300 1958 1434 1996 possint.
1475 1958 1559 1996 Quae
1575 1956 1760 1987 concordant

142 2019 208 2040 cum
229 2020 276 2041 nr.
298 2012 372 2048 100,
405 2012 486 2051 typis
514 2012 686 2042 minoribus
712 2011 893 2042 emendenda
920 2011 1107 2041 curavimus.
1157 2010 1203 2048 Cf.
1228 2010 1356 2040 similem
1385 2008 1631 2039 constitutionem
1654 2007 1759 2046 Adolfi

141 2061 218 2101 regis
239 2064 376 2094 a.1:292.
400 2063 475 2093 Nov.
495 2064 542 2093 18.
569 2063 684 2100 datam,
708 2073 802 2102 quam
825 2063 915 2100 ‘infra
938 2062 1072 2100 edemus,
1097 2061 1137 2103 ef.
1162 2062 1255 2092 etiam
1280 2061 1367 2102 infra
1389 2071 1437 2091 nr.
1455 2060 1528 2091 398.
1551 2077 1590 2081 —
1615 2059 1757 2095 Bohmer,

141 2110 211 2151 Rey.
227 2112 298 2151 imp.
321 2113 375 2151 VI,
389 2114 482 2144 2046.
1470 2111 1523 2151 (P.
1546 2111 1652 2149 deest.)

243 2206 401 2238 Rudolfus
433 2208 495 2240 Dei
530 2209 640 2249 gracia
670 2209 889 2239 Romanorum
925 2220 982 2239 rex
1015 2219 1138 2249 semper
1170 2211 1325 2248 augustus
1360 2207 1515 2237 universis
1548 2206 1756 2247 principibus,

141 2258 281 2299 prelatis,
304 2260 491 2295 baronibus,
517 2261 698 2298 comitibus,
723 2261 895 2297 nobilibus,
921 2260 1190 2295 ministerialibus,
1214 2258 1378 2295 militibus,
1403 2258 1541 2291 vasallis,
1565 2257 1755 2295 civitatibus,

141 2310 258 2350 castris,
282 2311 416 2352 oppidiS,
441 2312 524 2343 villis
550 2313 728 2353 ceterisque
753 2313 878 2353 imperii
902 2311 1048 2342 fidelibus
1073 2321 1128 2352 per
1150 2314 1250 2341 terras
1274 2310 1469 2340 Misnenseni
1494 2312 1525 2339 et
1548 2309 1754 2349 Thur-ingiam

142 2361 318 2393 constitutis
342 2364 481 2403 graciam
506 2374 594 2394 suam
620 2367 651 2395 et
675 2374 767 2394 omne
791 2363 920 2394 bonum.

242 2417 317 2445 Inter
339 2420 382 2446 tot
405 2422 433 2447 et
455 2422 550 2447 tantos
572 2420 751 2455 negociorum
774 2420 966 2454 ingruencium
994 2420 1104 2451 fluetus,
1133 2418 1232 2451 quibus
1256 2417 1365 2443 assidue
1389 2416 1496 2450 pectori
1518 2417 1613 2442 nostro
1637 2415 1754 2441 materia

143 2467 318 2501 cogitacionis
341 2470 504 2503 infunditur,
529 2472 642 2506 speciali
666 2472 786 2505 quadam
809 2471 993 2498 meditacione
1017 2471 1195 2505 perangimur
1218 2471 1246 2496 et
1269 2469 1412 2495 anxietate
1433 2468 1562 2502 pervigili
1578 2467 1750 2495 meditamiur,

142 2519 258 2550 qualiter
282 2521 363 2549 terre
382 2523 498 2557 vestre,
523 2531 601 2561 quas
625 2524 730 2551 nostre
748 2519 1020 2550 consideracionis
1046 2518 1127 2548 oculi
1145 2517 1288 2557 graciose
1307 2517 1488 2557 respiciunt,
1513 2518 1636 2545 rediviva
1659 2518 1752 2550 quieto

142 2571 297 2600 refloreant
320 2577 347 2601 et
369 2577 433 2609 post
456 2576 514 2603 dire
536 2577 675 2611 longeque
699 2576 875 2611 satigaeionis
892 2575 1007 2602 hostiles
1024 2571 1169 2600 incursus
1194 2575 1221 2599 et
1246 2568 1357 2598 nimios
1374 2571 1472 2597 bellice
1490 2570 1614 2596 turbines
1631 2571 1750 2601 tempes-

142 2621 206 2648 tatis
235 2623 263 2650 in
290 2627 371 2659 portu
395 2627 486 2654 votive
515 2629 730 2662 tranquillitatis
759 2631 787 2655 et
810 2627 916 2665 optate
945 2627 1021 2661 pacis
1044 2626 1250 2660 pulchritudine
1279 2624 1523 2658 conquiescant&
1561 2622 1661 2647 Verum
1686 2621 1751 2653 quia

142 2672 205 2699 tunc
226 2675 331 2703 utiliter
353 2679 428 2712 regio
452 2680 565 2714 regitur,
590 2687 661 2706 eum
685 2677 814 2707 discreti
838 2680 952 2706 rectoris
969 2680 1071 2705 ducatu
1087 2678 1217 2711 dirigitur
1233 2679 1261 2703 et
1276 2672 1418 2713 pervigili
1434 2673 1599 2708 presidentis
1617 2672 1751 2698 industria

141 2724 313 2760 gubernatur,
336 2738 386 2756 uos
409 2731 551 2765 cupientes
575 2738 616 2759 ex
640 2728 767 2765 intimis,
792 2730 826 2757 ut
850 2731 935 2757 terre
959 2729 1072 2763 vestre,
1098 2735 1228 2765 quarum
1255 2722 1466 2754 omnimodam
1485 2720 1747 2761 tranquillitatem

141 2769 310 2816 diligimus,
346 2777 502 2809 directore
535 2785 689 2817 gaudeant
723 2785 949 2818 circumspecto*,
984 2777 1041 2807 Sub
1076 2781 1163 2807 cuius
1198 2780 1321 2806 studioso
1356 2779 1457 2805 ducatu
1492 2778 1700 2811 preserventur
1734 2783 1749 2800 a
