2259 3116
425 121 485 150 290
728 116 885 143 RUDOLFI
906 115 1011 142 REGIS
1031 115 1355 142 CONSTITUTIONES.
1395 115 1467 141 1281.
1504 115 1552 140 Nr.
1566 115 1624 141 283.
1638 113 1699 140 284.
1710 114 1768 140 285.

424 207 554 246 propter
578 215 635 235 sue
665 203 739 234 fidei
770 206 802 234 et
832 203 1003 245 probitatis
1032 202 1245 244 prestantiam
1273 205 1394 233 terram
1424 201 1462 232 de
1491 202 1601 241 Alost,
1631 204 1748 232 terram
1781 210 1880 242 super
1910 200 2069 240 Scaldam,

423 261 541 287 terram
567 254 830 293 Geraldimontis‚
855 258 974 286 terram
998 253 1112 285 Wasie
1138 257 1170 284 et
1194 258 1313 285 terram
1338 253 1484 289 Quatuor
1508 253 1695 284 Officiorum
1720 263 1791 283 cum
1820 253 1969 284 omnibus
1996 253 2069 284 atti-

424 309 546 340 nenciis
575 308 639 339 suis
669 308 700 338 in
728 307 858 339 feodum
883 307 1137 338 concesserimus
1163 309 1195 337 et
1219 316 1291 337 eum
1317 306 1577 337 investiverimus
1603 304 1642 335 de
1667 304 1802 343 eisdem,
1833 307 1928 345 prout
1958 304 1990 335 in
2021 304 2070 335 in-

422 360 608 391 strumentis
634 359 694 391 sibi
716 370 813 400 super
838 359 898 390 hoc
923 358 1048 389 traditis
1066 358 1191 399 plenius
1216 358 1398 388 continetur
1409 358 1430 396 ¹,
1455 367 1513 387 nos
1538 355 1642 387 eidem
1667 359 1873 387 executorem
1897 355 2069 397 ydoneum,

422 422 517 453 quem
540 412 609 453 ipse
634 422 748 442 comes
772 410 962 449 nominaret,
988 409 1144 451 deputare
1170 412 1202 440 et
1226 408 1404 440 concedere
1434 408 1640 447 deberemus,
1672 408 1726 449 qui
1749 407 1977 449 principaliora
1999 407 2071 439 loca
2109 418 2119 437 5

421 463 637 505 predictarum
669 465 828 494 terrarum
859 461 1017 493 accedens
1049 464 1171 492 ettam
1202 461 1424 491 investituram
1458 459 1635 501 predictam
1665 470 1760 500 quam
1792 469 1849 490 nos
1883 458 2070 490 earumdem

422 519 577 546 terrarum
612 525 682 546 esse
719 513 886 545 warandos
921 513 1152 555 pronuncians,
1188 512 1387 554 sepedictum
1419 511 1442 542 I.
1468 511 1642 552 Haynonie
1675 511 1826 542 comitem
1862 511 1914 542 vel
1948 513 2070 542 certum

421 570 658 608 procuratorem
683 566 782 608 ipsius
807 565 938 596 nomine
967 575 1024 595 suo
1049 564 1306 606 in'corporalem
1332 563 1571 605 possessionem
1594 562 1888 603 prenominatarum
1913 565 2070 594 terrarum

421 621 454 649 et
478 619 723 649 attineneiarum
749 628 878 648 suarum
904 615 1126 657 quarumlibet
1149 618 1260 646 nostra
1284 615 1476 646 auctoritate
1501 614 1604 655 regali
1628 613 1798 645 induceret
1822 625 1893 645 cum
1918 614 2069 656 sollemp-

421 670 579 701 nitatibus
603 669 720 701 debitis
745 672 777 700 et
801 669 962 700 consuetis
993 671 1024 698 et
1048 668 1274 698 nichilominus
1299 667 1338 697 ab
1357 666 1505 697 omnibus
1524 676 1623 707 super
1640 676 1750 697 earum
1768 669 1924 698 terrarum
1942 666 2068 698 distric-
2097 680 2120 698 ιο

421 722 506 752 tibus
537 721 716 752 constitutis
745 721 927 762 preciperet
961 720 1154 750 auctoritate
1185 719 1274 760 regia
1304 718 1363 749 sibi
1393 721 1546 759 tanquam
1577 728 1633 748 suo
1665 717 1791 749 domino
1821 718 1965 749 debitam
1993 718 2069 750 obe-

421 773 575 804 dientiam
605 776 636 803 et
666 773 880 804 reverentiam
905 772 1060 803 exhiberi.
1114 771 1152 801 In
1177 771 1267 802 cuius
1292 770 1338 801 rei
1363 770 1583 801 testimonium
1614 780 1749 811 presens
1774 769 1930 811 scriptum
1954 770 2069 802 exinde

422 824 581 855 conscribi
605 827 637 856 et
661 824 841 856 maiestatis
866 826 975 854 nostre
1001 823 1107 864 sigillo
1135 823 1269 853 fecimus
1294 822 1490 853 communiri.

528 876 648 907 Datum
682 876 900 917 Nuremberg,
935 875 975 907 V.
1006 874 1081 905 Idus
1115 874 1272 916 Augusti,
1308 873 1484 905 indictione
1514 873 1579 913 IX,
1615 884 1698 905 anno
1733 873 1864 905 Domini
1899 873 2068 905 millesimo

423 927 602 959 COLXXX
626 927 738 970 primo,
762 928 854 969 regni
879 937 953 959 vero
978 926 1080 958 nostri
1104 936 1187 957 anno
1215 929 1340 957 octavo.
2095 939 2118 958 15

443 1072 519 1105 284.
543 1073 809 1106 SENTENTIA
836 1073 1018 1105 CONTRA
1052 1072 1401 1104 ALIENATIONES
1423 1071 1580 1103 BONOR
1589 1072 1661 1104 UM
1679 1071 1879 1104 IMPERII.
1919 1073 2001 1113 Aug.
2018 1074 2046 1103 9.

528 1133 754 1173 Autogffaphon
778 1134 931 1164 tabularii
955 1133 1135 1164 Montensis
1159 1133 1345 1165 ‘Tresorerie
1375 1133 1427 1163 (les
1457 1132 1587 1163 clun-tes’
1611 1143 1661 1164 nr.
1680 1133 1719 1162 94.
1749 1133 1849 1163 demto
1872 1133 2068 1164 contulimus.

423 1184 572 1223 Siyillmn
595 1185 713 1216 laesum
731 1185 847 1224 pendet
871 1185 934 1216 loro
958 1185 1197 1215 membrmmceo.
1238 1185 1278 1215 In
1304 1194 1387 1215 verso
1409 1184 1527 1222 scripta
1549 1186 1625 1214 sunt
1648 1184 1739 1215 leaeo:
1761 1184 1886 1215 Littera
1903 1185 2067 1216 sentencie

422 1235 461 1267 de
486 1236 579 1267 factis
602 1236 872 1278 predecessorum
900 1237 995 1278 regis.
1020 1255 1062 1259 —
1085 1236 1234 1274 Balmzer,
1260 1236 1334 1275 Rey.
1361 1236 1431 1274 imp.
1454 1235 1615 1273 121371.
1798 1235 1850 1275 (P.
1874 1237 1962 1277 435.)

530 1321 597 1352 Nos
621 1321 782 1353 Rudolfus
806 1321 868 1353 Dei
898 1323 1009 1363 gracia
1037 1322 1255 1353 Romanorum
1286 1333 1344 1353 rex
1375 1332 1504 1364 semper
1532 1325 1689 1363 augustus
1720 1325 1832 1354 tenore
1864 1322 2066 1364 presencium
2093 1335 2117 1355 20

424 1372 612 1412 profitemur
636 1376 668 1404 et
692 1373 821 1415 publice
855 1376 1086 1415 protestamur,
1116 1373 1200 1415 quod
1232 1374 1323 1405 nobis
1354 1384 1411 1415 pro
1445 1374 1597 1405 tribunali
1625 1373 1813 1405 sedentibus
1843 1374 1875 1405 in
1899 1374 2067 1416 sollempni

422 1424 511 1454 curia
535 1426 645 1455 nostra
669 1424 752 1466 apud
777 1424 970 1466 Nurenberg
1002 1425 1237 1456 sentenciatum
1272 1426 1399 1457 exstitit
1429 1436 1536 1456 coram
1567 1425 1673 1465 nobis,
1705 1426 1845 1457 omnium
1878 1426 2066 1468 principum,

422 1474 575 1505 nobilium
616 1486 652 1506 ac
686 1476 820 1507 aliorum
851 1476 992 1508 fidelium
1026 1479 1205 1508 nostrorum
1238 1477 1291 1518 qni
1329 1477 1419 1508 fuere
1456 1480 1624 1518 presentes
1653 1477 1869 1519 applaudente
1899 1488 2066 1516 consensu,

423 1525 506 1567 quod
537 1527 643 1557 onmia
677 1527 809 1564 donata,
847 1528 1036 1559 confirmata
1066 1539 1121 1560 seu
1151 1529 1237 1559 facta
1271 1539 1474 1570 quocumque
1503 1529 1596 1560 modo
1626 1529 1688 1560 alio
1719 1528 1758 1560 de
1782 1528 1877 1560 rebus
1901 1530 1953 1560 vel
1976 1529 2066 1561 bonis

422 1577 548 1618 imperii
577 1588 635 1618 per
666 1578 824 1619 quondam
849 1578 1047 1610 Richardum
1080 1591 1189 1622 regem
1214 1580 1370 1611 illustrem
1402 1583 1457 1613 aut
1482 1580 1730 1622 predecessores
1764 1591 1837 1612 suos
1866 1581 1897 1612 in
1921 1581 2065 1612 Romano
2092 1597 2115 1616 25

422 1628 556 1669 imperio
582 1639 600 1659 a
625 1632 781 1670 tempore,
806 1640 868 1670 quo
893 1630 958 1661 lata
981 1631 1089 1662 fuerat
1113 1632 1143 1662 in
1168 1632 1243 1662 olim
1260 1632 1460 1663 Fridericum
1484 1633 1712 1674 imperatorem
1738 1631 1914 1664 secundum
1938 1632 2064 1674 deposi-

423 1680 518 1710 tionis
547 1681 745 1719 senteneia¹³‚
778 1682 895 1713 nullius
932 1682 1052 1714 habere
1089 1683 1231 1714 debeant
1265 1684 1388 1715 roboris
1422 1684 1623 1720 firmitatem,
1658 1684 1721 1715 nisi
1750 1695 1907 1716 consensu
1938 1683 2064 1715 maioris

422 1731 520 1771 partis
545 1731 725 1772 principum
754 1733 784 1762 in
817 1733 976 1765 electione
1002 1734 1142 1765 Romani
1170 1734 1255 1776 regis
1281 1745 1395 1766 vocem
1428 1735 1623 1767 habencium
1655 1735 1772 1766 fuerint
1796 1735 1984 1777 approbata.
2028 1735 2065 1766 In

423 1782 512 1812 euius
536 1782 581 1812 rei
606 1783 823 1814 testimonium
852 1795 987 1825 presens
1013 1786 1167 1827 seriptum
1197 1786 1353 1817 conscribi
1384 1787 1519 1818 fecimus
1549 1790 1582 1819 et
1612 1787 1791 1819 maiestatis
1820 1790 1929 1818 nostre
1960 1786 2063 1828 sigillo

424 1843 574 1863 mssinms
600 1844 796 1865 comnmmm.
2089 1854 2113 1873 κο

529 1884 604 1914 Dat.
631 1885 661 1915 in
686 1885 889 1927 Nurenberg,
914 1887 954 1917 V.
974 1887 1050 1918 Idus
1068 1887 1217 1928 Augusti,
1242 1888 1352 1920 indice.
1367 1889 1425 1928 IX,
1450 1900 1533 1920 anno
1557 1889 1688 1921 Domini
1712 1889 1931 1921 MCGLXXX
1953 1889 2063 1932 primu,

422 1935 512 1974 regni
539 1946 613 1966 vero
638 1937 736 1967 nostri
761 1948 841 1968 anno
865 1937 956 1968 VIII.

697 2196 794 2245 2³85.
834 2194 1105 2250 OESSIO
1141 2197 1396 2251 BANNI
1433 2199 1791 2254 REGALIS.

1090 2290 1158 2324 fflS
1169 2290 1196 2325 l.
1244 2292 1343 2335 Sept.
1366 2292 1398 2326 3.

529 2376 708 2415 Repclinms
733 2378 906 2415 sditionem„v
930 2390 1024 2417 quum
1047 2390 1084 2409 (nr
1107 2381 1301 2419 ‹mtmyraplw
1318 2382 1470 2413 tabularii
1488 2383 1670 2415 Leodiensis
1687 2388 1887 2424 paraverunt
1901 2386 2058 2417 Bormans
2083 2394 2106 2414 ³⁵

420 2429 447 2455 el
472 2426 722 2457 ,Selaoolnfflestvrs
749 2428 940 2459 ‘Cartalaire
973 2430 1008 2459 de
1032 2430 1140 2469 I'c‘gslz'se
1162 2432 1421 2463 Saint-Lcmzbert
1451 2434 1487 2464 de
1515 2434 1610 2474 Lieyc‘
1634 2436 1681 2474 II,
1698 2438 1762 2467 339
1785 2447 1831 2468 nr.
1851 2438 1920 2468 726.
1962 2436 2058 2469 Cuius

420 2476 558 2515 sigyillam
581 2478 693 2517 adlmr*
706 2480 827 2516 lwndvl.
853 2498 892 2501 —
916 2480 1066 2518 Banna,
1092 2481 1165 2520 Ii'eq.
1185 2482 1255 2521 imp.
1280 2483 1333 2520 ΓΙ,
1352 2486 1445 2515 1387.
1770 2486 1822 2527 (P.
1847 2487 1954 2528 deest.)

526 2553 681 2583 Itudolfus
709 2554 770 2585 Dei
798 2556 907 2595 gracia
936 2556 1154 2588 [Romanorum
1186 2568 1241 2589 rex
1274 2570 1402 2601 semper
1431 2565 1586 2601 augustus
1621 2563 1781 2595 universis
1817 2564 1899 2596 sacri
1934 2563 2055 2605 imperii

420 2604 556 2634 Romani
581 2604 728 2636 fidelibus
752 2610 918 2646 presentes
944 2608 1070 2639 litteras
1095 2609 1285 2650 inspecturis
1309 2611 1450 2651 graciam
1476 2623 1567 2643 suam
1592 2616 1624 2644 et
1649 2625 1742 2646 omne
1766 2615 1896 2647 bonum.

2169 2588 2172 2609 ¹

2168 2617 2171 2631 Ι

522 2671 585 2697 284.
606 2674 628 2703 ⁴¹)
649 2683 713 2697 cerr.
734 2683 763 2699 ca:
782 2677 936 2700 sentenciam
957 2686 992 2701 ω’.
2077 2687 2101 2707 4⁰
2166 2675 2169 2703 l

524 2723 535 2747 l
566 2722 657 2755 Supra
678 2732 717 2749 ην.
732 2728 789 2750 282.
2164 2720 2168 2761 i

2164 2764 2166 2778 Ι

2163 2796 2165 2817 l
