2259 3164
75 751 96 770 10

77 1011 98 1029 15

75 1269 100 1289 20

77 1525 100 1544 25

81 1785 103 1804 ³0

83 2045 106 2064 35

85 2305 108 2324 40

92 2559 112 2577 25

499 189 653 215 RUDOLFI
672 188 774 214 REGIS
794 188 1115 215 CONS'siTU'rlomjs.
1155 190 1225 215 1279.
1264 191 1308 216 ΝΥ,
1322 192 1379 216 222.
1695 195 1755 223 207

229 276 437 306 Sanctissimo
464 276 494 306 in
519 275 646 306 Christo
671 276 753 317 patri
785 278 815 305 ct
845 275 995 305 dominoa
1018 275 1161 316 Nycolao
1192 287 1272 317 pape
1298 277 1355 308 Ill.
1382 277 1538 309 liudolfus
1564 279 1623 310 Dei
1649 281 1755 320 grachi

122 328 337 359 Romanorum
362 338 420 357 rex
444 338 572 368 semper
595 329 752 367 augustus
777 326 818 357 ad
843 331 1032 368 perpetuam
1058 327 1103 357 rei
1128 328 1323 358 memoriam.

226 378 274 419 (Ι)
300 378 431 409 Summa
455 379 632 420 reipublice
658 378 753 408 tuicio
778 378 817 408 de
843 379 942 420 stirpe
969 378 1103 409 duarum
1129 389 1235 409 rerum
1263 380 1437 411 sacerdocii
1456 384 1487 412 et
1505 382 1628 423 imperii
1648 383 1756 413 diviua

122 430 326 461 institucione
362 431 553 471 proveniens
588 430 715 471 vimque
751 441 840 460 suam
885 430 1003 461 exinde
1042 430 1190 461 muniens
1230 431 1403 462 humanum
1442 444 1544 473 genus
1585 435 1756 465 salubriter

121 482 309 523 gubernavit
334 482 365 512 in
389 485 554 523 posterum
579 484 610 512 et
634 481 744 522 1·eget¹·
768 481 838 512 Deo
864 481 1004 522 propicio
1029 481 1059 511 in
1085 485 1242 513 eternum.
1288 482 1359 513 Hcc
1392 488 1465 514 sunt
1495 484 1556 515 duo
1582 485 1665 516 dona
1691 486 1753 516 Dei

122 534 259 565 maxima
289 533 417 574 quidem
450 534 481 563 in
513 533 659 564 omnibus
688 544 706 564 a
737 544 877 575 superna
908 533 1025 563 collata
1056 533 1246 569 clemencia,
1278 534 1428 565 videlieet
1459 537 1632 567 auctoritas
1666 548 1757 568 sacra

121 586 304 628 pontificum
331 588 363 615 et
386 585 507 626 regalis
532 584 731 615 excellencia
757 585 937 626 potestatis.
984 584 1053 615 Hec
1078 584 1140 615 duo
1167 585 1308 615 salvator
1332 589 1441 616 noster
1464 586 1620 617 mediator
1638 587 1700 618 Dei
1724 592 1757 618 et

123 637 284 669 hominum
313 636 404 667 Iesus
435 636 581 667 Christus
613 637 656 667 sic
691 648 748 678 per
776 647 809 667 se
840 637 944 678 ipsum
978 636 1103 667 actibus
1135 637 1271 678 propriis
1303 640 1335 667 et
1368 636 1574 677 dignitatibus
1600 639 1757 670 distinctis

123 689 276 725 exercuit,
301 692 337 719 ut
360 692 496 730 utraque
521 688 560 719 ab
586 689 656 730 ipso
682 692 845 730 tamquam
871 700 911 719 ex
935 699 997 719 uno
1022 688 1202 729 eodemque
1227 688 1381 730 principio
1398 690 1564 721 manifeste
1582 692 1756 732 procedere

124 741 267 772 omnibus
292 740 456 771 indicaret.
502 740 554 771 Ab
579 750 615 771 eo
641 741 739 782 igitur
764 741 830 771 solo
856 741 927 771 vivo
952 743 983 770 et
1008 750 1082 770 vero
1108 740 1179 770 Deo
1204 744 1475 781 recognoscentes
1500 743 1620 781 onmia,
1653 754 1671 773 a
1695 754 1756 784 quo

123 803 215 834 reges
239 796 270 823 et
293 802 393 833 regna
418 802 585 834 sumpsere
610 793 777 834 principia,
802 795 834 823 et
858 795 1063 823 sacrosancte
1081 792 1227 823 Romane
1253 793 1390 823 ecclesie
1417 793 1574 824 beneficia
1599 806 1675 835 erga
1700 806 1756 826 nos

124 845 287 875 innumera
316 844 513 882 recolenteS,
550 844 652 885 plenis
687 845 867 875 excitamur
905 843 1074 875 affectibus
1105 854 1143 875 ea
1175 855 1236 885 que
1268 854 1437 885 possumus
1471 846 1516 875 illi
1552 846 1756 877 retribuendo

123 895 310 937 rependere,
341 907 359 926 a
391 906 453 937 qua
483 895 574 926 nobis
609 898 640 926 et
669 895 786 926 nostris
817 895 1098 936 predecessoribus
1127 895 1257 935 regibus
1281 895 1499 927 Romanorum
1525 900 1589 927 tam
1613 898 1757 938 grandia,

124 951 188 978 tam
213 947 410 978 excellencia
435 947 519 978 dona
543 948 757 989 conspicimus
782 958 852 978 esse
878 947 1007 978 tributa.
1097 946 1144 987 (2)
1168 947 1291 977 Prefati
1315 948 1422 988 itaque
1447 947 1694 988 predecessores
1718 949 1758 979 ad

125 999 405 1040 magnificenciam
430 1009 598 1030 munerum
632 1003 663 1030 et
691 999 870 1040 graciarum
905 998 1138 1040 quodammodo
1168 998 1364 1030 ineffabilem
1395 999 1592 1039 largitatem,
1626 1011 1686 1041 que
1719 1000 1757 1031 de

124 1052 223 1094 ipsius
247 1051 358 1082 matris
383 1051 521 1082 ecclesie
546 1051 700 1082 uberibus
726 1054 948 1092 susceperunt,
974 1051 1089 1081 faciem
1113 1050 1316 1091 gratitudinis
1341 1054 1564 1082 convertentes
1580 1061 1637 1081 nec
1654 1052 1757 1082 minus

125 1102 343 1142 attendentes,
372 1103 456 1144 quod
487 1103 600 1134 eadem
633 1106 736 1134 mater
767 1103 906 1133 ecclesia
935 1103 1022 1144 ipsos
1055 1103 1085 1132 in
1110 1101 1288 1133 dulcedinis
1312 1102 1543 1134 benediccione
1568 1104 1758 1144 preveniens

126 1154 346 1185 transferendo
372 1154 411 1185 de
436 1154 549 1185 Grecis
575 1155 743 1196 imperium
769 1154 799 1185 in
826 1154 1007 1185 Germanos
1032 1154 1154 1184 eisdem
1180 1153 1313 1184 dederat
1337 1154 1367 1184 id
1393 1154 1477 1195 quod
1501 1158 1602 1193 erant,
1626 1159 1661 1185 ut
1678 1156 1758 1195 grati

125 1206 367 1248 predicarentur
390 1206 446 1236 filii
472 1207 626 1237 laudabili
651 1207 885 1248 recognicionis
911 1207 1038 1245 effectu,
1064 1207 1149 1237 inter
1166 1209 1282 1244 cetera,
1308 1216 1368 1246 que
1386 1206 1446 1248 ipsi
1463 1206 1608 1237 Romane
1625 1207 1759 1238 ecclesie

127 1258 363 1295 confirmarunt,
396 1258 586 1289 dimiserunt
609 1269 666 1289 seu
691 1259 792 1289 eciam
818 1262 1061 1295 concesserunt,
1092 1261 1190 1289 totam
1215 1261 1333 1288 terram
1359 1268 1420 1299 que
1445 1261 1494 1288 est
1518 1269 1536 1288 a
1560 1258 1758 1289 Radicofano

127 1320 228 1351 usque
260 1309 477 1351 Ceperanum,
515 1310 688 1340 marchiam
718 1310 968 1346 Anconitanam,
1005 1309 1153 1340 ducatum
1187 1309 1411 1350 Spoletanum,
1446 1313 1565 1340 terram
1597 1310 1759 1341 comitisse

125 1361 308 1400 Mattildisc,
324 1362 508 1392 comitatum
522 1362 713 1393 Brictenorii
723 1362 746 1398 d,
761 1362 972 1393 exarchatum
985 1362 1151 1401 Rauenne,
1165 1361 1382 1402 Pentapolim,
1397 1361 1538 1391 Massam
1552 1361 1759 1392 Trabariam⁰

126 1423 196 1444 cum
221 1413 441 1444 adiacentibus
465 1414 559 1444 terris
584 1417 616 1445 et
640 1415 747 1444 omnia
771 1414 834 1445 alia
859 1415 952 1451 bona,
978 1418 1089 1451 terras,
1114 1414 1338 1454 possessiones
1370 1417 1401 1444 et
1425 1414 1493 1443 iura
1517 1413 1556 1443 ad
1580 1414 1758 1444 Romanam

129 1465 295 1496 ecclesiam
320 1466 535 1506 pertinencia,
570 1466 601 1496 in
626 1466 734 1496 multis
759 1466 934 1508 privilegiis
959 1466 1187 1507 imperatorum
1213 1476 1231 1495 a
1256 1468 1399 1506 tempore
1424 1464 1582 1495 Lodwicif
1605 1476 1760 1507 expressa

129 1516 194 1547 sive
220 1520 380 1555 contenta,
405 1518 465 1558 ipsi
488 1517 582 1548 beato
606 1517 714 1557 Petro,
739 1518 867 1548 celestis
892 1518 984 1558 regni
1009 1518 1180 1558 clavigero,
1213 1517 1345 1557 eiusque
1371 1517 1611 1547 successoribus
1637 1521 1668 1548 et
1692 1517 1758 1547 Ro-

128 1578 220 1599 mane
245 1568 380 1599 ecclesie
405 1568 605 1605 dimiserunt,
630 1570 910 1605 renuntiaverunt,
936 1569 1146 1600 restituerunt
1170 1572 1201 1599 et
1225 1569 1465 1605 confirmarunt,
1497 1572 1549 1599 etg
1572 1569 1612 1599 ad
1636 1579 1761 1599 omnem

129 1620 310 1660 scrupulum
327 1620 568 1657 removendum,
593 1624 688 1662 prout
710 1621 823 1651 melius
841 1621 963 1652 valeret
987 1623 1019 1651 et
1041 1620 1203 1651 efficacius
1226 1624 1333 1661 posset
1357 1620 1500 1661 intelligi,
1526 1621 1761 1658 contuleruntss,

130 1675 356 1702 concesserunt
387 1676 419 1703 et
443 1673 544 1704 eciam
569 1673 782 1709 donaverunt,
813 1673 896 1703 sicut
925 1673 956 1702 in
989 1683 1100 1703 eorum
1129 1672 1303 1713 privilegiis
1332 1682 1388 1702 seu
1418 1672 1531 1703 litteris
1564 1673 1756 1704 continetur.

128 1722 174 1763 (3)
197 1723 325 1765 Nosque
349 1724 561 1765 postmodum,
586 1728 681 1765 prout
698 1724 836 1755 Domino
854 1725 986 1765 placuit,
1010 1723 1050 1754 ad
1074 1724 1193 1764 regalis
1219 1724 1416 1754 excellencie
1441 1724 1567 1754 culmen
1593 1724 1759 1765 assumpti,

131 1777 164 1805 ut
187 1774 225 1806 de
249 1777 405 1817 susceptis
429 1777 518 1807 donis
542 1776 726 1809 innumeris,
753 1787 813 1817 que
838 1776 877 1807 de
902 1775 1050 1806 manibus
1075 1775 1159 1806 dicte
1184 1775 1294 1805 matris
1319 1775 1516 1816 accepimus,
1541 1785 1603 1805 nou
1627 1775 1758 1805 minoris

130 1827 364 1867 recognicionis
397 1827 539 1858 debitum
576 1829 792 1865 solveremus,
828 1827 974 1869 predicta
1008 1828 1114 1858 omnia
1148 1828 1178 1857 in
1209 1827 1373 1868 presentia
1403 1826 1572 1857 recolende
1606 1828 1761 1858 memorie

129 1877 245 1909 domini
268 1878 316 1910 G}
339 1889 422 1920 pape
445 1879 488 1911 X.
512 1881 754 1921 recognovimus
779 1880 838 1911 ack
863 1880 916 1911 ea¹
940 1879 1047 1910 omnia
1072 1883 1103 1910 et
1128 1879 1254 1919 singula
1284 1879 1344 1919 ipsi
1367 1888 1423 1919 pro
1446 1878 1592 1908 Romana
1616 1879 1762 1917 ecclesia,

130 1939 162 1960 se
186 1930 316 1971 suisque
341 1932 583 1962 successoribus
608 1932 776 1973 recipienti
801 1932 1069 1970 confirmavimus,
1094 1930 1315 1961 innovavimus
1339 1934 1370 1960 et
1388 1930 1427 1960 de
1445 1940 1527 1960 novo
1546 1931 1764 1961 concessimus

130 1984 222 2022 atque
247 1981 445 2022 donavimus,
470 1984 539 2025 ipsa
563 1984 789 2014 nichilominus
814 1984 942 2025 proprio
973 1983 1106 2024 prestito
1137 1982 1348 2023 corporaliter
1377 1982 1556 2012 iuramento
1589 1982 1762 2012 firmantes.

132 2031 179 2073 (4)
203 2032 323 2064 Verum
348 2035 422 2075 quia
445 2035 649 2076 postmodum
674 2035 796 2076 absque
820 2038 929 2065 nostro
953 2045 1122 2071 consensu,
1147 2034 1347 2065 consciencia
1371 2033 1421 2064 vel
1438 2033 1587 2063 mandato
1605 2033 1763 2063 Ruclolfus

132 2085 338 2116 cancellarius
366 2088 474 2117 noster
502 2097 520 2116 a
551 2086 670 2117 civibus
694 2086 955 2124 Rauennatibus,
986 2086 1216 2124 Bobiensibus,
1249 2084 1478 2122 Cesanatibus,
1508 2085 1762 2125 Foropopulien-

132 2135 228 2174 sibus,
250 2136 513 2175 Forliuiensibus,
531 2138 759 2179 Fauentin(is),
777 2138 1019 2175 Ymolensibus,
1038 2137 1306 2175 Bononiensibus,
1331 2136 1542 2167 Vrbinatibus
1567 2146 1603 2166 ac
1628 2136 1763 2166 hemini-

132 2185 188 2217 bus
206 2186 323 2219 Montis
339 2188 473 2228 Feretri,
490 2189 673 2220 Bertcncrii
697 2200 818 2220 necnon
843 2194 875 2220 et
899 2190 970 2220 aliis
989 2189 1121 2219 aliarum
1139 2189 1302 2219 civitatum
1320 2192 1444 2229 atquem
1469 2188 1595 2218 illarum
1619 2188 1762 2229 parcium

134 2240 164 2268 et
187 2238 336 2277 locorum,
360 2251 421 2281 que
446 2241 545 2282 ipsius
570 2241 716 2272 Romane
741 2242 901 2272 ecclesien
925 2242 1001 2272 iuris
1028 2241 1186 2280 existunt,
1210 2241 1423 2271 iuramentum
1447 2239 1610 2270 fidelitatis
1635 2239 1762 2269 nomine

138 2294 242 2321 nostro
267 2291 381 2322 dieitur
403 2293 574 2334 recepisse,
598 2303 655 2323 nos
680 2294 915 2335 conspicientes
939 2293 970 2323 id
995 2294 1026 2323 in
1050 2292 1259 2334 preiudieium
1283 2292 1360 2323 iuris
1385 2291 1468 2322 dicte
1493 2291 1602 2321 matris
1627 2291 1763 2321 ecclesie

135 2341 353 2381 subsecutum,
386 2344 535 2385 quicquid
564 2355 622 2385 per
652 2345 789 2375 eundem
825 2345 1050 2376 cancellarium
1082 2355 1139 2375 seu
1169 2354 1404 2384 quemcumque
1436 2342 1532 2373 alium
1557 2343 1587 2372 in
1612 2342 1762 2384 predictis

136 2392 341 2431 civitatibus0,
365 2395 443 2426 locis
468 2399 500 2426 et
522 2397 615 2427 terris
641 2407 697 2427 scu
722 2407 779 2437 per
803 2397 947 2427 homines
973 2397 1115 2437 ipsorum
1134 2396 1311 2431 civitatum,
1336 2399 1493 2425 terrarum
1510 2398 1605 2435 atslue
1623 2394 1762 2424 locorum

136 2446 248 2479 actum,
271 2449 406 2486 gestum,
431 2448 627 2488 recognitum
651 2448 758 2478 extitit
782 2448 848 2479 sive
874 2448 1022 2486 iuratum,
1048 2451 1079 2478 et
1104 2447 1286 2488 specialiter
1302 2446 1444 2487 predicta
1461 2446 1637 2476 iuramenta
1655 2445 1762 2475 remit-

136 2495 238 2534 timus,
262 2498 440 2529 relaxamus
458 2504 490 2530 ct
511 2500 555 2530 cis
578 2501 802 2531 renunciamus
820 2511 856 2531 ac
874 2500 1019 2541 predicta
1040 2500 1145 2530 onmia
1161 2509 1356 2535 revocamus7
1381 2508 1557 2533 cassamus,
1575 2497 1763 2533 anullamus⁷

138 2547 302 2588 irritamus,
327 2561 418 2581 cassa
436 2554 467 2582 et
483 2552 571 2582 irrita
588 2552 776 2582 nunciamus
795 2563 831 2582 ac
848 2552 994 2582 omnibus
1013 2551 1133 2582 viribus
1151 2560 1335 2583 vacuamus,
1360 2549 1513 2585 volentes,
1538 2551 1714 2578 statuentes
1733 2551 1764 2577 ct

141 2601 377 2633 consencientes
391 2613 555 2644 expresse,
573 2604 657 2644 quod
674 2614 732 2645 per
748 2603 779 2633 id
795 2603 916 2633 nullum
934 2603 981 2632 ius
998 2602 1090 2632 nobis
1109 2605 1140 2632 ct
1157 2601 1289 2642 imperio
1307 2603 1468 2630 accrescat
1486 2599 1534 2628 vel
1553 2599 1611 2639 ipsi
1628 2598 1762 2627 ecclesie

237 2710 300 2738 ⁴222.
325 2714 348 2745 a)
369 2716 490 2739 domino
509 2716 568 2740 zalal.
594 2716 619 2739 T.
702 2715 725 2747 h)
745 2720 815 2747 roget
833 2725 870 2739 ω’.
945 2715 967 2746 c)
988 2714 1098 2739 hlotildis
1122 2714 1149 2737 Τ.
1225 2711 1247 2739 ⁴¹)
1269 2712 1405 2736 melmun-ii
1431 2711 1456 2735 T.
1526 2712 1548 2735 ⁴⁰)
1567 2710 1713 2733 'Frebarinin
1739 2709 1763 2732 T.

144 2752 161 2782 r)
180 2756 279 2781 Lodnici
303 2758 328 2782 T.
424 2762 448 2789 ἕ)
467 2759 532 2783 deest
557 2759 582 2783 Τ,
679 2758 696 2789 1')
716 2759 829 2790 Gregorii
856 2759 880 2783 Τ,
985 2756 1010 2789 k)
1031 2761 1055 2781 ut
1079 2757 1103 2781 Τ,
1206 2755 1222 2785 l)
1243 2755 1329 2779 cadem
1348 2763 1424 2778 vimis(
1441 2757 1498 2784 lwsl
1517 2753 1540 2775 iu
1561 2753 1628 2775 linea
1647 2752 1707 2775 adal.
1728 2760 1762 2775 ur.

140 2798 169 2831 ¹¹¹)
188 2807 230 2823 ⁵011
254 2800 279 2824 T·
375 2801 399 2833 Π)
418 2802 478 2826 ecel.
497 2803 566 2826 Rom.
591 2802 617 2825 T.
714 2803 737 2833 υ)
754 2802 885 2833 praecedit
904 2810 998 2825 rasura
1017 2800 1127 2824 duarum
1147 2799 1286 2822 liltcmritm
1308 2798 1350 2821 in!
1369 2806 1405 2820 cr.
