2259 3164
94 758 116 776 10

94 1017 115 1035 15

93 1372 116 1391 20

96 1652 119 1671 25

94 1908 118 1927 30

97 2260 119 2278 ³5

438 191 594 217 RUDOLFI
615 191 720 218 REGIS
740 191 1062 219 CONSTI'FUTIONEs.
1102 196 1173 221 1290.
1211 196 1255 221 Nr.
1270 197 1327 222 410.
1342 197 1398 223 441.
1413 198 1470 225 442.
1711 201 1770 230 4⁶25

247 278 405 309 Rudolfus
434 277 493 308 Dei
521 278 629 319 gracia
661 278 878 310 Romanorum
907 290 964 310 rex
993 291 1118 321 semper
1147 286 1302 322 angustus
1332 284 1488 314 universis
1522 287 1602 316 sacri
1634 286 1770 316 Romani

143 331 265 373 imperii
289 330 437 362 fidelibus
460 331 602 372 graciam
628 341 716 361 suam
741 334 772 361 et
795 342 888 362 omne
913 332 1041 362 bonum.

246 382 339 413 Licet
361 382 478 423 regalis
503 382 601 413 animi
624 382 874 413 benivolentiam
899 383 939 414 ad
969 384 1133 415 universos
1158 385 1293 416 Romani
1321 387 1444 428 imperii
1470 389 1630 429 principes
1655 392 1768 419 cxtcn-

142 434 218 466 dere
241 434 387 475 largiflue
412 437 592 471 teneamur,
618 435 756 464 maximo
780 437 888 465 tamen
914 438 1026 466 nature
1052 435 1192 467 dictante
1219 438 1346 467 stimulo
1379 442 1519 469 nostram
1548 441 1668 480 prolem
1698 451 1769 481 pro-

144 486 243 528 priam
267 486 349 517 bcne
375 486 518 516 meritam
544 485 713 526 dignamur
736 486 905 527 prevenire
929 487 1030 527 gloria
1055 491 1086 518 ct
1110 488 1240 519 honore.
1286 489 1336 519 Ad
1362 490 1421 520 hoc
1443 491 1553 531 itaque
1583 491 1690 521 habito
1720 503 1769 522 rc-

142 541 252 580 spectu
280 548 413 578 regnum
438 537 594 578 Ungarie,
624 537 706 578 quod
735 537 826 568 nobis
856 541 888 568 ct
915 538 1049 579 imperio
1078 549 1135 579 per
1162 544 1296 570 mortem
1321 541 1479 581 quondam
1506 542 1657 583 Ladyzlai
1686 543 1769 583 regis

142 599 252 620 vacare
270 588 456 628 dinoscitur,
483 599 553 619 cum
571 589 634 619 suis
652 588 843 626 hominibus,
870 590 971 626 terris,
997 590 1121 627 castris,
1146 591 1342 629 civitatibus,
1367 592 1501 633 oppidis,
1528 593 1619 630 villis⁷
1644 605 1768 635 posscs-

142 640 298 677 sionibus,
327 640 448 671 iuribus
473 651 598 671 necnon
623 640 799 671 attinentiis
824 641 980 671 universis
1005 645 1037 672 ct
1062 642 1146 672 omni
1171 653 1209 672 eo
1235 643 1316 679 iure,
1347 654 1407 684 quo
1432 643 1515 674 idcm
1540 655 1672 685 regnum
1698 656 1769 686 prc-

141 693 241 724 dictus
266 703 324 724 rex
347 692 530 734 Ladyzlaus
555 692 731 723 dinoscitur
754 693 911 730 tenuisse,
937 693 1053 724 illustri
1077 694 1211 724 Alberto
1237 694 1310 724 duci
1337 695 1466 726 Austrie
1493 697 1624 737 principi
1650 700 1681 727 ct
1706 697 1769 727 filio

142 748 248 776 nostro
277 745 444 775 karissimo
480 745 574 775 titulo
610 744 730 775 feodali
759 756 777 775 a
812 745 902 775 nobis
933 749 965 776 ct
997 746 1130 787 imperio
1160 749 1316 787 perpetuo
1347 747 1570 788 possidendum
1607 760 1646 778 cx
1683 749 1770 789 regia

141 797 355 828 munificentia
384 796 422 827 de
454 797 632 838 principum
663 800 694 827 et
723 796 874 827 baronum
905 797 1029 838 imperii
1058 798 1188 828 consilio
1218 798 1423 829 concedimus
1458 803 1489 829 ct
1518 799 1682 830 donamus.
1734 800 1769 829 In

143 848 232 879 cuius
266 849 311 879 rei
341 848 557 879 testimonium
593 848 674 878 hane
710 849 858 890 paginam
890 849 1047 879 conscribi
1081 853 1113 880 ct
1142 853 1249 880 nostre
1280 850 1457 880 maiestatis
1488 851 1591 892 sigillo
1621 851 1770 881 iussimus

141 900 291 932 roborari.

245 951 363 983 Datum
382 952 539 991 Erfordie,
564 952 666 994 pridie
683 951 850 983 Kalendas
875 952 1085 994 Septembris,
1110 963 1192 983 anno
1210 952 1337 983 Domini
1361 953 1529 984 millesimo
1548 953 1768 985 ducentesimo

142 1004 358 1046 nonogesimo,
382 1003 555 1034 indictione
581 1004 684 1044 tertia,
710 1005 799 1045 regni
824 1015 899 1035 vero
924 1005 1022 1035 nostri
1047 1015 1130 1035 anno
1156 1005 1290 1045 scptimo
1313 1004 1448 1035 decimo.

141 1147 215 1179 441.
239 1149 489 1180 PROMISSlt)
512 1149 719 1180 ALBERTI
745 1149 882 1181 DNMS
904 1150 1145 1181 AUSTRJAR'
1170 1150 1336 1181 GOMITI
1355 1150 1588 1181 JzsiLATINo
1611 1152 1770 1183 FACTA.

887 1202 970 1241 Sept.
989 1204 1019 1233 1).

244 1261 469 1300 Alcloyrapleotz
492 1261 643 1292 tabularii
666 1262 773 1292 sccreli
797 1262 905 1292 donnas
922 1262 1022 1301 mylae
1038 1262 1228 1293 &marium
1244 1263 1343 1293 (letum
1359 1263 1588 1301 ‹I«1.s·‹;r1)›.si1mc<.
1629 1263 1770 1303 ›Sigsilllcm

143 1312 201 1343 iam
225 1312 317 1350 deest,
345 1312 409 1351 filis
431 1314 539 1344 scricis
562 1313 674 1343 viridis
697 1313 806 1344 coloris
831 1314 955 1344 relictis.
1005 1314 1053 1351 Cf⁴
1077 1325 1176 1353 supra
1200 1325 1248 1345 nr.
1263 1316 1326 1344 127
1348 1317 1375 1344 ct
1398 1314 1471 1353 1:131.
1491 1315 1561 1353 [ηιμ.
1584 1315 1770 1351 l'l,:.².²;0·.2a.

1485 1366 1537 1405 (P.
1562 1367 1665 1401 deest.)

244 1432 310 1464 Nos
334 1433 487 1464 Albcrtus
518 1433 579 1464 Dei
608 1434 715 1475 gracia
739 1433 804 1464 dux
829 1434 959 1464 Austrie
988 1437 1019 1464 ct
1050 1434 1161 1472 Stirie,
1191 1434 1338 1464 dominus
1364 1434 1530 1473 Carniolc,
1565 1434 1707 1465 Mai-clue
1739 1439 1769 1464 ct

144 1484 254 1515 Portus
278 1484 399 1515 Naonis
424 1488 534 1515 tenore
559 1486 762 1526 presencium
787 1486 975 1526 profitemur
1005 1489 1036 1516 et
1061 1486 1142 1516 scire
1167 1486 1311 1516 volumus
1336 1486 1511 1523 universis,
1545 1486 1628 1526 quod
1661 1487 1686 1516 si
1717 1497 1772 1517 nos

145 1535 183 1566 ad
205 1537 295 1577 regni
319 1536 455 1567 Romani
480 1537 699 1577 gubernacula
723 1537 889 1578 dirigenda
916 1537 1080 1578 contingat
1105 1539 1233 1568 favente
1257 1538 1425 1568 Altissimo
1449 1538 1639 1579 promoveri,
1666 1539 1772 1568 omnia

143 1587 319 1629 privilegia,
344 1588 530 1628 libertates,
555 1589 695 1629 gracias,
720 1589 860 1620 honores
886 1593 917 1620 et
942 1590 1010 1619 iura
1035 1589 1143 1619 inclito
1178 1590 1312 1630 principi
1337 1589 1464 1619 domino
1488 1589 1637 1620 Lodwico
1662 1590 1770 1620 comiti

143 1638 279 1680 palatino
309 1639 392 1670 Reni
427 1639 499 1670 duci
533 1640 681 1671 Bawarie
716 1641 806 1671 fratri
838 1644 946 1671 nostro
980 1641 1147 1671 karissimo
1179 1651 1235 1682 per
1266 1641 1508 1671 serenissimum
1540 1641 1701 1671 dominum
1736 1644 1769 1671 et

142 1693 261 1730 patrem
285 1694 425 1721 nostrum
451 1691 623 1722 Rudolfum
648 1692 865 1722 Romanorum
890 1703 999 1732 regem
1024 1703 1060 1722 ac
1085 1692 1162 1722 alios
1188 1692 1397 1733 imperatores
1427 1696 1458 1723 ct
1489 1703 1582 1732 reges
1608 1692 1769 1733 quoslibet

141 1741 382 1782 predecessores
406 1753 480 1773 suos
505 1754 560 1784 pro
586 1743 772 1774 diversitate
799 1747 978 1784 temporum
1003 1743 1123 1774 tradita
1147 1747 1179 1774 ct
1203 1754 1355 1775 concessa
1383 1744 1487 1775 eidem
1505 1744 1611 1774 comiti
1628 1744 1769 1784 palatino

141 1792 220 1824 Reni
244 1796 275 1824 et
298 1793 398 1836 ipsius
422 1794 596 1825 heredibus
621 1795 733 1826 libenti
758 1795 863 1825 animo
890 1795 1035 1825 volumus
1060 1798 1091 1825 et
1116 1796 1328 1836 promittimus
1354 1796 1582 1826 inviolabiliter
1599 1795 1768 1826 observ-arc

142 1855 178 1875 ac
200 1845 380 1877 huiusmodi
404 1847 582 1888 privilegia,
607 1847 786 1886 libertates,
812 1848 948 1888 gracias,
972 1848 1110 1878 honores
1137 1851 1168 1878 et
1192 1848 1260 1878 iura
1285 1848 1388 1888 sigillo
1413 1850 1520 1877 nostro
1545 1847 1650 1888 regio,
1675 1857 1768 1888 quam

143 1897 204 1927 cito
227 1907 283 1928 nos
306 1897 384 1928 illud
408 1897 529 1930 habere
548 1899 728 1939 contigerit,
754 1898 955 1930 confirmare.
997 1898 1221 1929 Concedentes
1248 1898 1304 1929 has
1330 1902 1454 1929 nostras
1473 1898 1595 1929 litteras
1621 1899 1651 1928 in
1677 1898 1767 1929 testi-

143 1949 279 1980 monium
304 1960 400 1991 super
424 1960 471 1980 eo.

246 1999 319 2032 Dat.
344 2001 535 2043 Ratisponc,
560 2013 642 2033 anno
666 2002 794 2033 Domini
818 2002 906 2033 MCC
931 2002 1151 2043 nonagesimo,
1176 2002 1215 2033 V.
1233 2002 1310 2033 Idus
1341 2001 1520 2043 Septembr.

301 2145 377 2178 442.
401 2147 666 2179 SENTENTIA
690 2147 758 2178 DE
779 2147 1116 2179 DEVOLUTIONE
1136 2147 1409 2179 FEIVDORNM.
1456 2147 1527 2186 ›5¹qu
1560 2148 1603 2177 11).

247 2206 417 2246 Hucusque
440 2208 591 2238 ineditam
618 2208 701 2238 dulit
730 2209 793 2238 mm
817 2208 889 2239 olim
915 2208 1092 2238 Bclllmmm
1114 2219 1151 2238 αι’
1175 2210 1365 2237 transmutato
1389 2218 1418 2239 (1.,
1440 2209 1529 2237 1554.
1558 2208 1589 2237 in
1613 2206 1768 2237 [ahetharim

145 2256 300 2288 Insulensi
322 2262 485 2297 cessaream,
509 2260 592 2298 quod
613 2260 713 2290 (lenia)
736 2260 931 2291 contulimus.
959 2279 997 2282 —
1020 2260 1165 2297 Bdlzmer,
1192 2260 1263 2299 [icy.
1284 2260 1354 2298 [nep.
1376 2259 1426 2295 VI,
1440 2261 1532 2289 2371.

1479 2310 1531 2350 (P.
1556 2310 1662 2349 deest.)

246 2377 313 2409 Nos
332 2379 489 2411 Rudolfus
511 2380 573 2411 Dei
597 2382 705 2422 gracia
722 2381 937 2412 Romanorum
965 2392 1020 2412 rex
1046 2391 1173 2421 semper
1191 2384 1346 2421 augustus
1371 2380 1411 2410 ad
1436 2380 1656 2410 universorum
1684 2378 1765 2407 noti-

146 2428 225 2458 ciam
259 2433 369 2462 tenorc
404 2433 603 2472 presencium
634 2433 780 2463 volumus
817 2433 1000 2474 pervenire,
1036 2432 1119 2473 quod
1156 2443 1238 2462 anno
1268 2432 1396 2462 Domini
1426 2431 1514 2461 MCC
1550 2431 1764 2470 nonagesimo,

110 2478 112 2480 ’
147 2483 257 2519 quarto
281 2481 356 2512 Idus
380 2483 590 2524 Septembris,
616 2484 787 2515 indictione
813 2485 923 2523 tercia,
948 2484 1038 2514 nobis
1061 2484 1143 2525 apud
1170 2483 1348 2514 Erfordiam
1376 2494 1430 2524 pro
1454 2483 1604 2513 tribunali
1629 2481 1766 2511 sedenti—

98 2537 121 2556 40

97 2800 120 2819 4⁵

147 2529 204 2560 bus
226 2533 384 2572 quesitum
408 2535 465 2565 fuit
489 2546 545 2576 per
570 2536 766 2566 sentenciam
796 2546 899 2566 eoram
930 2535 1033 2571 nobis,
1069 2538 1172 2565 utrum
1202 2536 1307 2576 aliquo
1337 2535 1457 2565 vasallo
1487 2533 1619 2564 alicuius
1648 2532 1766 2561 domini

146 2586 266 2614 mortuo
295 2584 363 2616 sine
391 2586 532 2616 masculo
562 2587 700 2626 herede,
736 2588 761 2617 si
793 2587 921 2617 feodum
948 2588 1045 2628 ipsius
1073 2587 1185 2617 vasalli
1210 2587 1382 2627 premortui
1408 2586 1538 2627 propius
1563 2584 1601 2614 ad
1626 2593 1766 2613 sororem

146 2633 241 2673 ipsius
268 2635 408 2667 defuncti
437 2638 548 2668 vasalli
581 2642 686 2669 utrum
714 2638 754 2669 ad
784 2638 946 2669 dominum
975 2638 1059 2669 feodi
1087 2642 1173 2668 esset
1202 2638 1395 2668 devolutum.
1444 2637 1484 2666 Et
1509 2636 1612 2666 extitit
1637 2638 1764 2665 sentcn-

149 2683 268 2716 cialiter
294 2686 480 2728 diffinitum,
514 2689 598 2730 quod
627 2691 690 2720 talc
727 2689 855 2720 feodum
885 2694 1014 2720 vacaret
1042 2689 1169 2720 domino
1199 2689 1326 2730 penitus
1356 2692 1387 2719 ct
1417 2688 1543 2717 omnino
1573 2690 1605 2717 et
1633 2686 1671 2716 de
1696 2686 1764 2725 ipso

146 2739 255 2775 posset
276 2737 422 2770 dominus
446 2740 592 2772 ordinare
618 2752 674 2782 pro
698 2752 754 2772 sue
783 2741 873 2771 libito
898 2741 1085 2777 voluntatis,
1115 2751 1222 2771 sorore
1247 2740 1359 2771 vasalli
1383 2740 1507 2780 penitus
1531 2737 1677 2769 exclusa,
1707 2736 1764 2765 nisi

147 2785 289 2819 dominus
313 2789 351 2821 de
376 2801 431 2822 sua
457 2792 567 2832 gracia
588 2793 664 2823 velit
689 2794 715 2824 ci
738 2794 840 2834 ipsum
860 2792 989 2823 feodum
1013 2792 1191 2823 concedere
1216 2802 1271 2833 pro
1288 2795 1430 2832 temporo
1456 2790 1519 2819 vite
1544 2799 1611 2819 suc.
1649 2786 1763 2817 Testes

244 2855 279 2874 LL.
292 2857 501 2876 CONSTITUTlONES
520 2860 552 2877 Ill.
886 2848 887 2852 ¹
1530 2848 1563 2872 εμὲ
