2259 3116
430 129 491 159 294
696 126 855 152 RUDOLFI
874 126 980 153 REGIS
1001 126 1328 154 OONSTITUTIONES.
1365 128 1438 154 1281.
1475 127 1523 154 Nr.
1537 127 1595 153 289.
1609 126 1668 153 290.
1682 127 1741 154 291.
1754 127 1812 155 2⁹2.

423 215 496 254 seri,
522 225 558 245 ac
584 215 609 245 si
635 214 764 245 omnino
789 214 828 245 de
853 225 931 256 puro
955 215 1217 246 ministerialium
1241 225 1360 256 genere
1378 215 1444 246 nati
1467 217 1584 255 essent,
1609 214 1655 245 ita
1672 214 1758 255 quod
1774 214 1813 246 ad
1831 215 2070 247 successionem

422 267 590 306 bonorum,
615 266 793 304 feodorum,
817 266 1057 307 homagiorum,
1090 267 1206 298 iurium
1232 267 1373 298 omnium
1406 277 1463 297 seu
1491 266 1733 308 privilegiorum
1762 269 1971 307 paternorum
2004 267 2072 308 pari

423 319 525 349 forma
555 318 636 348 sicut
665 318 731 349 veri
763 328 803 348 ex
831 321 968 359 utroque
998 321 1131 360 parente
1159 319 1388 349 ministeriales
1418 328 1482 349 non
1511 318 1663 348 obstante
1699 317 1889 349 condicione
1924 322 2071 350 materna

423 370 610 411 simpliciter
633 369 856 402 admittantur.
903 369 945 400 Et
969 374 1004 401 ut
1028 370 1087 401 hec
1118 373 1226 401 nostre
1256 370 1398 411 provisio
1428 370 1536 410 gracie
1566 369 1754 411 singularis,
1785 379 1881 410 quam
1913 380 1955 401 ex
1984 373 2073 401 certa

423 421 563 451 sciencia
587 420 731 459 fecimus,
756 425 914 462 perpetue
939 421 1038 452 robur
1062 421 1208 452 obtineat
1231 421 1403 458 firmitatis,
1428 420 1485 451 lias
1510 420 1661 461 lotteras)
1686 419 1803 451 exinde
1827 420 2018 463 co(nscribi)
2038 424 2070 453 et
2109 432 2119 451 5

424 473 564 515 n(ostre)
589 473 798 514 ma(iestatis)
824 472 959 514 s(igillo)
984 473 1134 504 iussimus
1160 472 1359 504 communiri.

987 609 1065 641 290.
1089 609 1239 641 ALIAE
1259 608 1506 640 LITTERAE.

530 671 586 702 Ea*
608 671 634 702 Ε
657 670 712 709 fol.
730 671 801 700 110‘
826 681 874 701 nr.
894 669 944 701 57.
995 669 1045 707 Cf.
1069 670 1215 707 Balaam,
1239 670 1314 709 Rey.
1333 670 1404 708 imp.
1424 669 1478 707 VI,
1493 669 1585 699 1507.
1780 669 1834 709 (P.
1858 669 1965 707 deest.)

530 757 633 798 Regie
669 756 868 787 celsitudinis
902 756 1022 798 tytulos
1057 756 1097 787 ad
1132 756 1262 787 alcioris
1296 755 1417 796 fastigii
1452 754 1550 786 decus
1580 755 1782 795 extollimus,
1813 755 1888 787 dum
1918 766 2071 798 personas

423 808 648 840 laudabilitate
671 808 746 839 fidei
772 812 803 839 et
828 808 1042 839 strennuitate
1065 808 1230 850 fulgentes
1254 808 1293 840 ad
1319 807 1515 839 condicionis
1534 807 1685 848 erigimus
1703 808 1919 849 prestanciam
1935 807 2071 839 alcioris.
2099 820 2123 839 io

426 860 511 892 Saue
537 871 608 891 cum
632 860 706 891 talis
731 869 771 890 ex
795 862 885 901 patre
910 859 1113 890 ministeriali
1138 860 1212 891 talis
1238 859 1374 890 ecclesie
1394 862 1426 889 et
1444 861 1546 889 matre
1566 858 1713 889 militaris
1731 858 1930 889 condicionis
1947 859 2074 899 genitus

422 916 532 944 nostre
557 912 716 944 accedens
741 912 921 942 maiestatis
945 912 1148 953 presenciam
1172 911 1263 942 nobis
1289 911 1452 941 humiliter
1477 909 1682 951 supplicavit,
1713 913 1749 941 ut
1777 921 1849 941 cum
1876 910 1947 952 ipso
1978 920 2074 952 super

422 964 550 995 defectu
575 964 756 995 huiusmodi
782 975 875 1005 quem
901 964 1021 1005 patitur
1035 963 1242 1005 dignaremur
1258 962 1482 994 favorabiliter
1498 961 1698 1003 dispensare,
1723 972 1781 993 nos
1799 963 1909 1004 itaque
1926 962 2027 1004 ipsius
2045 986 2072 994 ..

422 1016 597 1047 humilibus
623 1016 914 1058 supplicacionibus
932 1015 1086 1055 inclinati,
1111 1016 1171 1056 ipsi
1196 1015 1358 1046 defectum
1376 1013 1557 1045 huiusmodi
1576 1024 1617 1044 ex
1634 1017 1723 1045 certa
1741 1013 1884 1045 sciencia
1901 1013 2070 1045 abolentes

423 1079 495 1099 eum
521 1068 559 1099 de
584 1068 787 1109 plenitudIne
812 1068 984 1109 potestatis
1009 1068 1099 1108 regie
1128 1067 1189 1098 iuri
1219 1070 1250 1098 et
1279 1067 1422 1108 paternis
1452 1066 1615 1097 natalibus
1644 1065 1845 1097 restituimus
1873 1066 2074 1107 integraliter
2099 1076 2121 1095 ιε

424 1123 456 1150 et
479 1120 510 1150 in
535 1123 612 1159 toto,
637 1120 782 1151 volentes
807 1119 892 1160 quod
916 1130 978 1150 non
1003 1119 1152 1150 obstante
1177 1119 1346 1150 humiliore
1372 1129 1429 1150 sue
1454 1119 1566 1149 matris
1591 1118 1778 1149 condicione
1802 1117 1943 1157 iuribus,
1975 1117 2070 1149 liber-

424 1173 546 1203 tatibus
572 1176 604 1203 et
628 1172 804 1203 honoribus
829 1172 1088 1202 ministerialium
1113 1171 1256 1213 predicte
1282 1170 1419 1202 ecclesie
1447 1171 1572 1201 fruatur
1596 1173 1628 1201 et
1651 1169 1794 1212 gaudeat
1818 1180 1946 1201 exnunc
1971 1172 2003 1201 et
2025 1169 2072 1200 in-

425 1229 521 1255 antea
545 1224 641 1265 pleno
666 1224 744 1255 iure.
790 1224 827 1254 In
853 1224 944 1254 cuius
969 1227 1029 1255 etc.

937 1366 1013 1398 291.
1039 1367 1188 1398 ALIAE
1208 1366 1454 1399 LITTERAE.

532 1427 585 1457 Er
609 1427 634 1457 E
656 1427 714 1467 fol.
734 1428 804 1457 110¹
828 1438 876 1458 ην.
896 1428 945 1457 55¹.
996 1428 1043 1466 Cf.
1070 1428 1213 1465 Biihmer,
1239 1428 1311 1467 Rey.
1330 1428 1403 1466 imp.
1425 1427 1478 1465 VI,
1498 1428 1590 1460 1:307.
1723 1428 1726 1429 ⁷
1779 1427 1832 1467 (P.
1857 1427 1964 1463 deest.)
2095 1436 2120 1455 2⁰

511 1513 612 1554 Regic
637 1513 793 1543 claritatis
818 1513 939 1554 tytulos
967 1513 1006 1544 ad
1031 1514 1194 1555 amplioris
1219 1514 1361 1555 preconii
1386 1513 1485 1544 decus
1514 1514 1702 1544 extollimus
1733 1516 1765 1544 et
1793 1513 1963 1553 honorem,
1996 1512 2069 1544 dum

425 1565 542 1595 merita
567 1564 775 1604 subditorum,
800 1576 838 1595 eo
864 1576 925 1606 quo
951 1567 1140 1607 accepciora
1164 1566 1231 1596 fore
1256 1565 1446 1605 studuerint,
1471 1565 1631 1606 preconiis
1658 1564 1841 1606 pocioribus
1865 1565 2069 1607 prevenimus

425 1620 457 1647 et
485 1627 639 1657 personas
668 1617 895 1647 choruscantes
927 1618 1100 1648 virtutibus
1130 1628 1166 1648 ac
1199 1618 1411 1648 strennuitate
1441 1617 1622 1648 laudabiles
1653 1617 1844 1659 insignimus
1876 1616 2069 1648 condicionis

425 1668 609 1708 prestaueia
634 1667 796 1708 dignioris.
846 1668 930 1699 Sane
956 1680 1027 1699 cum
1052 1669 1126 1700 talis
1150 1669 1242 1700 miles
1267 1670 1365 1710 gratis
1392 1672 1423 1700 ct
1447 1669 1619 1700 fructuosis
1644 1669 1809 1710 obsequiis
1839 1669 1871 1699 in
1895 1668 2012 1700 nostris
2036 1670 2068 1698 et

424 1719 550 1759 imperii
575 1720 714 1750 comodis
740 1720 905 1750 fidelitatis
931 1731 987 1751 suc
1006 1720 1133 1751 dederit
1150 1731 1316 1762 operosam
1336 1724 1368 1752 et
1384 1721 1603 1751 inviolabilem
1622 1721 1841 1751 constanciam
1858 1719 1938 1751 adeo
1955 1719 2064 1751 lauda·
2093 1728 2117 1747 2⁵

425 1770 531 1800 biliter
555 1771 705 1811 experiri,
730 1771 813 1811 quod
838 1772 939 1813 ipsius
964 1773 1103 1803 honores
1128 1776 1159 1803 et
1184 1773 1387 1814 profectuum
1413 1773 1612 1803 incrementa
1636 1773 1821 1814 prospicere
1846 1775 1878 1803 et
1903 1771 2067 1802 intendere

425 1822 539 1851 merito
564 1821 679 1852 debeat
705 1823 821 1863 regalis
846 1823 1028 1864 benignitas
1054 1830 1085 1854 et
1111 1824 1258 1863 affectus,
1291 1835 1348 1854 nos
1374 1823 1513 1855 eundem
1545 1824 1585 1855 ad
1615 1827 1725 1855 nostra
1752 1827 1784 1855 et
1814 1823 1940 1865 imperii
1968 1823 2067 1854 conti-

425 1874 552 1904 nuanda
577 1874 713 1905 servicia
742 1875 861 1905 sorcius
893 1876 1124 1916 astringentes,
1154 1876 1259 1917 ipsum
1290 1877 1388 1907 talem
1418 1876 1456 1906 de
1485 1875 1688 1917 plenitudine
1718 1875 1806 1916 regie
1835 1875 2001 1917 potestatis
2028 1873 2067 1905 ad

426 1928 543 1955 statum
569 1927 718 1956 comitum
744 1937 968 1967 promovemus
994 1927 1117 1969 sibique
1142 1929 1383 1969 prerogativam
1415 1932 1447 1958 et
1476 1928 1684 1969 privilegium
1715 1927 1865 1958 comitum
1893 1926 2067 1958 liberaliter

425 1980 457 2006 et
485 1978 631 2016 graciose
663 1978 811 2009 duximus
843 1979 1097 2018 concedendum,
1128 1983 1163 2010 ut
1192 1980 1335 2021 ipsorum
1360 1990 1504 2017 numero,
1529 1980 1631 2020 tytulo
1657 1979 1823 2020 dignitatis
1849 1981 1881 2009 et
1904 1977 2065 2009 consorcio
2091 1985 2115 2004 ³⁰

425 2032 620 2068 aggregatus
652 2033 813 2070 tamquam
844 2031 993 2061 nativalis
1024 2034 1055 2060 et
1079 2031 1255 2071 legittimus
1280 2042 1388 2062 comes
1414 2031 1605 2069 honoribus,
1630 2031 1771 2070 iuribus,
1802 2029 2006 2062 libertatibus
2035 2030 2066 2059 et

424 2081 539 2119 graciis
565 2081 715 2111 comitum
741 2081 842 2112 libere
867 2082 1007 2122 gaudeat
1031 2085 1063 2113 et
1088 2082 1222 2113 fruatur.

759 2227 834 2259 292.
863 2228 1110 2259 (Joffl‘vfs'su)
1136 2228 1317 2259 OFFJMI
1339 2228 1738 2261 TARELLIONATFS.

536 2287 583 2317 1211·
609 2288 632 2317 E
654 2287 711 2328 fal.
736 2290 801 2317 710¹
827 2299 875 2318 ην.
894 2290 942 2319 59.
987 2288 1124 2319 Dubium
1150 2299 1220 2322 essu,
1244 2299 1320 2319 mma
1343 2299 1450 2319 revera
1467 2291 1598 2327 {rumpere
1616 2288 1745 2327 liudolfi
1768 2289 1848 2328 reyis
1870 2287 1944 2318 haec
1965 2286 2064 2324 forma

423 2338 564 2368 adhibila
589 2339 637 2370 sil.
664 2340 782 2369 monui!
808 2340 853 2369 cir
877 2339 911 2370 cl.
938 2340 1076 2371 humer.
1103 2359 1141 2362 β
1167 2340 1312 2372 Balaam:
1338 2340 1411 2379 Itegl.
1431 2342 1501 2379 imp.
1524 2340 1575 2377 17,
1591 2342 1682 2372 1505).
1777 2339 1829 2380 (P.
1855 2339 1961 2375 deest.)
2088 2349 2110 2369 ιο

532 2425 640 2455 (¹laret
664 2426 788 2466 imperii
815 2425 970 2456 celsitudo
996 2426 1119 2457 ‹lceoris
1145 2429 1175 2456 et
1201 2426 1377 2467 splendidis
1403 2426 1575 2457 irradiatur
1599 2426 1788 2467 fulgoribus,
1818 2425 1892 2456 dum
1916 2422 2064 2455 ministris

425 2477 560 2517 stipatur
584 2476 716 2517 ydoneis
742 2481 772 2507 et
798 2477 896 2517 ipsius
922 2478 1026 2508 oftieia
1051 2478 1183 2508 salutari
1208 2478 1397 2508 devotorum
1422 2477 1564 2508 fidelium
1582 2479 1739 2519 regimine
1758 2478 1947 2519 diriguntur.
1982 2474 2063 2506 Sane

424 2528 581 2557 accedens
606 2528 645 2558 ad
671 2529 770 2559 nostri
797 2529 946 2559 culminis
972 2530 1172 2570 presenciam
1198 2530 1271 2560 talis
1297 2530 1388 2560 nobis
1413 2529 1577 2560 humiliter
1601 2530 1809 2571 supplicavit,
1841 2533 1875 2560 ut
1899 2528 2001 2570 ipsum
2024 2524 2062 2556 ad

425 2579 651 2610 tabellionatus
677 2581 814 2610 osticium
841 2580 1047 2620 dignaremur
1071 2581 1110 2611 de
1136 2581 1335 2621 benignitate
1361 2582 1449 2622 regia
1471 2592 1671 2623 promovere.
1710 2580 1776 2611 Nos
1801 2590 1877 2611 vero
1901 2578 1941 2610 ad
1965 2586 2060 2618 expe-

424 2630 582 2661 dicionem
602 2631 745 2662 eiusdem
765 2633 860 2662 oflicii
880 2633 1094 2663 sollicitudine
1112 2632 1220 2664 debita
1239 2632 1443 2664 intendentes
1459 2644 1494 2663 ac
1509 2634 1656 2664 volentes
1672 2632 1776 2664 eidem
1790 2631 1897 2662 officio
1910 2637 2061 2672 personas
2086 2635 2109 2654 ιο

424 2684 581 2722 prolicere
601 2684 739 2713 maxime
757 2684 898 2724 ydoneus
916 2688 945 2714 et
964 2684 1083 2720 tideles,
1102 2685 1175 2725 quia
1193 2684 1373 2725 predictum
1392 2685 1487 2715 talem
1507 2685 1535 2715 in
1555 2685 1699 2726 predicto
1717 2683 1945 2714 tabellionatus
1961 2679 2061 2711 officio

424 2734 601 2764 examinari
628 2735 761 2764 serimus
788 2734 968 2775 diligenter.
994 2736 1172 2777 reperimus
1198 2739 1418 2777 competenter
1442 2735 1603 2777 ydoneum
1629 2735 1669 2766 ad
1693 2733 1902 2766 obtinendum
1926 2730 2060 2763 officium

2165 2573 2170 2636 ι

2150 2971 2157 2999 l

2147 3015 2155 3116 l
2192 3095 2227 3116 ,
