2259 3164
467 185 622 212 RUDOLFI
642 185 744 211 REGIS
764 185 1082 213 CONSTITUTIONES.
1120 189 1193 214 1218.
1230 189 1344 215 N1-.1S:·1.
1362 191 1416 216 NG.
1702 193 1758 224 173

132 275 223 307 modo
239 274 290 305 vel
307 284 384 305 casu
401 273 542 314 deperdi,
566 272 670 313 frangi
687 272 737 303 vel
755 271 925 303 deformari
944 274 1124 313 eontigerit,
1148 275 1374 307 nichilominus
1392 278 1635 309 instrumentum
1654 280 1757 321 ipsum

132 328 161 358 in
186 337 242 358 suo
265 326 373 366 vigore
397 328 586 366 permaneat
609 335 646 355 ac
671 324 697 355 si
723 324 762 355 de
786 324 854 365 ipso
880 325 985 365 sigillo
1010 326 1096 356 facta
1120 328 1240 357 mentio
1265 338 1327 357 non
1352 328 1473 359 fuisset.

234 386 373 417 Actum³
398 385 500 416 Rome
524 384 607 426 apud
633 384 785 415 Sanctum
810 384 957 419 Petrum,
990 385 1020 415 in
1047 387 1235 417 consistorio
1264 388 1295 417 in
1325 388 1468 429 predicto
1498 391 1603 431 papali
1628 392 1757 432 palatio,

133 437 332 480 presentibus
349 436 587 468 venerabilibus
610 435 755 477 patribus
780 435 916 466 dominis
941 437 1104 467 Bonifatio
1121 437 1391 481 Rauennat(e11si)
1416 444 1446 470 et
1465 440 1607 472 [ohanne
1624 442 1758 473 Bai-ensi

94 507 104 523 5
132 488 394 531 archiepiscopis,
418 488 561 519 Henrico
587 487 740 525 Lunensi,
765 486 907 518 Orlando
933 488 1115 525 Narniensi,
1141 489 1309 531 Papareno
1331 491 1590 532 Finginatwnsi),
1616 492 1757 524 Orlando

82 765 104 783 10

82 1031 102 1049 15

81 1661 105 1680 20

81 2011 104 2030 25

82 2273 105 2292 30

83 2530 105 2548 35

131 541 354 579 Massan(ensi)
379 550 415 571 ac
439 539 630 581 Raymundo
655 538 846 570 Massiliensi
872 539 1027 580 episeopis
1052 543 1084 570 et
1109 540 1347 572 honorabilibus
1373 543 1448 573 viris
1481 543 1606 574 domino
1632 544 1757 585 Angelo

131 592 168 623 de
192 592 342 623 Veczosis
366 591 484 622 domini
508 601 590 632 pape
615 590 801 627 camerario,
827 590 953 621 domino
978 591 1075 621 Petro
1101 596 1210 622 sancte
1228 593 1372 624 Romane
1398 595 1535 625 ecclesie
1560 596 1757 626 vicecancel-

131 644 222 680 lario,
255 643 415 684 magistris
439 642 583 674 Berardo
614 642 653 672 de
679 642 816 683 Neapoli
852 647 883 672 et
916 642 1094 673 Benedieto
1126 643 1163 673 de
1189 644 1336 685 Anagnia
1368 645 1510 676 eiusdem
1535 646 1651 677 domini
1676 658 1758 689 pape

131 695 278 733 notariis,
314 695 466 735 magistro
496 694 597 724 Paulo
630 693 669 724 de
694 693 934 734 Interampn(is)
968 695 1086 725 clerico
1118 698 1148 725 et
1178 699 1385 736 procuratore
1418 697 1447 726 in
1479 697 1641 728 audientia
1672 699 1758 729 curie

130 747 273 778 Romane
298 746 433 788 predicti
466 745 585 777 domini
615 745 742 776 Rudolfi
776 746 861 786 regis
896 756 933 776 nc
970 745 1131 777 nobilibus
1156 747 1229 777 viris
1258 747 1393 778 dominis
1419 748 1501 778 Vrso
1532 750 1617 780 curie
1641 749 1757 780 domini

130 808 212 840 pape
236 799 447 832 marescalco,
476 797 628 828 Adinolfo
654 797 788 827 Comitis
820 801 851 827 et
875 797 972 827 Petro
998 797 1132 828 Comitis
1163 809 1199 829 ae
1224 798 1358 829 Nicolaio
1385 799 1518 830 Comitis
1544 801 1695 831 militibus
1718 801 1757 831 de

131 851 216 882 Vrbe
244 854 275 881 et
299 861 393 891 quam
418 850 561 891 pluribus
592 849 662 879 aliis
687 849 810 879 clericis
841 852 872 879 et
903 849 991 879 laicis
1016 850 1047 879 in
1072 849 1273 880 multitudine
1304 861 1489 889 numerosa,
1522 862 1604 882 anno
1629 852 1756 882 Domini

130 901 407 940 MOCLXXVIII,
432 905 544 942 quarto
568 900 619 931 die
645 901 764 932 mensis
788 901 876 935 Maii,
901 901 1061 932 indiction.
1080 902 1136 934 VI,
1162 902 1367 943 pontificatus
1393 913 1467 933 vero
1492 902 1608 933 domini
1633 903 1756 934 Nicolni

129 964 210 996 pape
234 953 294 985 III.
318 964 400 984 anno
425 954 538 994 primo.

234 1013 304 1055 Ego
328 1013 449 1044 Paulus
474 1013 513 1044 de
537 1013 642 1043 Reate
667 1013 845 1054 apostoliea
877 1014 1068 1044 auctoritate
1099 1017 1129 1044 et
1157 1024 1240 1044 nunc
1265 1025 1391 1045 camere
1417 1014 1535 1044 domini
1561 1025 1641 1056 pape
1667 1018 1756 1045 nota-

130 1065 192 1096 rius
216 1065 275 1096 hiis
300 1065 448 1096 omnibus
475 1065 603 1095 interfui
628 1068 659 1095 et
684 1064 722 1095 de
746 1065 896 1095 mandato
922 1065 1067 1096 eiusdem
1092 1066 1283 1096 sanctissimi
1307 1066 1406 1106 patris
1431 1065 1549 1096 domini
1572 1066 1695 1097 Nicolai
1720 1078 1756 1096 ηρ

129 1117 167 1148 de
190 1120 302 1158 rogatu
327 1117 426 1158 ipsius
452 1116 557 1146 fratris
583 1116 722 1147 Conradi
747 1117 869 1158 scripsi,
896 1117 1053 1158 publicavi
1078 1120 1110 1147 et
1135 1118 1259 1157 signum
1286 1117 1358 1147 feci.

346 1451 442 1501 18⁴3.
483 1448 626 1500 FAC
635 1447 688 1500 U
696 1446 886 1499 LTAS
928 1446 974 1499 O
984 1446 1073 1498 FF
1084 1446 1107 1498 l.
1119 1446 1161 1498 (Ὗ
1175 1446 1412 1498 [ATOR
1426 1445 1471 1497 U
1482 1446 1539 1497 M

533 1526 575 1578 U
585 1525 691 1578 ΟΝ
701 1524 1032 1577 STITUEN
1046 1523 1210 1577 DOR
1224 1524 1270 1576 U
1281 1524 1351 1575 M.

778 1636 883 1670 1278.
926 1636 1028 1670 Mart.
1054 1635 1109 1670 18.

234 1745 358 1776 Damus
381 1756 417 1776 eat
440 1745 633 1785 (tutem-(who
659 1746 691 1775 ins
715 1744 871 1775 tabulario
893 1743 1030 1783 yenerali
1054 1744 1139 1783 rcyni
1163 1742 1327 1772 Bau-arici
1351 1740 1570 1772 ‘Kaiscrsclelrf
1587 1740 1757 1778 Nurlitraq'

130 1797 211 1838 781511
234 1800 407 1835 αεεενυαίος
429 1799 641 1837 fmglmcntnm
663 1796 760 1836 siyilli
782 1807 918 1835 parvum
951 1796 1040 1826 inam
1063 1798 1215 1825 servatur.
1265 1793 1403 1824 (fontzdit
1426 1794 1452 1823 b.
1475 1804 1512 1823 m.
1540 1791 1692 1823 le'land.
1719 1810 1756 1813 -

130 1848 270 1886 Biilmoer,
294 1849 367 1889 Regs.
388 1860 458 1888 emp.
479 1849 532 1887 VI,
547 1850 618 1879 929.
1467 1844 1519 1883 (P.
1545 1844 1650 1879 (ἶνας-Ι.)

233 1944 389 1975 Rudolfus
413 1943 475 1974 Dei
499 1944 608 1984 gracia
631 1944 846 1975 Romanorum
872 1954 929 1975 rex
954 1953 1081 1984 semper
1106 1945 1261 1983 augustus
1286 1940 1445 1971 universis
1470 1939 1593 1979 imperii
1618 1938 1756 1969 Romani

130 1994 275 2027 fidelibus
299 1999 468 2037 presentes
493 1996 617 2027 litteras
642 1996 835 2037 inspecturis
861 1996 1000 2036 graciam
1026 2004 1115 2024 suam
1141 1997 1173 2024 et
1197 2003 1290 2024 omne
1315 1992 1442 2023 bonum.

234 2054 281 2097 (1)
304 2055 373 2086 Etsi
397 2055 437 2086 ad
454 2066 563 2087 onmes
588 2056 711 2097 imperii
729 2056 866 2086 Romani
890 2055 1000 2086 fideles
1024 2053 1246 2085 munificencie
1271 2056 1379 2083 nostre
1397 2051 1564 2082 dexteram
1582 2049 1756 2081 debeamus

130 2107 303 2138 extendere
327 2107 525 2146 debitricem,
551 2108 713 2149 principes
738 2111 846 2138 tamen
871 2106 966 2137 velud
989 2106 1085 2136 bases
1111 2105 1274 2146 egregias,
1304 2104 1417 2145 quibus
1446 2102 1570 2143 imperii
1601 2100 1756 2132 celsitudo

129 2161 274 2198 potenter
307 2159 459 2197 inititura,
492 2159 623 2200 speciali
659 2159 863 2200 prerogativa
895 2169 952 2189 nos
981 2158 1073 2188 decet
1107 2157 1255 2187 attollere
1287 2154 1516 2195 eendignisque
1548 2152 1757 2183 benificencie

129 2212 235 2240 nostre
258 2210 420 2242 favoribus
445 2211 610 2252 ampliare,
635 2211 804 2252 presertim
835 2221 906 2241 cum
937 2221 978 2240 ex
1003 2220 1040 2240 eo
1075 2208 1156 2249 quod
1181 2207 1384 2238 condiciones
1414 2209 1445 2236 et
1470 2205 1552 2236 tituli
1577 2204 1756 2245 principum

131 2260 314 2300 dilatantur,
348 2272 471 2293 sacrum
500 2262 680 2293 Romanum
710 2262 878 2303 imperium
910 2261 1039 2292 honoris
1076 2264 1107 2291 et
1136 2260 1237 2300 glorie
1270 2269 1332 2289 non
1366 2257 1524 2288 modicum
1551 2256 1685 2296 recipiat
1710 2255 1754 2284 in-

131 2315 335 2344 crementum.
370 2313 453 2344 Sane
472 2314 663 2345 venerabilis
682 2313 824 2344 Ortolfus
843 2313 1026 2344 monasterii
1043 2311 1215 2342 Burrensis
1233 2310 1344 2348 abbas,
1362 2310 1512 2351 princeps
1531 2311 1640 2338 noster
1658 2306 1755 2336 dilec-

131 2366 180 2393 tus
203 2367 235 2395 et
258 2369 431 2396 conventus
456 2365 574 2396 ibidem
600 2365 731 2396 culmini
755 2368 861 2396 nostro
887 2365 1048 2395 humiliter
1073 2363 1307 2405 supplicarunt,
1339 2360 1422 2401 quod
1455 2370 1526 2390 cum
1552 2359 1610 2399 ipsi
1634 2357 1754 2388 officia-

130 2417 231 2445 torum
262 2416 310 2446 sui
334 2417 517 2447 monasterii
541 2417 733 2458 principatui
763 2417 1009 2457 congruencium
1043 2418 1230 2456 paterentur
1260 2413 1436 2450 defectum,
1469 2422 1526 2441 nos
1556 2411 1601 2441 cis
1627 2410 1665 2440 de
1691 2409 1755 2438 suis

130 2466 387 2499 ministerialibus
414 2473 445 2499 et
474 2479 537 2499 non
562 2468 690 2499 aliunde
715 2471 850 2509 quatuor
874 2468 1040 2505 officiatos,
1068 2466 1317 2503 marsehalcum,
1342 2463 1537 2504 dapiferum,
1570 2462 1753 2502 pincernam

134 2520 164 2547 et
187 2519 393 2549 camerarium
418 2520 580 2558 videlicet,
613 2519 826 2550 constituendi
853 2523 883 2550 ct
907 2519 1037 2550 eosdem
1063 2527 1201 2558 congrue
1226 2517 1293 2547 sine
1328 2526 1444 2555 magno
1476 2513 1658 2543 1n‹;›n;1stcrii
1684 2522 1752 2551 pri·-

131 2568 245 2600 iudicio
263 2570 446 2602 infeudandi
464 2571 685 2602 auctoritatem
704 2571 831 2612 plenam
848 2570 975 2601 tradere
995 2569 1033 2600 de
1052 2569 1251 2609 benignitate
1270 2567 1357 2607 regia
1376 2567 1588 2606 dignare-nnn:
1627 2565 1670 2600 (2)
1688 2562 1753 2591 Nos

130 2619 225 2660 igitur
247 2621 461 2662 predictorum
486 2623 612 2653 abbatis
638 2626 669 2653 et
694 2626 867 2653 conventus
891 2621 1184 2663 supplicacionibus
1215 2623 1325 2659 utpote
1356 2615 1602 2648 racionabilibus
1628 2615 1751 2644 favora-

230 2714 291 2741 155.
312 2718 333 2745 ὓ)
349 2717 479 2748 praecedit
499 2718 596 2749 siynum
611 2718 777 2749 prm-ayruplci
795 2727 831 2742 or.

231 2790 292 2818 186.
311 2794 334 2825 ³)
354 2794 388 2818 sic
406 2803 442 2820 or.
