2259 3164
89 739 112 757 10

89 1254 113 1273 2⁰

91 1512 113 1531 25

93 1770 116 1789 ³0

98 2424 120 2442 3⁵

99 2765 123 2785 40

474 155 630 182 RUDOLFI
650 156 755 182 REGIS
774 156 1095 183 CONSTITUTIONES.
1134 159 1207 184 1291.
1244 161 1291 186 Nr.
1305 161 1362 187 455.
1376 161 1435 188 456.
1706 166 1763 194 441

139 240 274 281 siglillzcm
301 241 365 280 silis
392 243 530 281 canapis.
584 242 616 273 Γ.
639 243 702 273 ‘iam
726 254 824 282 supra
847 254 895 274 nr.
912 245 963 274 33.
1011 243 1058 283 Cf.
1083 245 1175 275 ctiam
1200 246 1467 279 ¹Is)·l„·mulenbueh
1489 249 1542 279 des
1565 249 1768 280 historischen

144 292 268 323 Vereins
286 292 346 333 fiir
368 294 621 324 Niedersaclcscn'
645 294 693 331 II,
709 297 773 325 337
794 305 843 326 nr.
861 296 922 324 530
945 297 972 326 et
995 295 1107 326 ibidem
1129 307 1176 327 nr.
1193 298 1254 327 :336
1266 298 1351 338 (bis),
1376 300 1446 337 537,
1470 300 1540 330 513.

1479 351 1532 390 (P.
1556 352 1661 388 deest.)

243 413 311 444 Nos
335 414 517 446 Fridericus
541 415 648 446 senior
672 425 779 446 comes
802 414 864 446 Dei
888 416 998 456 gracia
1021 415 1060 446 de
1078 416 1310 459 Bycllelingen,
1335 419 1545 451 burchravius
1570 421 1767 452 serenissimi

138 465 256 496 domini
280 465 500 498 Romanorum
524 467 609 508 regis
633 467 664 497 in
689 466 832 504 Kuffese,
856 467 1015 498 universis
1040 469 1245 509 presentibus
1277 473 1308 500 et
1336 470 1450 501 futuris
1483 472 1627 503 volumus
1659 476 1767 504 notum

138 527 223 555 esse,
260 517 343 558 quod
372 528 443 549 cum
471 518 540 560 ipse
569 518 862 549 excellentissimus
898 518 1046 550 dominus
1071 519 1229 551 Rudolfus
1255 520 1473 553 Romanorum
1504 534 1562 554 rex
1591 524 1629 554 de
1659 528 1768 555 nostra

139 569 350 601 strennuitate
374 580 564 612 presumens
589 574 620 602 et
645 570 810 601 confidens
833 570 926 601 nobis
950 571 1132 610 iniunxerit,
1157 575 1191 602 ut
1215 572 1298 603 bona
1322 573 1456 614 imperio
1475 575 1672 615 pertinencia
1696 586 1766 606 cum

139 631 261 652 summo
287 621 393 652 studio
417 622 688 664 investigaremus
711 625 806 663 atque
831 633 870 654 ea
894 633 912 653 a
936 623 1082 663 personis
1099 623 1297 664 quibuslibet
1320 624 1360 654 ad
1377 635 1504 656 manum
1528 626 1651 668 imperii
1675 638 1766 658 revo-

138 683 292 713 caremus,
316 673 463 704 dominus
488 674 588 705 abbas
613 677 646 705 et
670 677 845 704 conventus
865 673 1155 705 Walkenredensis
1182 674 1221 705 de
1238 675 1429 716 quibusdam
1448 676 1539 708 bonis
1557 679 1640 709 inter
1663 680 1768 710 onmia

138 725 222 756 bona
245 735 312 763 sua,
336 736 397 767 que
423 726 454 756 in
478 726 613 756 termino
637 729 744 756 nostre
770 725 985 756 iurisdicionis
1009 726 1139 763 habent,
1165 727 1256 757 nobis
1281 728 1424 758 accusati
1449 728 1579 767 fuerint,
1607 733 1768 771 tamquam

138 777 207 818 ipsa
230 777 363 818 imperio
387 778 602 819 pertinerent,
632 777 782 809 videlicet
810 777 848 808 de
879 788 990 819 campo
1014 777 1167 808 Rathvelt
1201 789 1271 809 cum
1296 779 1443 811 omnibus
1475 780 1514 811 ad
1540 781 1644 822 ipsum
1669 783 1767 823 perti-

138 828 287 859 nentibus
311 829 372 860 sito
396 829 480 860 inter
503 833 645 860 nostrum
670 833 809 860 castrum
833 829 1038 871 Rothinburg
1061 832 1093 860 et
1117 829 1269 872 oppidum
1286 830 1547 863 Vrankenhusen
1571 844 1608 863 ac
1633 833 1671 864 de
1698 835 1766 875 qui-

138 880 271 912 busdam
295 881 365 912 aliis
389 881 535 922 virgultis
560 884 592 912 et
616 882 738 912 rubetis
763 881 996 921 adiacentibus⁷
1021 891 1082 922 que
1107 892 1125 912 a
1142 885 1248 912 nostro
1272 884 1363 923 patre
1388 887 1419 913 et
1444 894 1462 913 a
1478 885 1595 915 nostris
1618 886 1769 926 progeni-

139 932 261 964 toribus
286 933 524 964 racionabiliter
547 936 812 975 comparaverant
835 935 867 964 et
890 933 1010 964 dudum
1034 934 1118 964 iusto
1142 933 1233 964 titulo
1257 933 1479 975 possederunt.
1513 935 1606 966 Unde
1625 937 1768 977 quamvis

140 984 179 1015 ad
203 995 261 1015 nos
285 995 341 1027 pro
366 985 508 1016 maxima
531 988 621 1027 parte
645 985 705 1016 hec
730 995 827 1015 causa
843 985 1030 1026 respiceret,
1056 995 1094 1016 eo
1119 985 1202 1026 quod
1226 985 1381 1016 debemus
1409 997 1464 1017 eos
1490 987 1616 1017 racione
1640 998 1766 1019 succes-

139 1037 236 1068 sionis
266 1036 305 1068 de
329 1037 421 1068 bonis
446 1037 627 1068 huiusmodi
652 1039 844 1074 warentare⁷
875 1042 982 1067 tamen
1015 1040 1141 1068 nosmet
1165 1037 1251 1079 ipsos
1277 1037 1335 1068 sub
1353 1037 1495 1079 periculo
1520 1042 1676 1079 ponentes
1702 1042 1768 1069 stu-

139 1089 228 1120 diose
256 1089 484 1120 accersivimus
516 1099 657 1131 quosque
687 1089 888 1120 venerabiles
918 1099 955 1120 ac
984 1089 1138 1130 longevos
1171 1100 1250 1130 quos
1281 1092 1464 1131 poteramus
1496 1090 1526 1120 in
1556 1094 1666 1121 nostra
1697 1102 1769 1132 pro-

139 1140 242 1172 vincia
274 1141 376 1182 magis
407 1145 557 1183 expertos
587 1141 745 1179 invenire,
777 1141 831 1182 qui
856 1140 956 1172 eciam
983 1140 1146 1171 habebant
1177 1140 1216 1171 (le
1246 1141 1403 1171 anteactis
1433 1141 1527 1172 rebus
1556 1142 1708 1172 noticiam
1741 1146 1772 1173 et

139 1193 371 1234 experientiam
402 1193 595 1235 pleniorem,
632 1193 844 1235 comperimus
873 1193 912 1223 ab
948 1192 1074 1223 eisdem
1104 1192 1239 1223 fideliter
1266 1193 1500 1224 affirmantibus
1533 1204 1569 1224 ac
1599 1194 1657 1224 sub
1686 1194 1769 1225 iurc-

140 1244 271 1275 iurando
296 1245 534 1283 asserentibus,
563 1244 645 1286 quod
671 1244 783 1276 eadem
808 1244 892 1275 bona
923 1244 1054 1286 imperio
1084 1244 1213 1275 minime
1243 1245 1444 1286 pertinerent
1475 1245 1678 1282 immediate7
1715 1246 1771 1276 sed

139 1297 238 1327 nostri
262 1297 484 1338 progenitores
508 1297 578 1338 ipsa
601 1296 685 1327 bona
710 1308 728 1327 a
752 1296 938 1327 marchione
963 1296 1127 1327 Misnense
1153 1297 1290 1338 amplius
1316 1307 1411 1338 quam
1436 1300 1564 1327 centum
1597 1300 1628 1327 ct
1661 1297 1771 1328 decem

139 1349 230 1379 annis
253 1349 284 1379 in
309 1348 403 1380 feodo
427 1348 667 1379 racionabiliter
695 1348 887 1379 habuerunt.
934 1347 1000 1379 Nos
1030 1359 1106 1390 ergo
1140 1348 1200 1379 hac
1225 1348 1366 1379 veridica
1396 1348 1556 1379 relacione
1587 1351 1618 1379 et
1647 1352 1773 1380 matura

140 1400 349 1442 inquisicione
368 1400 528 1431 informati
546 1400 793 1442 pronunciamus
819 1404 853 1431 et
869 1400 1043 1431 astruimus
1061 1401 1251 1431 auctoritate
1268 1400 1357 1441 regia
1374 1400 1466 1431 nobis
1484 1401 1661 1436 commissa,
1687 1400 1772 1442 quod

141 1452 279 1483 ecclesia
296 1451 585 1483 Walkenredensis
603 1451 699 1482 debet
717 1454 888 1493 prenotata
911 1451 995 1482 bona
1012 1451 1111 1482 libere
1136 1455 1167 1482 et
1191 1452 1309 1493 quiete⁷
1335 1452 1417 1482 sicut
1433 1451 1590 1482 hactenus
1615 1452 1772 1494 possedit.

141 1507 294 1545 perpetuo
319 1503 494 1546 possidere,
519 1503 718 1534 addicientes
743 1503 826 1545 quod
856 1514 913 1534 nos
937 1506 969 1534 et
993 1503 1099 1534 cuncti
1130 1503 1221 1534 liberi
1250 1504 1350 1534 nostri
1380 1506 1412 1534 et
1445 1503 1581 1534 heredes
1615 1503 1653 1534 de
1679 1503 1770 1534 bonis

142 1555 261 1587 eisdem
290 1559 321 1586 et
349 1556 497 1586 omnibus
529 1556 634 1591 bonis,
669 1566 729 1597 que
763 1566 780 1586 a
804 1556 922 1586 nostris
955 1555 1240 1597 predecessoribus
1270 1559 1301 1585 et
1333 1566 1351 1586 a
1376 1555 1468 1586 nobis
1494 1559 1771 1597 comparaverunt,

142 1607 225 1638 omni
247 1607 316 1637 loco
341 1610 373 1638 et
397 1608 561 1649 tempore¹
587 1607 724 1638 fideliter
748 1610 938 1638 warentare.
1026 1606 1143 1637 Testes
1168 1607 1261 1637 huius
1286 1607 1332 1637 rei
1358 1610 1444 1637 sunt:
1470 1606 1565 1647 Hugo
1590 1606 1628 1637 de
1653 1606 1769 1647 Berge,

141 1658 311 1690 Heinricus
335 1659 375 1690 de
399 1659 616 1697 Rinkeleffiin,
643 1659 829 1690 Gerhardus
855 1658 893 1689 de
912 1658 1039 1696 Smane,
1066 1658 1233 1689 Gernodus
1252 1659 1454 1697 marscalcus,
1480 1658 1686 1689 Hermannus
1703 1658 1770 1689 Leo

141 1711 256 1742 milites
281 1715 313 1742 et
336 1712 388 1742 alii
413 1722 507 1752 quam
531 1712 648 1753 plures.
695 1711 744 1742 Ne
771 1714 879 1741 autem
903 1710 963 1741 hoc
989 1711 1108 1741 factum
1134 1721 1287 1752 processu
1310 1710 1463 1751 temporis
1489 1710 1545 1740 fiat
1569 1710 1692 1740 irritum
1716 1716 1770 1740 aut

142 1763 244 1801 inane,
269 1773 402 1804 presens
427 1763 579 1804 scriptum
605 1773 681 1804 sepe
706 1762 799 1793 dictis
823 1762 952 1793 domino
977 1762 1086 1793 abbati
1111 1766 1142 1793 et
1161 1762 1334 1793 conventui
1351 1761 1683 1792 Walkem-edensibus
1707 1766 1770 1792 tra-

142 1813 242 1845 dimus
265 1815 363 1845 nostri
388 1815 485 1855 sigilli
509 1814 681 1845 munimine
705 1814 901 1845 roboratum.

245 1873 363 1905 Datum
381 1885 463 1905 anno
480 1874 610 1905 Domini
627 1874 904 1913 MOOLXXXXI,
930 1875 960 1905 in
978 1875 1135 1905 dominica
1159 1885 1221 1915 qua
1238 1877 1386 1904 cantatur
1404 1873 1693 1904 Circumdederunt
1710 1884 1770 1903 me.

144 2205 239 2258 456.
278 2205 737 2258 MANDATUM
769 2206 874 2258 DE
913 2202 1412 2258 CONDrfflONE
1451 2201 1771 2255 [UDIOIS.

790 2307 896 2342 1291.
939 2307 1044 2342 Febr.
1070 2307 1125 2342 19.

248 2409 473 2449 Autowuplton
488 2409 641 2439 tabularii
656 2409 817 2439 Smilmsis
840 2408 1001 2447 (Inscripsit
1025 2408 1050 2438 li.
1068 2418 1105 2437 m.
1122 2408 1216 2445 Jafffi.
1256 2405 1374 2436 Pcmlct
1390 2405 1537 2445 siglillecms.
1563 2422 1601 2426 -
1626 2404 1770 2435 Brilammz

146 2458 216 2498 Res).
234 2460 305 2499 imp.
326 2460 379 2498 VI,
391 2463 485 2492 2422.
1501 2456 1553 2496 (P.
1578 2456 1665 2492 457.)

248 2554 405 2587 Rudolfus
430 2555 491 2586 Dci
515 2556 624 2596 gracia
641 2556 860 2586 Romanorum
885 2566 941 2586 rex
967 2565 1094 2596 semper
1111 2557 1267 2595 augustus
1285 2552 1494 2594 prudentibus
1513 2550 1586 2580 viris
1611 2548 1767 2579 universis

147 2605 324 2638 hominibus
347 2607 386 2639 de
412 2607 508 2638 Switz
526 2608 626 2639 libere
644 2608 838 2639 condicionis
855 2607 1082 2645 existentibus,
1107 2605 1234 2637 dilectis
1251 2604 1315 2635 suis
1332 2603 1492 2635 fidelibus,
1517 2601 1656 2642 graciam
1682 2610 1771 2630 suam

146 2659 178 2688 et
200 2668 292 2689 omne
315 2659 442 2690 bonum.

246 2762 270 2794 1)
289 2769 333 2787 eos
352 2761 481 2788 debemus
498 2762 540 2788 hic
559 2761 682 2787 addenda
700 2760 795 2787 desunt
814 2769 850 2787 or.

245 2820 282 2838 Lx..
292 2821 500 2839 consrrru’rxonrs
515 2822 547 2839 111.
880 2846 882 2851 ‚
1534 2804 1567 2829 56
