2259 3164
109 761 132 780 10

105 1019 127 1037 15

102 1380 125 1400 20

98 1695 120 1714 25

410 192 567 221 RUDOLFI
586 195 692 222 REGIS
712 195 1034 223 CONSTITUTIONES.
1074 198 1145 227 1283.
1184 200 1257 227 1284.
1294 201 1339 228 Nr.
1354 202 1552 231 3121324025,
1738 211 1798 241 315

273 285 302 316 4.
326 282 408 315 Item
432 283 555 326 prefato
579 283 729 325 Philippo
754 283 863 315 comiti
890 283 1052 315 Sabaudie
1084 296 1143 316 nec
1169 288 1368 327 questionem
1402 301 1461 322 nec
1486 303 1635 333 guerram
1660 306 1717 336 per
1741 306 1796 326 nos

166 349 225 370 nec
255 348 312 380 per
342 336 438 367 alium
462 334 662 366 movebimus
686 338 830 377 tempore
854 336 918 367 vite
951 346 1007 367 sue
1039 347 1136 379 super
1158 340 1418 380 possessionibus
1447 354 1502 374 seu
1533 345 1712 377 hominibus
1742 351 1797 378 aut

162 391 329 425 fortaliciis
361 388 500 430 imperii,
537 398 615 429 quas
655 390 688 418 et
720 397 798 428 quos
834 391 866 419 et
901 398 962 430 que
998 388 1093 420 hodie
1129 390 1273 431 possidet
1308 396 1362 424 aut
1395 394 1426 425 in
1463 406 1519 426 sua
1549 397 1644 429 hodic
1678 399 1797 430 retinet

163 445 334 487 potestate.

269 497 296 526 5.
322 493 403 525 Item
428 493 565 535 priorem
590 494 622 523 et
645 491 875 522 monasterium
900 502 936 523 ac
960 492 1159 525 habitatores
1178 495 1360 527 Paterniaci
1378 499 1638 531 conservabimus
1664 500 1694 532 111
1719 513 1793 543 pos-

163 546 371 584 sessionibus,
396 544 600 576 libertatibus
624 547 656 575 et
680 543 801 574 iuribus
826 544 891 574 suis
915 554 974 575 nec
1001 545 1077 586 ipsis
1102 546 1209 588 aliqua
1233 546 1371 589 dampna
1396 560 1453 580 seu
1478 552 1665 591 gravamina
1689 554 1793 594 quoad

161 599 337 630 vixerimus
367 597 541 628 inferemus
569 606 626 637 pro
651 606 705 635 eo,
734 595 818 636 quod
848 595 934 626 dicto
959 597 1065 627 comiti
1090 597 1296 631 adheserunt.
1342 600 1413 631 Tali
1442 602 1628 634 condicione
1659 604 1792 641 adiecta,

160 650 242 693 quod
266 661 323 682 nos
348 649 552 681 advocaciam
575 649 607 678 in
631 647 822 679 Paterniaco
846 648 974 679 nomine
1000 649 1126 690 imperii
1150 651 1358 682 retinebimus
1385 655 1416 683 et
1440 653 1524 693 quod
1556 657 1793 687 successoribus

159 702 275 734 nostris
300 701 428 743 regibus
453 704 485 732 et
502 700 634 742 imperio
653 709 745 730 omne
770 699 818 730 ius
843 702 875 730 01
898 700 1000 731 omnis
1020 700 1153 732 libertas
1178 702 1267 733 salva
1290 708 1456 734 remaneat
1479 705 1509 735 in
1535 705 1685 746 futurum,
1711 709 1793 738 sicut

158 754 234 796 ipsis
263 753 428 795 competiit
459 763 515 784 seu
545 755 725 794 competere
756 752 861 793 potuit
891 753 991 793 primo
1016 752 1067 783 die
1091 756 1263 795 antequam
1288 755 1346 786 hec
1370 766 1434 797 pax
1459 760 1490 787 et
1514 758 1681 789 concordia
1705 764 1792 790 esset

156 805 250 837 facta.
296 805 338 836 Et
362 805 510 836 similiter
533 804 630 846 priori
653 806 686 834 et
708 803 904 834 monasterio
933 814 1027 835 omne
1052 804 1101 836 ius
1127 808 1158 836 et
1183 807 1284 837 omnis
1309 807 1440 838 libertas
1465 813 1631 840 remaneat
1649 811 1737 841 salva
1760 812 1790 842 in

155 857 312 896 futurum,
347 857 429 888 sicut
459 856 505 887 eis
537 855 702 897 competiit
726 865 783 886 seu
815 858 997 896 competere
1027 857 1130 897 potuit
1158 857 1258 899 primo
1290 857 1342 889 die
1366 862 1537 900 antequam
1571 861 1629 893 hec
1663 873 1725 903 pax
1757 867 1789 894 et

156 908 325 940 concordia
348 910 433 939 esset
457 907 551 938 facta.

261 963 289 992 6.
313 960 396 991 Item
420 959 538 1001 captivi
562 959 635 990 hinc
660 957 734 989 inde
760 958 897 989 absoluti
922 958 1022 990 libere
1047 959 1276 994 dimittentur&

260 1012 298 1043 In
322 1012 411 1043 cuius
436 1011 484 1043 rei
508 1010 726 1042 testimonium
750 1021 884 1052 presens
915 1011 1067 1053 scriptum
1099 1012 1216 1043 exinde
1241 1014 1397 1045 conscribi
1423 1017 1455 1046 et
1479 1015 1656 1047 maiestatis
1680 1021 1788 1049 nostre

154 1064 258 1105 sigillo
282 1064 417 1095 fecimus
442 1063 640 1094 communiri.

257 1115 377 1146 Datum
401 1116 432 1146 in
457 1115 570 1146 castris
594 1117 668 1145 ante
686 1114 922 1153 Paterniacum,
950 1117 981 1146 in
1006 1115 1057 1146 die
1084 1116 1169 1147 beati
1187 1116 1340 1148 Iohannis
1357 1118 1493 1160 apostoli
1518 1122 1550 1150 et
1567 1122 1787 1162 ewangeliste.

153 1167 218 1199 ind.
234 1166 309 1207 XII,
333 1178 416 1198 anno
441 1166 569 1198 Domini
593 1165 811 1198 MCOLXXX
835 1167 948 1207 101010,
974 1168 1064 1209 regni
1089 1179 1164 1200 vero
1189 1170 1288 1200 nostri
1312 1180 1394 1201 anno
1420 1170 1600 1203 undecimo.

247 1313 323 1346 324.
350 1314 684 1346 TESTIMONIUM
702 1314 845 1345 REGIS
869 1314 936 1346 DE
955 1314 1301 1346 RESTITUTJONE
1325 1316 1607 1349 CASTRORUM
1626 1318 1688 1349 ET

713 1367 734 1397 I
739 1366 902 1399 URIUM.
948 1368 1039 1397 1253.
1079 1367 1154 1399 Dee.
1171 1368 1221 1399 29.

254 1428 307 1459 Ex·
336 1428 528 1468 autographo
557 1428 629 1459 ‘item
657 1428 778 1468 sz'ynnto
806 1438 853 1459 ur.
873 1430 893 1458 7
900 1453 907 1465 ,
941 1428 1032 1459 euius
1061 1428 1197 1468 siyillzcm
1229 1428 1298 1458 ifcm
1326 1428 1415 1460 deest.
1453 1448 1490 1451 —
1524 1429 1673 1465 Bo'ltmer,
1709 1430 1781 1470 Ray.

147 1480 219 1520 imp.
245 1479 299 1517 VJ,
317 1481 408 1511 1308.
1492 1480 1546 1521 (P.
1570 1482 1676 1521 deest.)

252 1582 440 1624 Rud(olfus)
476 1582 537 1614 Dei
572 1583 682 1624 gracia
719 1582 937 1614 Romanorum
974 1594 1032 1614 rex
1067 1594 1196 1625 semper
1226 1587 1382 1625 augustus
1417 1584 1575 1616 universis
1611 1588 1780 1627 presentes

147 1635 267 1666 litteras
292 1635 405 1666 visuris
428 1635 479 1666 vel
503 1634 660 1666 audituris
684 1635 824 1676 graciam
848 1646 938 1665 suam
963 1639 994 1666 ct
1019 1646 1112 1666 omne
1137 1635 1264 1667 bonum.

250 1686 384 1717 Noverit
405 1687 596 1718 universitas
620 1690 743 1726 vestra,
773 1686 856 1728 quod
887 1698 957 1718 cum
988 1687 1106 1717 nobilis
1131 1688 1178 1717 vir
1201 1687 1368 1729 Philippus
1400 1698 1507 1719 comes
1533 1688 1693 1720 Sabaudie
1725 1700 1781 1731 per

145 1748 256 1779 pacem
280 1741 312 1769 et
335 1738 540 1770 concordiam
566 1739 649 1770 inter
672 1749 728 1769 nos
753 1742 784 1769 et
807 1739 911 1780 ipsum
936 1739 1053 1770 factam
1085 1739 1124 1770 de
1148 1750 1278 1780 guerra,
1312 1750 1373 1781 que
1399 1740 1482 1771 inter
1503 1751 1561 1771 nos
1586 1741 1780 1780 vertebatur,

118 1814 121 1816 .
145 1789 237 1821 nobis
261 1789 394 1821 deberet
418 1791 591 1821 restituere
616 1793 648 1821 et
672 1790 799 1821 tradere
824 1790 986 1822 Muratum
1017 1794 1049 1822 ct
1076 1790 1303 1822 Contaminum
1329 1795 1360 1822 et
1384 1793 1548 1833 resignare
1574 1792 1778 1823 advocaciam

96 1953 119 1972 30

94 2318 116 2337 ³5

145 1844 176 1871 et
199 1841 352 1883 quidquid
386 1842 462 1873 iuris
493 1842 634 1873 habebat
669 1843 699 1873 in
723 1842 934 1881 Paterniaco,
971 1843 1127 1883 magister
1151 1843 1344 1874 Guillelmus
1376 1844 1415 1875 de
1449 1844 1618 1875 Belloforti
1644 1845 1778 1875 dilectus

145 1892 277 1923 clericus
300 1896 408 1924 noster
432 1897 463 1924 et
486 1894 591 1935 Aymo
616 1894 655 1925 de
675 1894 794 1925 Sancto
812 1894 956 1925 Triverio
981 1895 1114 1925 clericus
1139 1894 1213 1925 dicti
1231 1896 1356 1926 comitis
1381 1899 1413 1927 ct
1430 1899 1653 1937 procuratores
1676 1897 1776 1937 ipsius

146 1943 268 1975 comitis
285 1945 354 1976 vice
371 1948 402 1975 et
419 1946 548 1976 nomine
567 1946 667 1987 ipsius
685 1946 811 1977 comitis
830 1946 1016 1988 supradicta
1033 1947 1209 1977 liberaliter
1227 1948 1442 1989 impleverunt
1460 1952 1492 1979 et
1508 1949 1662 1979 fecerunt.
1739 1949 1777 1979 In

144 1995 230 2026 cuius
253 1997 300 2027 rei
323 1997 542 2028 testimonium
567 2008 698 2039 presens
733 1998 886 2040 scriptum
919 2001 1027 2029 nostre
1059 2000 1249 2040 magestatis
1278 1999 1381 2039 sigillo
1414 2000 1547 2030 fecimus
1579 2001 1776 2033 communiri.

246 2047 367 2079 Datum
390 2049 522 2089 Mureti,
548 2049 598 2080 die
622 2049 773 2081 Mercurii
798 2054 869 2091 post
894 2050 1096 2081 nativitatem
1120 2050 1266 2090 Domini,
1299 2062 1382 2081 anno
1406 2050 1535 2082 Domini
1560 2051 1775 2082 MCOLXXX

142 2099 249 2139 tercio,
276 2100 449 2131 indictione
473 2100 548 2141 XII,
573 2102 663 2142 regni
688 2112 762 2133 vero
788 2102 886 2133 nostri
911 2112 994 2132 anno
1020 2102 1199 2133 undecimo.

243 2244 319 2277 3⁴25.
342 2246 581 2278 LITTERAE
600 2247 743 2278 REGIS
764 2246 832 2278 DE
851 2247 1077 2279 ARBITRIS
1097 2248 1367 2280 ELIGENDIS.
1414 2249 1506 2280 1254.
1546 2249 1617 2281 Ιαη.
1633 2250 1663 2279 2².

245 2306 298 2337 Ex
328 2307 520 2347 autoyrafflm
551 2308 672 2348 signato
699 2308 851 2347 ‘Diplomz'
879 2308 1035 2347 imperiali
1065 2309 1175 2340 Mauo
1198 2309 1219 2338 :2
1246 2319 1294 2340 nr.
1318 2311 1358 2338 17
1366 2308 1380 2345 ⁴,
1411 2309 1502 2338 cums
1527 2308 1662 2348 sigillum
1692 2309 1770 2339 desi-

140 2356 276 2390 deratur.
298 2376 338 2380 —-
361 2359 506 2397 Biihmer,
531 2358 603 2399 Req.
621 2360 694 2398 inm.
716 2359 768 2398 VI,
786 2361 878 2390 1810.
1480 2359 1534 2401 (P.
1559 2360 1665 2400 deest.)

243 2452 430 2496 Rud(olfus)
453 2453 515 2485 Dei
532 2455 639 2495 gracia
656 2454 875 2486 Romanorum
900 2465 957 2486 rex
983 2466 1111 2497 semper
1134 2458 1290 2496 augustus
1314 2455 1474 2486 universis
1491 2455 1614 2496 imperii
1631 2454 1767 2485 Romani

140 2502 284 2536 fidelibus
308 2509 473 2546 presentes
497 2506 622 2537 litteras
648 2507 840 2548 inspecturis
864 2507 1005 2547 graciam
1029 2518 1119 2538 suam
1144 2510 1176 2537 et
1202 2517 1296 2537 omne
1320 2507 1448 2538 bonum.

242 2555 398 2588 Noverint
414 2558 564 2597 universi⁷
589 2559 672 2600 quod
691 2559 773 2590 inter
790 2569 847 2590 nos
866 2562 898 2590 et
915 2559 1123 2600 spectabilem
1141 2558 1242 2589 virum
1259 2558 1418 2599 Philipum
1441 2558 1587 2588 comitem
1606 2557 1765 2588 Sabaudic

91 2616 116 2635 ιο
140 2606 243 2637 taliter
266 2611 314 2639 est
338 2612 543 2649 conventum,
572 2614 607 2641 ut
630 2621 694 2652 pax
718 2611 837 2641 firmior
861 2614 892 2641 et
916 2612 1016 2642 maior
1039 2610 1191 2642 subiectis
1215 2610 1363 2652 plebibus
1395 2610 1610 2650 t1·a11«;1uillitas
1636 2620 1763 2639 conser-

139 2660 236 2698 vetur,
261 2660 344 2700 quod
369 2661 536 2692 occasione
560 2662 694 2693 alicuius
719 2667 855 2703 guerre¹¹
881 2663 930 2693 vel
955 2662 1128 2699 discordie,
1162 2662 1188 2692 si
1222 2672 1292 2692 eam
1317 2661 1399 2702 quod
1424 2661 1508 2691 absit
1533 2661 1615 2691 inter
1640 2664 1762 2690 nostras

237 2744 300 2771 323.
320 2746 343 2778 ³)
363 2756 376 2771 0
394 2747 420 2771 in
438 2756 532 2772 rasura
553 2757 589 2773 or.

235 2811 298 2839 325.
318 2814 340 2846 ἃ)
359 2823 464 2847 gueerre
484 2825 520 2841 or.

1508 2864 1556 2890 40²»
