2259 3164
480 182 636 208 RUDOLFI
655 181 759 209 REGIS
779 181 1098 208 eoNS'rl'rU'ffloNssS.
1131 183 1203 209 1290.
1240 184 1286 209 Nr.
1300 184 1357 210 424.
1371 184 1428 211 425.
1704 188 1764 217 415

141 274 169 303 et
191 272 233 302 26
256 271 373 301 inserta
396 272 452 307 est,
482 270 518 300 «Ie
545 280 605 308 quo
627 269 728 300 codiee
755 279 780 298 v.
808 268 869 298 ῖιιηι
897 278 994 307 supra
1023 269 1065 299 (αἰ
1087 280 1135 299 nr.
1153 272 1211 306 237?
1238 271 1423 301 contulimus
1451 282 1523 309 πως
1551 273 1578 303 Β
1601 272 1763 303 editionem

141 333 234 362 quam
256 322 385 360 paravit
414 321 573 352 Bormaozs
596 319 733 351 ‘Rccncll
761 320 813 350 <les
838 319 1049 351 ordonnames
1078 321 1114 351 <lc
1137 321 1167 351 Ιιι
1184 322 1386 361 principante
1408 324 1443 354 de
1466 324 1564 363 Lliye'
1587 325 1614 361 Ι,
1632 325 1701 355 121.
1726 343 1764 348 ψ-

140 374 282 411 Bo'hmcr,
306 373 380 412 Ray.
397 373 469 412 imp.
493 372 546 410 Vl,
559 373 652 403 2270.
1476 375 1529 414 (1².
1553 375 1658 415 deest.)

246 467 313 499 Nos
336 467 545 509 Radulphus‘·
568 466 630 498 Dei
659 466 766 508 gracia
794 466 1014 498 Romanorum
1046 477 1101 498 rex
1132 477 1257 508 semper
1287 472 1442 509 augustus
1471 469 1510 499 ad
1543 470 1764 501 universorum

107 533 117 550 5
144 520 224 552 sacri
247 519 382 550 Romani
405 519 530 561 imperii
554 518 695 549 fidelium
719 520 831 549 tenore
856 519 1058 559 presencium
1080 518 1225 549 volumus
1250 520 1426 559 pervenire,
1452 520 1555 560 quodb
1580 532 1650 551 cum
1675 521 1763 552 nobis

144 582 200 614 pro
223 571 373 602 tribunali
397 570 584 602 sedentibus
608 580 690 601 anno
713 569 845 600 Domini
868 570 1037 600 millesimo
1062 569 1283 600 ducentesimo
1308 572 1532 612 nonagesimo,
1557 572 1606 603 die
1631 572 1763 603 Fabiani

143 627 174 655 et
198 623 379 654 Sebastiani
411 622 576 654 constituti
612 622 643 652 in
678 625 786 652 nostre
820 621 999 652 maiestatis
1028 621 1197 663 presencia
1227 622 1430 653 honorabiles
1466 626 1497 654 et
1526 623 1672 654 industrii
1706 624 1763 654 viri

143 675 355 706 Traiectensis
380 678 411 705 et
427 673 666 705 Wetflariensis
684 673 894 704 ecclesiarum
918 673 1084 714 prepositi,
1113 674 1258 704 canonici
1274 674 1462 705 Leodiensis
1487 675 1633 713 ecclesie,
1657 676 1763 706 devoti

142 726 238 757 nostri
261 726 378 765 dilecti,
404 736 444 756 ex
468 728 559 767 parte
576 725 770 756 venerabilis
794 725 946 766 principis
970 725 1070 755 nostri
1095 725 1237 766 episcopi
1254 725 1443 757 Leodiensis
1468 730 1499 757 et
1523 728 1652 768 capituli
1677 728 1761 759 eius-

93 789 115 808 ιο
142 778 212 809 dem
237 778 372 809 ecclesie
396 780 618 819 procuratores
644 779 675 807 et
698 777 805 807 nuncii
830 776 1013 818 specialiter
1036 776 1201 813 destinati,
1227 776 1380 808 advocato
1410 778 1549 819 ipsorum
1580 779 1763 820 interprete,

144 830 313 872 petiverint
336 840 393 871 per
417 829 612 860 sentenciam
637 828 780 859 diffiniri:
809 831 914 859 utrum
938 838 1084 870 persone,
1110 839 1170 869 que
1202 829 1233 858 in
1263 829 1444 859 civitatibus
1468 831 1518 860 vel
1546 830 1577 860 in
1606 831 1707 872 opidis
1732 831 1762 861 in

144 882 228 912 cives
257 882 307 912 vel
331 881 485 923 opidanos
510 883 640 922 recepte
664 883 737 911 sunt
760 890 818 910 nec
842 881 873 910 in
898 881 942 910 eis
966 879 1175 911 residenciam
1194 880 1314 910 faciunt
1331 881 1380 911 vel
1405 884 1576 920 morantur,
1601 883 1687 913 cives
1712 884 1762 914 vel

142 933 289 974 oppidani
322 933 446 964 censeri
470 933 520 964 vel
549 932 665 963 civium
694 932 744 963 vel
775 931 983 973 opidanorum
1015 931 1135 962 iuribus
1167 931 1308 962 debeant
1339 932 1554 973 congaudere,
1589 934 1762 965 accedente

142 995 297 1016 consensu
325 985 519 1027 principum,
543 985 712 1022 baronum,
741 984 892 1014 comitum
925 986 956 1014 et
983 983 1139 1014 nobilium
1164 984 1215 1024 qui
1239 987 1407 1025 presentes
1430 984 1565 1014 aderant
1588 985 1760 1016 iudicatum

93 1048 113 1065 ιε
141 1037 246 1067 extitit
269 1039 301 1067 et
323 1047 379 1078 per
403 1036 599 1067 sentenciam
625 1036 806 1066 diffinitum:
896 1034 979 1076 quod
1004 1035 1110 1065 nullus
1134 1045 1265 1076 prorsus
1290 1036 1391 1077 recipi
1410 1035 1507 1066 debet
1531 1037 1562 1066 in
1587 1037 1688 1067 civem
1712 1038 1761 1068 vel

142 1087 324 1129 opidanum,
354 1088 415 1119 nisi
444 1088 476 1118 in
507 1088 636 1119 civitate
661 1087 712 1119 vel
736 1087 829 1129 opido
853 1087 1063 1118 residenciam
1088 1087 1200 1118 fecerit
1224 1090 1278 1118 aut
1302 1091 1457 1124 moretur,
1489 1090 1539 1118 etc
1563 1088 1589 1118 si
1613 1092 1760 1129 receptus

142 1140 183 1170 sit
198 1150 257 1170 nec
276 1138 512 1182 residencia[m]
531 1139 641 1170 fecerit
659 1149 717 1170 nec
733 1141 901 1176 1no1-etur⁶‚
925 1139 1165 1180 municipalium
1182 1139 1296 1169 iurium
1313 1138 1468 1170 beneficio
1486 1139 1607 1170 carebit
1624 1140 1761 1177 omnino,

141 1191 276 1222 maxime
301 1202 370 1222 cum
397 1191 571 1222 secundum
595 1191 700 1222 edicta
719 1191 806 1232 pacis
823 1191 983 1232 generalis
1007 1201 1065 1232 per
1082 1191 1224 1221 inclitum
1242 1190 1401 1231 quondam
1418 1190 1624 1221 Fredericum
1642 1191 1759 1221 Roma-

140 1253 249 1274 norum
264 1243 488 1285 imperatorem
507 1246 626 1274 statuta
638 1243 647 1261 ¹
664 1253 701 1274 ac
719 1243 819 1274 eciam
836 1243 897 1273 iam
915 1242 1037 1284 pridem
1055 1242 1246 1284 Herbipoli2
1263 1245 1296 1272 et
1319 1252 1402 1272 nunc
1426 1242 1465 1273 de
1490 1252 1570 1272 novo
1588 1241 1734 1273 Erfordie
1750 1243 1761 1259 ³³

92 1308 115 1327 ρο
139 1305 194 1336 per
224 1304 279 1325 nos
307 1294 467 1325 sancsitad
497 1294 602 1325 nullus
626 1294 679 1335 qui
704 1294 735 1324 in
760 1294 888 1324 civitate
913 1294 963 1324 vel
987 1293 1081 1335 opido
1105 1304 1166 1324 non
1190 1296 1332 1324 moretur
1356 1296 1388 1324 et
1411 1293 1566 1331 resideat,
1596 1294 1627 1324 in
1651 1293 1760 1335 opida-

142 1356 214 1376 num
237 1346 335 1387 recipi
352 1345 469 1376 debeat
487 1346 536 1376 vel
561 1346 592 1376 in
617 1346 727 1383 civem,
752 1348 784 1376 et
809 1346 835 1375 si
859 1348 1007 1387 receptus
1033 1346 1074 1376 sit
1098 1356 1155 1376 nec
1174 1345 1385 1376 residencialu
1403 1345 1515 1376 fecerit
1538 1348 1593 1376 aut
1610 1349 1760 1383 moretur,

143 1400 176 1427 ut
198 1397 385 1438 premissum
409 1400 488 1436 este,
512 1397 753 1438 municipalium
778 1397 891 1427 iurium
915 1397 1084 1438 participio
1109 1407 1172 1427 non
1196 1396 1357 1438 gaudebit.
1405 1396 1508 1432 Quam
1533 1396 1660 1438 quidem
1685 1407 1758 1427 sen-

141 1449 273 1480 tenciam
303 1451 413 1490 utpote
444 1448 503 1479 rite
533 1451 564 1479 et
587 1448 743 1489 legittime
768 1448 1002 1489 promulgatam
1025 1448 1269 1490 approbavimus
1298 1452 1330 1478 et
1361 1449 1503 1489 presenti
1533 1449 1614 1479 serie
1646 1459 1759 1490 appro-

144 1500 261 1532 bamus.
347 1500 452 1531 Huius
477 1500 523 1531 rei
547 1503 646 1531 testes
675 1503 761 1530 sunt:
794 1500 995 1531 venerabiles
1019 1500 1190 1531 Fuldensis
1222 1504 1254 1530 et
1277 1499 1521 1541 Herpibolensis
1552 1499 1760 1531 ecclesiarum

96 1566 117 1586 25
145 1552 287 1591 abbates,
319 1553 481 1594 principes
505 1553 606 1583 nostri
630 1553 771 1583 illustres
795 1552 983 1594 Rudolphus
1007 1552 1138 1583 Austrie
1162 1555 1193 1583 et
1218 1552 1313 1582 Stirie
1337 1551 1401 1582 dux
1425 1552 1509 1582 filius
1533 1554 1641 1582 noster
1665 1551 1760 1581 caris-

142 1604 235 1635 simus
270 1607 302 1635 et
328 1603 516 1645 Rudolphus
545 1604 628 1634 filius
663 1604 795 1635 illustris
828 1604 992 1635 Ludowici
1022 1604 1109 1635 ducis
1144 1604 1292 1635 Bawarie
1323 1614 1447 1634 necnon
1477 1603 1671 1644 spectabiles
1703 1602 1760 1632 viri

141 1654 316 1687 Fridericus
332 1655 521 1697 burgravius
538 1655 578 1687 dc
595 1655 796 1696 Nurenberg,
820 1655 1026 1686 Eberhardus
1054 1666 1160 1686 comes
1177 1655 1216 1686 de
1234 1654 1543 1695 Katzenellenboge,
1566 1653 1759 1684 Ludewicus

143 1716 245 1738 comes
269 1707 307 1738 de
332 1706 487 1748 Otingen,
517 1707 730 1739 Gebehardus
761 1717 869 1738 comes
899 1707 937 1738 de
962 1707 1137 1749 Hirzperch
1161 1711 1193 1738 et
1216 1707 1400 1738 Guntherus
1425 1717 1531 1737 comes
1557 1705 1595 1737 de
1622 1704 1757 1735 Swartz-

141 1757 235 1790 berch
257 1769 380 1791 necnon
401 1760 526 1790 nobiles
543 1759 601 1791 viri
618 1758 772 1790 Gerlacus
796 1759 835 1790 de
852 1758 1030 1798 Bruberch,
1056 1758 1222 1790 Conradus
1240 1759 1279 1790 de
1297 1758 1491 1789 Winsberch
1508 1767 1630 1789 necnon
1646 1755 1758 1787 Fride-

94 1822 118 1842 :30
143 1810 223 1841 ricus
247 1810 286 1842 de
309 1810 501 1843 Hohenloch
525 1814 556 1842 et
579 1811 633 1842 alii
657 1821 751 1852 quam
776 1811 883 1852 plures
906 1810 1066 1855 fidedigni.

240 1861 359 1893 Datum
387 1863 544 1903 Erfordie,
568 1873 651 1894 anno
676 1862 806 1893 Domini
831 1865 863 1893 ct
887 1862 936 1893 die
960 1862 1157 1904 prescriptis,
1182 1862 1273 1903 regni
1296 1872 1371 1893 vero
1396 1862 1495 1892 nostri
1519 1871 1601 1892 anno
1620 1860 1757 1902 septimo

139 1912 267 1946 decimo.

231 2023 305 2056 425.
329 2025 606 2057 MANDATUM
626 2025 693 2056 DE
712 2025 1022 2057 IMMUNJTATE
1041 2025 1458 2057 MONASTERIORUM.
1503 2025 1594 2056 Febr.
1610 2025 1660 2055 25.

245 2084 340 2116 Dedit
362 2096 399 2116 επ
421 2087 614 2126 αῑιίοφτφῑιο
638 2086 789 2117 tabularii
811 2087 888 2126 reyz‘e’
911 2086 1098 2117 Dresdmzsis
1120 2086 1253 2116 Kriilmc
1276 2085 1540 2117 ‘Urkmzdenb‘ztcli
1564 2085 1618 2115 cler
1633 2083 1758 2115 moster

91 2147 113 2165 ³5.
140 2136 192 2167 der
215 2136 406 2177 Grafschaft
420 2137 591 2178 Mcmsfeld'
614 2140 668 2177 (=
688 2137 998 2177 ‘Gescha'ehtsqzmllen
1014 2138 1068 2168 dw-
1084 2137 1218 2168 Prom'uz
1234 2137 1379 2168 Sachsm'
1399 2137 1478 2174 XX)
1497 2148 1529 2175 Ι).
1547 2139 1608 2166 4:2¹5}
1624 2147 1671 2166 ur.
1687 2137 1756 2172 115,

141 2188 229 2218 cuius
251 2188 412 2219 editionem
434 2189 609 2227 repetimus.
655 2189 799 2229 Sigyillmn
825 2189 913 2219 valde
944 2189 1061 2219 laesam
1080 2190 1193 2229 pendet
1221 2189 1284 2227 silis
1306 2189 1413 2219 scricis
1435 2189 1524 2219 rubri
1546 2187 1663 2218 coleris.
1706 2186 1756 2226 Cf.

142 2238 204 2270 iam
225 2249 322 2278 supra
344 2240 386 2270 ad
407 2250 455 2270 nr.
471 2242 513 2271 20
535 2244 563 2271 ct
585 2240 675 2282 infra
698 2252 744 2272 mn
761 2242 854 2272 2438.
880 2260 919 2263 —
943 2241 1086 2278 Bijlmaer,
1111 2241 1184 2280 Rey.
1202 2242 1273 2280 imp.
1292 2240 1454 2277 1³1,:32S().

1466 2290 1518 2331 (P.
1544 2291 1649 2328 deest.)

243 2358 397 2391 Rudolfus
424 2360 486 2392 Dei
515 2362 624 2402 gracia
650 2361 869 2392 Romanorum
899 2372 957 2392 rex
987 2371 1113 2402 semper
1146 2364 1300 2401 augustus
1335 2360 1492 2391 universis
1523 2358 1605 2389 sacri
1628 2357 1753 2398 imperii

93 2422 116 2440 ⁴0
141 2407 272 2442 Romani
296 2411 443 2443 fidelibus
467 2416 634 2454 presentes
657 2413 779 2443 litteras
804 2413 992 2454 inspecturis
1015 2413 1153 2453 graciam
1178 2422 1266 2442 suam
1292 2415 1323 2443 et
1347 2422 1440 2443 omne
1464 2411 1593 2441 bonum.

243 2461 293 2492 Ad
316 2462 452 2494 Romani
479 2464 568 2505 regni
592 2464 759 2506 dirigenda
784 2465 946 2495 molimina
975 2465 1120 2496 evocati⁸
1145 2464 1316 2495 vocacione
1347 2464 1449 2501 illius,
1481 2463 1533 2503 qui
1558 2462 1753 2493 fastidiosam

140 2511 343 2553 superborum
374 2513 494 2545 elidens
519 2515 702 2557 superbiam
726 2515 876 2547 devotam
904 2516 1113 2546 humilitatem
1138 2515 1303 2546 humilium
1328 2515 1463 2546 collocat
1490 2515 1521 2544 in
1551 2513 1698 2544 sublimi⁴
1723 2513 1752 2542 in

241 2604 304 2632 424.
323 2608 344 2639 ⁸)
365 2609 509 2641 Redolphus
535 2610 558 2632 V
569 2609 595 2639 1,·
614 2610 762 2642 Rodulphus
782 2610 841 2633 11:1⁷
858 2609 881 2635 ⁸2.
974 2610 996 2642 b)
1011 2611 1071 2641 quia
1090 2610 1111 2633 V
1122 2610 1143 2634 1.
1157 2610 1178 2635 2.
1273 2612 1293 2641 ⁰)
1307 2615 1331 2635 et
1343 2612 1509 2635 si-meretur
1522 2609 1610 2633 desunt
1622 2608 1654 2631 A.
1668 2607 1688 2630 Υ
1699 2606 1719 2630 l.
1729 2607 1752 2630 2.

139 2646 161 2679 ⁴¹)
178 2649 276 2674 sanxita
296 2649 318 2673 V
330 2651 352 2676 1,
364 2651 387 2676 2.
474 2652 497 2684 e)
518 2657 544 2677 ut
557 2666 584 2669 —
597 2657 634 2677 est
652 2653 741 2678 (lesum
762 2653 785 2676 V
795 2653 816 2678 1.

90 2735 112 2755 4⁵
237 2724 299 2751 425·
318 2726 341 2758 3’)
360 2729 468 2759 sequitur
486 2738 581 2754 rasura
599 2739 634 2754 or.

238 2793 261 2826 1)
283 2792 322 2827 Cf.
340 2802 422 2827 supra
436 2800 558 2828 11uy.277
574 2804 593 2821 c.
609 2800 646 2822 1-1.
727 2796 752 2827 2)
773 2804 811 2822 nr.
825 2800 872 2823 390
889 2804 908 2822 c.
924 2801 959 2825 14.
1041 2798 1067 2829 3)
1090 2797 1127 2828 Cf.
1148 2797 1214 2830 Ray.
1230 2797 1290 2830 imp.
1308 2796 1352 2828 Vl,
1364 2800 1432 2821 2201.
1503 2796 1528 2827 4)
1549 2793 1588 2824 Cf.
1609 2792 1655 2817 1011
1672 2797 1693 2823 s»,
1707 2797 1741 2817 11.
