2259 3116
343 2455 402 2479 Sept.
416 2458 446 2476 2¹9.

465 132 521 161 ¹26

460 217 607 248 iniuriam
632 216 748 247 nostris
767 216 974 248 servitoribus
994 217 1178 247 nullatenus
1202 217 1249 247 in-

460 269 587 307 tulisse,
616 268 712 300 nichil
741 269 801 310 ipsi
825 268 893 309 regi
918 268 968 299 vel
998 269 1064 299 suis
1089 269 1249 310 inputabi-

459 331 540 351 mus.
588 320 622 351 Si
649 323 757 351 autem
788 320 969 351 invenerint
999 330 1070 351 eum
1096 321 1146 351 vel
1177 331 1251 351 suos

460 372 637 414 culpabiles
671 375 703 403 et
731 382 789 403 rex
820 372 888 413 ipse
913 372 1085 413 requisitus
1109 372 1148 402 ab
1174 372 1251 413 ipsis

461 422 646 454 Olmucensi
671 427 703 455 et
725 423 917 465 pure-bravio
940 434 1003 453 non
1020 423 1250 462 emendaverit,

460 474 622 505 adiutores
639 479 767 506 nostros
780 475 973 514 iuvabimus,
989 478 1084 516 prout
1102 475 1250 516 superius

459 529 509 557 est
535 536 734 568 expressum.
773 526 866 562 Quod
891 516 973 557 circa
998 537 1055 557 nos
1074 527 1142 557 vice
1160 537 1252 557 versa

458 588 516 619 per
539 579 645 610 omnia
671 579 836 610 observari
860 578 1003 610 debebit.

527 750 573 778 10.
598 747 752 778 Preterea
771 747 795 777 si
816 746 1045 777 Olmucensem
1064 747 1250 788 episcopum

459 800 509 830 vel
533 799 761 842 purchravium
787 798 969 840 sepedictos
986 799 1124 839 migrare
1149 799 1250 829 conti-

458 852 540 892 gerit
564 851 603 881 ab
628 851 688 882 hac
714 851 794 889 luce,
819 851 889 892 ipse
913 861 971 881 rex
996 850 1046 881 vel
1071 861 1128 881 nos
1154 850 1250 880 alium

460 904 491 934 in
515 903 658 934 defuncti
683 903 786 933 locum
812 902 1078 943 subrogabimus,
1104 902 1156 942 qui
1182 912 1249 932 om-

459 955 512 985 nia
535 958 567 985 et
591 955 717 996 singula
740 965 801 995 que
826 954 973 995 superius
998 957 1071 984 sunt
1097 964 1251 995 expressa

461 1007 599 1037 fideliter
623 1009 812 1047 exequatur.

528 1074 575 1104 11.
612 1071 748 1112 Insuper
786 1071 913 1102 inclitus
950 1082 1007 1101 rex
1041 1070 1184 1111 Ungarie
1219 1073 1251 1101 et

460 1123 561 1165 ipsius
584 1122 683 1154 frater
708 1123 752 1153 sic
771 1123 977 1154 includuntur
1001 1123 1031 1153 in
1050 1133 1141 1164 pace,
1166 1122 1249 1164 quod

459 1176 601 1217 quicquit
625 1175 654 1205 iu
680 1175 803 1213 castris,
828 1174 1062 1206 municionibus
1085 1175 1151 1205 sive
1176 1185 1247 1216 pre-

459 1227 517 1258 diis
555 1228 639 1258 circa
666 1230 769 1258 metas
800 1237 970 1268 regnorum
1002 1226 1158 1257 hactenus
1190 1226 1250 1256 fuit

459 1279 533 1309 hinc
574 1279 646 1309 inde
683 1279 836 1310 iniuriose
876 1281 1085 1319 occupatum,
1123 1278 1247 1318 integre

458 1330 575 1362 debeat
600 1331 769 1372 utrobique
787 1331 922 1368 restitui,
948 1331 993 1360 sic
1020 1328 1128 1371 [quod]
1151 1330 1249 1361 alter-

458 1386 529 1413 uter
552 1382 646 1424 plene
671 1383 811 1424 gaudeat
834 1383 901 1413 iure
926 1392 993 1412 suo.

528 1449 572 1479 12.
598 1447 751 1478 Preterea
775 1448 853 1478 nulli
878 1447 1083 1486 notariorum,
1109 1447 1249 1488 capella-

459 1510 571 1530 norum
597 1510 654 1530 seu
679 1500 867 1531 clericorum
900 1499 1016 1540 prefati
1044 1499 1128 1539 regis
1153 1509 1251 1540 super

460 1552 635 1591 beneficiis,
660 1562 721 1592 que
745 1551 921 1592 possident,
946 1550 1102 1582 lesionem
1120 1561 1178 1581 seu
1203 1551 1249 1581 in-

460 1604 609 1634 iuriosam
627 1604 806 1634 molestiam
824 1602 999 1633 inferemus
1022 1605 1053 1633 ct
1071 1602 1097 1632 si
1118 1602 1157 1632 ab
1179 1603 1249 1633 aliis

461 1656 649 1686 violenciam
684 1656 869 1697 paciantur,
905 1654 930 1684 si
964 1654 1002 1685 de
1036 1654 1097 1684 hoc
1127 1654 1166 1685 ad
1193 1665 1249 1685 uos

460 1707 568 1738 delata
603 1708 726 1748 questio
758 1707 870 1744 fuerit,
903 1706 1057 1737 faciemus
1094 1705 1178 1746 quod
1210 1706 1248 1737 de

459 1759 528 1789 iure
554 1759 648 1790 fuerit
672 1759 864 1790 faciendum.

528 1929 574 1958 13.
603 1927 739 1968 Insuper
781 1927 923 1969 quicquit
952 1930 1060 1969 preter
1088 1927 1246 1968 premissa

460 1980 608 2010 universa
642 1983 672 2009 et
704 1980 830 2020 singula
859 1979 1057 2010 venerabiles
1089 2004 1094 2010 .
1119 2003 1125 2009 .
1155 1978 1249 2009 Erbi-

460 2032 599 2072 polensis
618 2035 650 2062 et
663 2030 888 2062 Olomueensis
902 2031 1044 2072 episcopi
1063 2034 1094 2061 et
1109 2030 1250 2061 illustres

463 2083 496 2114 ¹1.
533 2094 638 2114 comcs
675 2083 835 2124 palatinus
870 2083 990 2121 Rehni,
1030 2083 1067 2112 (c).
1108 2082 1249 2112 marchio

461 2134 742 2173 Brandburgensis
761 2138 792 2165 et
809 2135 1007 2175 lantgravius
1027 2134 1145 2165 Hassic
1163 2135 1249 2175 prin-

461 2187 547 2228 cipes
578 2187 676 2217 nostri
705 2186 827 2221 dilecti,
865 2187 915 2217 vcl
952 2187 976 2216 si
1015 2197 1122 2217 eorum
1158 2187 1250 2227 copia

461 2238 570 2268 haberi
596 2249 657 2268 non
683 2239 801 2279 poterit
826 2238 976 2272 omnium,
995 2238 1037 2268 liii
1062 2238 1101 2268 de
1125 2238 1249 2279 predic-

460 2291 499 2320 tis
531 2290 579 2320 vol
605 2290 675 2323 alii,
707 2300 786 2330 quos
816 2290 931 2331 prefati
957 2290 1157 2320 Ulmuceusis
1183 2289 1249 2330 cpi-

462 2352 576 2383 scopus
614 2345 645 2371 ct
675 2341 884 2382 purcliruvius
914 2341 953 2371 de
978 2341 1185 2372 Nurcnberch
1211 2341 1250 2371 ad

461 2393 518 2424 hoc
544 2393 715 2433 clcgcrint,
750 2393 830 2423 iuter
861 2404 915 2423 uos
945 2398 975 2424 et
1004 2404 1112 2433 regem
1145 2394 1249 2434 prefa-

460 2448 526 2475 tum
551 2445 632 2475 iufra
662 2445 839 2485 proximum
870 2446 985 2475 festum
1016 2445 1101 2475 beati
1130 2444 1248 2475 Micha-

460 2497 541 2527 helis
578 2496 794 2526 ordinaverint
831 2500 861 2526 ct
897 2497 999 2526 evium
1035 2507 1090 2537 pro
1128 2497 1248 2526 firmius

462 2548 627 2579 solidanda
652 2549 734 2577 inter
768 2558 824 2577 uos
854 2551 884 2577 ct
910 2548 1011 2588 ipsum
1038 2559 1145 2587 regem
1173 2558 1247 2577 cou-

461 2599 565 2629 vordie
596 2600 766 2629 statuerint
800 2600 848 2629 vcl
882 2599 1083 2630 decreverint
1113 2600 1240 2633 unione,

460 2651 542 2682 bonu
569 2651 629 2682 tide
655 2651 856 2681 servabimus
883 2651 1106 2681 inconcussum
1121 2653 1140 2683 ¹.

562 2755 586 2786 11»
614 2753 639 2779 Γ,
661 2754 734 2787 infru
756 2761 795 2779 nr.
814 2758 866 2779 139,

796 129 951 155 RUDOLFI
971 128 1077 155 REGIS
1096 128 1420 170 CONSTITUTIONES.
1457 129 1530 155 1277.
1568 128 1614 155 Nr.
1631 129 1686 154 129.
1702 128 1758 154 130.

1306 220 1391 248 tores
1416 215 1514 258 ipsius
1538 225 1713 257 gravamen
1729 215 1782 246 vel
1806 215 1953 246 iniuriam
1978 217 2094 248 nostris

1305 268 1512 300 servitoribus
1530 268 1714 298 nullatenus
1733 267 1890 305 intulisse,
1915 268 2013 298 nichil
2037 268 2095 309 ipsi

1305 320 1433 351 domino
1465 322 1573 349 nostro
1602 319 1653 350 vel
1686 319 1751 349 suis
1786 319 2014 359 inputabimus.
2062 319 2094 351 Si

1306 375 1412 403 autem
1438 371 1619 402 invenerint
1637 370 1801 400 dominum
1819 373 1963 401 nostrum
1988 381 2095 412 regem

1306 424 1355 454 vel
1381 434 1456 454 suos
1481 422 1658 464 culpabiles
1688 425 1721 453 et
1749 432 1807 452 rex
1830 422 1900 463 ipse
1924 423 2095 464 requisitus
2135 434 2145 452 5

1306 475 1345 505 ab
1363 475 1441 516 ipsis
1459 473 1666 505 Olomueensi
1690 473 1842 515 episcopo
1859 477 1891 504 et
1907 474 2096 515 purchravio

1307 537 1369 557 nou
1394 526 1623 562 emendaverit,
1647 524 1810 555 adiutores
1828 528 1955 556 nostros
1974 525 2095 556 iuvabi-

1306 589 1386 617 muS,
1411 581 1506 619 prout
1522 577 1669 619 superius
1695 580 1744 607 est
1761 587 1963 618 expressum.
2005 577 2097 613 Quod

1306 631 1391 661 eirca
1408 640 1518 671 regem
1534 629 1754 659 Romanorum
1771 627 1934 659 dominum
1951 632 2095 660 nostrum

1306 683 1375 713 vice
1400 692 1495 712 versa
1517 691 1574 722 per
1598 680 1703 711 omnia
1728 679 1893 711 observari
1918 680 2058 713 debebit.

1374 749 1420 778 10.
1445 746 1601 777 Preterea
1631 745 1656 775 si
1687 745 1936 776 Olomueensem
1969 746 2095 787 episco-

1306 809 1380 840 pum
1413 799 1462 829 vel
1493 797 1718 839 purchravium
1750 798 1930 839 sepedictos
1958 798 2096 838 migrare

1306 850 1474 891 contigerit
1492 849 1532 880 ab
1550 849 1610 880 liae
1629 849 1709 886 luce,
1736 849 1804 891 ipse
1822 849 1970 880 dominus
1987 852 2096 880 noster

1306 902 1356 932 vel
1381 912 1438 932 nos
1464 901 1560 931 alium
1586 901 1616 931 in
1642 901 1785 932 defuncti
1808 901 1913 932 locum
1939 901 2096 942 subroga-

1304 953 1422 991 bimus,
1447 954 1500 994 qui
1525 954 1631 983 omnia
1654 956 1686 983 et
1711 953 1838 994 singula
1862 964 1924 994 que
1949 953 2094 995 superius

1306 1009 1379 1035 sunt
1403 1016 1559 1046 expressa
1582 1005 1722 1036 fideliter
1745 1009 1934 1046 exequatur.

1373 1073 1417 1102 11.
1454 1070 1591 1111 Insuper
1628 1070 1754 1100 inclitus
1793 1081 1851 1101 rex
1885 1068 2029 1111 Ungarie
2065 1072 2096 1100 et

1305 1122 1404 1163 ipsius
1429 1122 1527 1153 frater
1550 1122 1594 1153 sic
1619 1121 1825 1152 includuntur
1848 1122 1880 1152 in
1897 1132 1989 1163 pace,
2015 1121 2097 1163 quod

1305 1174 1448 1215 quicquit
1472 1175 1503 1204 in
1528 1174 1651 1214 eastris,
1676 1173 1913 1204 municionibus
1938 1174 2006 1204 sive
2023 1183 2096 1214 pre-

1304 1226 1365 1257 diis
1396 1227 1479 1256 circa
1509 1230 1612 1257 metas
1645 1236 1818 1267 regnorum
1852 1225 2007 1256 hactenus
2038 1225 2096 1256 fuit

1304 1278 1376 1309 hinc
1401 1278 1474 1309 inde
1492 1279 1644 1309 iniuriose
1663 1281 1865 1319 occupatum,
1891 1277 2016 1318 integre
2039 1276 2094 1308 de-

1304 1331 1379 1361 beat
1402 1330 1572 1371 utrobique
1597 1330 1735 1367 restitui,
1761 1329 1805 1360 sie
1830 1327 1914 1370 quod
1938 1328 2096 1359 alteruter

1304 1383 1398 1423 plene
1424 1381 1564 1423 gaudeat
1588 1393 1645 1412 suo
1671 1382 1750 1414 iure.

1374 1448 1418 1478 12.
1443 1447 1599 1478 Preterea
1623 1446 1700 1477 nulli
1718 1445 1927 1483 notariorum,
1952 1445 2094 1486 capella-

1304 1509 1417 1530 norum
1453 1509 1510 1529 seu
1545 1499 1736 1530 clericorum
1774 1501 1957 1529 nostrorum
1999 1507 2095 1539 super

1306 1551 1490 1589 beneficiis,
1515 1561 1576 1591 que
1603 1551 1634 1581 iu
1658 1551 1752 1581 terris
1776 1549 1929 1591 predictis
1954 1549 2094 1587 Austria,

1306 1602 1414 1643 Styria
1445 1606 1476 1632 et
1514 1601 1685 1633 Karinthia
1719 1601 1901 1643 possident,
1939 1601 2093 1632 lesionem

1304 1665 1360 1685 seu
1386 1654 1573 1684 iniuriosam
1598 1654 1779 1684 molestiam
1809 1653 1957 1684 dominus
1988 1656 2095 1683 noster

1303 1706 1420 1736 inferet
1443 1709 1474 1736 et
1499 1706 1525 1735 si
1549 1705 1588 1736 ab
1613 1706 1685 1736 aliis
1709 1705 1900 1736 violenciam
1918 1705 2094 1747 pacientur,

1307 1758 1333 1788 si
1357 1757 1396 1788 de
1421 1757 1481 1788 hoc
1506 1757 1544 1788 ad
1567 1758 1670 1798 ipsum
1689 1757 1852 1789 dominum
1869 1760 2014 1788 nostrum
2038 1756 2094 1787 de-

1307 1810 1371 1840 lata
1399 1810 1523 1850 questio
1551 1809 1663 1849 fuerit,
1700 1810 1798 1841 faciet
1834 1809 1918 1851 quod
1955 1809 1994 1840 de
2029 1808 2105 1839 iure'

1308 1861 1405 1893 fuerit
1428 1861 1621 1893 faciendum.

1373 1928 1417 1958 13.
1454 1927 1589 1968 Insuper
1624 1926 1765 1967 quicquit
1797 1928 1906 1967 preter
1940 1925 2096 1967 premissa

1303 1979 1453 2009 universa
1483 1982 1516 2009 et
1545 1979 1671 2019 singula
1696 1977 1897 2009 venerabiles
1922 1977 2092 2019 Herwipo-

1304 2031 1402 2061 lensis
1427 2035 1458 2061 et
1483 2030 1707 2061 Olomueensis
1738 2029 1879 2071 episcopi
1909 2032 1940 2061 et
1965 2029 2095 2060 illustris

1304 2082 1338 2114 L.
1381 2093 1488 2113 comes
1534 2082 1695 2123 palatinus
1736 2081 1834 2121 Reni,
1875 2080 1912 2112 O.
1953 2081 2094 2112 marchio

1308 2133 1583 2175 liraudburgensis
1613 2137 1645 2164 et
1668 2134 1850 2164 lancravius
1875 2132 2015 2174 Hassye,
2041 2131 2091 2163 vel

1304 2186 1328 2216 si
1354 2196 1461 2216 eorum
1480 2186 1571 2227 copia
1590 2186 1703 2216 baberi
1721 2196 1782 2216 non
1801 2185 1918 2227 poterit
1942 2184 2092 2222 omnium⁷

1304 2237 1346 2268 hii
1371 2238 1409 2268 dc
1434 2238 1587 2279 predictis
1612 2238 1663 2268 vel
1687 2237 1752 2273 alii,
1777 2247 1856 2278 quos
1881 2236 1996 2277 prefati
2014 2235 2092 2265 010-

1303 2291 1463 2327 muconsis
1479 2290 1646 2331 episcopus
1663 2293 1696 2321 et
1709 2288 1918 2332 purchravius
1932 2287 1971 2318 de
1985 2287 2090 2317 Nurn-

1304 2342 1401 2372 berch
1426 2342 1464 2372 ad
1482 2342 1540 2371 hoc
1559 2342 1726 2382 elegerint,
1750 2342 1834 2372 inter
1851 2350 1908 2371 uos
1934 2342 1965 2370 et
1984 2348 2092 2380 regem

1304 2393 1462 2434 prefatum
1494 2393 1657 2424 dominum
1692 2396 1835 2423 nostrum
1873 2391 1955 2422 infra
1982 2390 2089 2432 proxi—

1304 2456 1388 2475 mum
1408 2446 1523 2475 festum
1542 2445 1627 2475 beati
1645 2444 1833 2475 Michalielis
1851 2455 1907 2486 pro
1925 2441 2090 2474 solidanda

1304 2497 1423 2527 lirmius
1442 2497 1524 2527 inter
1541 2496 1701 2527 dominum
1721 2500 1863 2527 nostrum
1888 2498 1920 2525 et
1939 2504 1995 2525 nos
2013 2504 2087 2524 con-

1303 2548 1408 2578 cordie
1438 2549 1555 2578 unione
1595 2549 1766 2579 statuerint
1794 2548 1844 2578 vel
1879 2545 2089 2580 decreverint,

1304 2600 1384 2630 bona
1409 2600 1470 2630 tide
1496 2600 1694 2631 servabimus
1720 2600 1955 2630 inconcussum.

2123 692 2145 710 10

2123 968 2146 986 15

2124 1241 2147 1260 20

2123 1506 2145 1525 25

2122 1766 2146 1785 30

2123 2043 2145 2061 ³5

2121 2302 2145 2320 «10

2120 2558 2143 2578 ⁴⁵
