2259 3116
432 100 490 129 ‚150
768 96 924 123 RUDOLFI
943 95 1047 123 REGIS
1066 94 1387 122 CONSTITUTIONES.
1426 95 1498 121 1291.
1536 93 1726 121 Nr.‡16‘2.463.

692 301 789 353 462.
822 300 922 353 463.
950 298 1442 354 INFEUDATIO
1481 297 1798 352 COMITIS

959 376 1529 431 GEBENNENSIS.

1111 480 1216 516 1291.
1257 481 1336 516 Iun.
1359 481 1391 515 3.

889 588 965 620 462.
990 576 1319 621 PRIV‘ILEGIUM
1340 588 1604 621 GENERALE.

535 658 716 697 Repetz‘mus
732 657 904 695 ι’(ῐίΐίοηωη,
927 668 1020 696 qnam
1031 658 1160 697 paravit
1177 658 1241 689 ἰ’(ιηι
1257 657 1327 688 olim
1353 657 1384 688 J.
1403 657 1442 688 E.
1460 657 1553 696 Kopp
1571 657 1633 688 loco
1648 668 1746 696 snpra
1769 657 1813 687 ml
1833 668 1882 688 ur.
1895 658 2063 688 310—329

431 711 559 741 laudato
580 721 612 749 21.
634 711 694 740 124
725 720 771 740 m.
796 712 835 739 55
863 720 901 740 ex:
925 710 1028 740 ‘Libro
1051 710 1229 740 littcrarwn-
1252 710 1473 749 «emperialium·
1497 719 1575 740 sace.
1598 709 1672 740 XV.
1697 709 1848 740 tabularii
1876 709 1953 749 reyiz'
1978 709 2062 740 Tau-

430 763 565 793 ratensis
583 761 642 803 fol.
659 763 739 791 190¹.
765 780 804 783 —
828 761 972 799 Bolum,
998 762 1071 802 Ray.
1089 762 1160 800 imp.
1181 761 1341 799 11:247st
1734 782 1735 785 =
1775 760 1827 801 (P.
1851 761 1957 799 deest.)

538 847 731 890 Rudolphus
754 847 816 878 Dei
840 848 944 889 gratia
968 848 1186 879 Romanorum
1215 859 1273 879 rex
1303 858 1430 889 semper
1459 850 1614 889 augustus
1638 847 1797 878 universis
1821 847 1902 878 sacri
1926 847 2063 879 Romani

433 900 557 942 imperii
580 899 730 932 fidelibus
756 900 892 941 gratiam
917 911 1007 931 suam
1031 904 1062 931 et
1086 911 1180 931 omne
1205 900 1333 931 bonum.

537 952 776 993 Magnificentia
789 951 924 982 Romani
937 952 1089 994 principis
1103 952 1290 993 adaugetur,
1309 962 1379 983 cum
1394 952 1490 993 digna
1504 951 1617 982 merita
1634 951 1832 982 subditorum
1852 949 1955 991 dignis
1972 950 2062 981 retri-

435 1003 619 1034 butionibus
644 1014 705 1033 non
731 1002 928 1034 fraudantur.
975 1003 1055 1034 Cum
1087 1004 1194 1045 itaque
1219 1004 1265 1034 vir
1299 1003 1483 1045 spectabilis
1507 1002 1671 1033 Amedeus
1703 1013 1810 1033 eomes
1841 1001 2063 1033 Gebennensis

432 1055 517 1096 apud
545 1065 602 1085 nos
632 1058 663 1085 et
693 1055 859 1096 imperium
896 1055 1102 1085 multifariam
1139 1055 1321 1086 meritorum
1358 1055 1456 1086 radiis
1491 1055 1665 1096 refulgeat,
1709 1054 1768 1084 sibi
1805 1054 1953 1084 duximus
1982 1053 2063 1084 hanc

433 1107 568 1147 gratiam
592 1106 781 1145 faciendam,
806 1106 956 1137 videlicet
981 1106 1065 1147 quod
1090 1107 1196 1137 onmia
1220 1107 1325 1145 feoda,
1351 1118 1410 1149 que
1428 1118 1543 1138 vacare
1567 1106 1774 1137 dinoscuntur
1798 1116 1839 1136 ex
1855 1108 1955 1136 morte
1978 1105 2063 1137 clare

434 1158 588 1189 memorie
612 1158 772 1199 quondam
796 1158 954 1189 Hemonis
978 1158 1085 1189 fratris
1110 1158 1185 1189 dicti
1210 1159 1346 1197 comitis,
1377 1158 1416 1189 ad
1442 1169 1499 1189 nos
1524 1160 1556 1189 et
1580 1158 1747 1200 imperium
1774 1157 1954 1199 spectantia
1978 1157 2063 1188 dicto

433 1209 541 1240 comiti
564 1209 710 1240 Amedeo
740 1213 772 1241 et
803 1210 867 1240 suis
892 1210 1063 1241 heredibus
1094 1209 1244 1240 duximus
1269 1209 1473 1241 concedenda
1497 1220 1515 1240 a
1538 1209 1630 1240 nobis
1656 1212 1687 1240 et
1710 1209 1844 1251 imperio
1869 1208 2009 1240 tenenda
2031 1209 2063 1239 in

434 1263 625 1302 perpetuum
649 1261 740 1292 titulo
766 1261 894 1292 feodali.
941 1261 1065 1292 Dantes
1097 1262 1125 1292 ei
1148 1261 1205 1292 has
1229 1261 1352 1292 litteras
1384 1261 1478 1303 sigilli
1507 1261 1607 1292 nostri
1639 1261 1812 1292 munimine
1841 1261 2008 1292 roboratas
2032 1261 2063 1291 in

435 1312 653 1343 testimonium
678 1324 774 1354 super
797 1324 845 1344 eo.

540 1364 660 1395 Datum
688 1364 869 1406 Maguntie,
902 1364 960 1395 ΙΙΙ.
984 1364 1093 1395 Nonas
1122 1365 1221 1404 Iunii,
1258 1364 1428 1396 indictione
1460 1367 1587 1407 quarta,
1624 1376 1706 1396 anno
1736 1364 1866 1396 Domini
1894 1365 2061 1396 millesimo

435 1415 656 1447 ducentesimo
680 1417 889 1457 nonagesimo
914 1417 1026 1458 primo,
1052 1417 1143 1458 regni
1167 1426 1241 1448 vero
1266 1417 1365 1448 nostri
1390 1428 1473 1448 anno
1498 1417 1620 1448 decimo
1644 1421 1766 1448 octavo.

868 1570 944 1602 463.
968 1570 1264 1603 INFEUDATJO
1286 1571 1354 1602 DE
1377 1570 1629 1603 CONDUGTU.

542 1631 722 1671 Repetimus
745 1631 907 1661 editionem
932 1632 950 1661 l.
969 1631 987 1662 l.
1009 1642 1039 1670 2).
1058 1632 1118 1661 124
1141 1642 1189 1663 nr.
1208 1633 1248 1661 56
1267 1631 1389 1672 factam
1413 1642 1450 1662 ea·
1473 1631 1573 1662 codem
1598 1631 1701 1661 ‘Libro
1718 1631 1894 1662 litterarum
1920 1631 2061 1670 inweria-

433 1684 519 1714 lium'
544 1683 597 1720 fol.
615 1684 695 1712 190¹.
721 1700 759 1704 —
784 1682 928 1719 Bolmcer,
953 1683 1026 1721 Rea.
1046 1683 1116 1722 imp.
1138 1682 1191 1719 VI,
1206 1684 1298 1713 2480.
1776 1683 1827 1723 (P.
1853 1683 1957 1723 deest.)

521 1769 679 1800 ltudolfus
709 1768 770 1799 Dei
805 1769 909 1809 gratia
941 1768 1158 1799 Romanorum
1188 1779 1245 1800 rex
1280 1780 1408 1811 semper
1442 1773 1598 1811 augustus
1628 1770 1786 1800 universis
1817 1770 1898 1801 sacri
1927 1768 2062 1800 Romani

440 1821 561 1862 imperii
586 1819 732 1851 fidelibus
756 1821 892 1861 gratiam
918 1831 1006 1851 suam
1032 1824 1063 1851 et
1087 1831 1180 1852 omne
1203 1821 1332 1854 bonum.

543 1872 588 1913 (1)
617 1872 800 1903 Precellens
833 1872 984 1914 principis
1015 1872 1232 1904 Romanorum
1267 1874 1366 1914 gloria
1397 1874 1644 1914 preeinincntius
1678 1877 1751 1904 tunc
1783 1873 1963 1912 extollitur,
1992 1883 2061 1904 cum

435 1924 532 1965 digna
556 1923 721 1964 dignorum
746 1923 944 1954 benemerita
969 1924 1125 1965 condigne
1150 1925 1416 1956 remunerationis
1445 1925 1555 1956 bravio
1586 1925 1730 1966 largiflue
1754 1925 1960 1966 premiantur.
2003 1924 2062 1955 Est

437 1976 544 2016 itaque
569 1975 615 2005 vir
639 1974 823 2016 spectabilis
849 1975 1013 2007 Amedcus
1038 1986 1145 2007 eomes
1170 1976 1405 2014 Gebennensis,
1431 1987 1525 2017 quem
1550 1976 1631 2007 adeo
1657 1986 1713 2006 sue
1736 1976 1902 2017 probitatis
1927 1976 2061 2017 insignia

437 2030 675 2068 premonstrant
704 2037 739 2057 ac
764 2027 947 2058 meritorum
973 2028 1124 2068 preconia
1148 2028 1314 2069 predicant
1338 2031 1370 2059 et
1395 2028 1562 2066 extollunt,
1587 2027 1670 2069 quod
1695 2038 1767 2058 eum
1785 2028 1939 2069 singulari
1964 2028 2060 2058 bene-

435 2077 574 2108 ficientia
606 2081 836 2118 prosequentes
874 2078 977 2109 eidem
1007 2079 1154 2109 duximus
1190 2080 1270 2110 hanc
1299 2080 1434 2121 gratiam
1463 2079 1655 2111 faciendam:
1745 2078 1917 2118 Volcutes,
1947 2089 2059 2110 couce-

435 2129 565 2167 dcntes,
596 2132 791 2167 statuentes,
822 2130 905 2170 quod
937 2130 976 2161 de
1006 2131 1150 2171 qualibet
1181 2142 1262 2172 cupa
1291 2131 1458 2169 frumenti,
1490 2141 1550 2172 que
1585 2134 1764 2161 mercature
1800 2141 1897 2162 causa
1930 2130 1969 2162 de
2004 2140 2061 2161 sua

435 2184 519 2211 terra
544 2191 600 2211 seu
630 2180 768 2211 dominio
794 2181 920 2212 ducitur
949 2193 1004 2223 per
1028 2186 1225 2219 mercantes,
1260 2187 1396 2224 quatuor
1423 2183 1580 2224 percipiet
1610 2183 1757 2213 denarios
1788 2185 1819 2213 ct
1847 2182 1992 2221 habebit,
2020 2181 2058 2213 de

438 2242 519 2273 cupa
543 2242 618 2262 vero
644 2242 744 2263 avene
768 2232 863 2263 dubs:
889 2233 927 2263 dc
952 2234 1020 2263 aliis
1046 2245 1120 2265 vero
1144 2234 1247 2265 bladis
1274 2234 1447 2266 secundum
1474 2234 1729 2273 similitudinem,
1755 2245 1817 2275 qua
1840 2236 2060 2275 comparantur

437 2284 596 2314 frumento
622 2294 657 2313 ac
683 2294 797 2321 avene,
829 2285 973 2315 similiter
997 2286 1152 2327 percipiet
1176 2290 1207 2317 ct
1232 2286 1372 2318 habebit.
1418 2286 1500 2317 Item
1525 2287 1671 2317 volumus
1695 2290 1726 2317 et
1750 2286 1953 2328 presentibus
1977 2284 2058 2316 ordi-

436 2345 561 2371 namus,
586 2335 667 2375 quod
693 2335 731 2365 de
756 2346 836 2376 equo
861 2336 911 2365 vel
936 2337 1020 2366 inuio
1045 2338 1259 2369 mercimoniis
1288 2338 1357 2368 aliis
1382 2342 1513 2369 onerato
1538 2337 1706 2368 duodecim
1731 2338 1885 2379 percipiat
1907 2336 2058 2373 denarios

435 2386 474 2417 dc
498 2387 587 2417 asino
612 2397 686 2417 vero
711 2390 796 2425 octo,
828 2387 857 2417 in
883 2387 951 2417 loeo
977 2388 1028 2418 ubi
1053 2390 1156 2429 inagis
1182 2389 1338 2421 videbitur
1369 2390 1532 2431 expedire.
1620 2390 1667 2430 (2)
1692 2389 1798 2420 Huius
1823 2392 1930 2420 autem
1954 2391 2058 2420 nostre

436 2438 537 2479 gratie
561 2438 798 2469 concessionem
824 2438 967 2479 predicto
992 2439 1087 2470 nobili
1113 2441 1216 2471 comiti
1236 2442 1440 2472 Gebennensi
1465 2441 1613 2472 duximus
1639 2441 1898 2479 comnittendam,
1922 2443 1956 2471 ut
1978 2449 2058 2470 mer—

437 2493 560 2519 catores
590 2500 646 2530 per
675 2494 790 2519 terram
824 2500 913 2520 snam
944 2491 1111 2521 transitum
1141 2493 1298 2523 faciontes
1329 2503 1399 2523 cuni
1430 2493 1523 2524 rebus
1553 2496 1584 2524 et
1608 2493 1754 2534 personis
1778 2493 1818 2524 ab
1842 2492 1987 2524 omnibus
2010 2491 2056 2522 in-

439 2541 526 2571 iuriis
551 2544 583 2571 ct
607 2540 732 2570 iniustis
757 2541 1031 2581 persecutionibus
1064 2547 1095 2573 et
1120 2544 1409 2585 calumpniantibus
1443 2548 1474 2576 et
1504 2545 1748 2576 molestantibus
1777 2545 1883 2575 salvos
1913 2547 1944 2574 et
1971 2543 2055 2574 ineo-

425 2593 538 2630 ,lumes
569 2591 740 2629 custodiat,
772 2595 918 2633 protegat
949 2597 980 2623 ct
1010 2593 1161 2625 defendat
1189 2599 1221 2625 et
1250 2596 1367 2626 ibidem
1400 2600 1531 2627 stratam
1556 2596 1716 2638 publicani
1741 2596 1781 2627 ad
1804 2596 1972 2626 utilitatem
1996 2593 2055 2625 rei-

437 2643 563 2684 publice
587 2643 754 2684 magnifice
779 2647 912 2675 tueatur.
1001 2644 1047 2685 (3)
1073 2645 1164 2676 lianc
1198 2650 1302 2677 autem
1336 2648 1469 2688 gratiam
1502 2647 1541 2677 ad
1566 2647 1683 2678 dictum
1709 2647 1887 2679 Amedeum
1912 2645 2053 2678 comitem

437 2694 683 2725 Gebennensem
709 2699 740 2726 et
765 2706 837 2725 suos
863 2695 996 2727 heredes
1022 2697 1166 2728 volumus
1191 2699 1321 2729 extendi
1346 2699 1399 2738 ita,
1425 2699 1508 2740 quod
1533 2699 1602 2741 ipse
1627 2699 1836 2742 eiusdemque
1861 2697 1994 2730 heredes
2018 2695 2054 2729 de

2101 673 2112 691 5

2091 961 2114 979 10

2090 1220 2112 1238 15

2088 1583 2111 1602 20

2087 1883 2110 1902 25

2085 2140 2109 2160 ³0
