2259 3164
56 796 78 814 10

55 1092 77 1110 1⁵

57 1601 79 1620 25

57 1858 80 1876 30

57 2113 79 2131 ³5

58 2372 80 2390 40

58 2627 81 2645 45

473 178 629 206 RUDOLFI
648 178 753 205 REGIS
773 179 1092 206 CONSTITL'TIONES.
1130 181 1202 207 1275.
1241 181 1286 207 Nr.
1300 182 1357 208 ⁶214.
1673 187 1728 217 197

104 280 179 302 vero
211 268 356 300 redditus
394 266 579 308 assignandi
612 266 696 296 ultra
727 276 883 296 summam
922 266 1097 307 predictam
1134 268 1234 298 taxati
1272 268 1401 307 fuerint,
1437 273 1511 300 tuuc
1552 271 1608 301 hoc
1646 272 1730 313 quod

106 331 258 352 summam
298 319 424 351 excedit
458 319 497 350 de
533 318 758 360 assignacione
792 328 885 358 quam
918 318 986 349 fieri
1017 320 1160 350 volumus
1197 320 1379 354 deducetur.
1426 321 1468 352 Et
1498 323 1522 352 si
1548 323 1629 354 sorte
1656 335 1728 364 pars

107 372 285 404 reddituum
325 370 590 412 assignandorum
627 370 828 401 evinceretur
856 380 874 399 a
903 369 1029 400 domina
1059 371 1183 411 regina,
1221 374 1295 402 tune
1333 373 1363 402 111
1394 373 1495 403 locum
1530 375 1612 411 cius,
1646 375 1730 416 quod

106 424 240 455 evictum
264 422 303 454 ab
326 423 395 464 ipsa
418 422 525 461 fuerit,
560 421 647 452 aliud
670 422 754 462 quod
777 422 974 453 tantumdem
1000 423 1106 454 valeat
1130 435 1331 465 reponemus.
1372 425 1447 466 Ipsa
1471 430 1578 457 autem
1601 427 1729 458 domina

102 476 213 517 regina
240 477 421 517 presentem
450 474 706 515 assignacionem
734 477 901 515 gratanter
926 485 945 504 a
971 475 1063 505 nobis
1093 476 1270 517 suscipiens
1296 487 1328 507 50
1352 477 1441 507 nobis
1468 478 1507 509 ad
1530 482 1615 509 certa
1639 483 1731 520 pacta

104 527 279 558 voluntarie
304 526 472 567 obligavit,
503 535 636 566 quorum
668 528 760 556 tenor
790 528 821 556 et
845 525 919 556 ordo
943 526 974 556 in
999 527 1113 557 litteris
1137 528 1201 557 suis
1228 529 1424 568 patentibus,
1449 540 1526 570 quas
1552 540 1647 571 super
1670 530 1730 560 hiis

103 579 192 610 nobis
227 577 369 615 tradidit,
404 577 529 618 plenius
564 577 777 608 eontinentur.
835 577 887 607 Ad
923 577 982 608 hec
1023 578 1147 618 prefata
1182 578 1310 609 domina
1346 581 1472 621 regina,
1509 582 1532 611 si
1574 583 1729 623 premissa

104 630 184 673 quod
207 629 290 661 absit
313 629 571 670 infringeremus,
597 640 615 659 a
638 629 741 670 pactis
768 632 798 659 et
823 629 1087 670 promissionibus
1113 630 1204 660 nobis
1230 631 1321 661 factis
1347 632 1406 662 crit
1428 631 1528 663 libera
1550 634 1676 673 penitus
1701 636 1731 662 ct

103 682 214 713 soluta.

446 773 522 806 214.
546 774 881 807 IURAMENTUM
898 775 1116 806 REGINAE
1136 775 1398 807 BOIIEMIAE.

207 835 260 866 Ea)
282 834 308 865 Τ
331 845 379 866 ην.
396 836 468 866 373.
493 854 532 858 —
556 834 702 872 Bo'hmer,
726 835 799 875 Regy.
820 836 890 875 imp.
911 835 1071 875 VI,1023.
1443 837 1495 877 (P.
1521 838 1626 876 deest.)

206 921 285 953 Post
309 921 476 952 decessum
503 921 588 952 clare
613 921 764 952 memorie
790 921 908 952 domini
932 924 963 952 et
987 922 1093 952 mariti
1118 923 1217 953 nostri
1247 922 1405 963 quondam
1431 923 1468 955 O.
1494 924 1624 955 illustris
1648 926 1733 966 regis

104 973 258 1005 Bohemie
288 973 518 1004 adversitatum
548 973 641 1004 nobis
670 973 910 1004 imminencium
941 973 1189 1004 innumerabiles
1219 974 1357 1015 impetus
1388 974 1549 1006 declinare
1578 975 1733 1013 volentes,

104 1025 143 1057 ad
175 1025 370 1056 serenissimi
400 1018 519 1055 domini
549 1024 649 1055 nostri
681 1024 808 1055 Rudolfi
839 1024 1055 1055 Romanorum
1085 1026 1171 1066 regis
1211 1036 1337 1067 semper
1371 1027 1499 1067 augusti
1530 1027 1734 1058 transivimus

104 1077 254 1119 graciam,
279 1086 368 1118 spem
393 1075 563 1115 habentes,
588 1075 672 1116 quod
698 1076 782 1107 idem
806 1076 899 1107 nobis
917 1077 1055 1107 maritali
1073 1077 1211 1117 presidio
1229 1077 1366 1108 viduatis
1384 1078 1543 1119 paternali
1562 1079 1734 1110 clemencia

104 1128 294 1171 provideret.
339 1127 382 1158 Et
411 1128 562 1169 quoniam
592 1127 676 1158 idem
706 1127 853 1158 dominus
885 1128 943 1158 sub
972 1129 1173 1169 protectione
1197 1129 1335 1160 Romani
1364 1130 1489 1171 imperii
1517 1130 1736 1162 favorabiliter

105 1191 164 1212 nos
188 1179 318 1221 collegit
347 1179 505 1220 nobisque
536 1182 642 1210 certas
677 1179 900 1221 possessiones
932 1182 964 1210 et
994 1179 1137 1211 redditus
1169 1181 1200 1211 in
1232 1181 1335 1212 vicem
1364 1184 1396 1212 ct
1419 1182 1522 1212 locum
1553 1182 1735 1213 donacionis

104 1231 195 1263 nobis
227 1232 312 1263 facte
342 1234 473 1273 propter
504 1231 635 1272 nupcias
665 1241 683 1260 a
713 1230 856 1272 predicto
888 1234 994 1262 nostro
1024 1231 1183 1273 quondam
1214 1232 1341 1263 domino
1367 1236 1399 1263 ct
1423 1233 1536 1264 marito
1560 1233 1736 1265 liberaliter

105 1284 292 1325 assignavit,
322 1294 383 1324 que
408 1286 440 1314 et
463 1283 516 1324 qui
541 1283 573 1313 in
598 1282 664 1313 suis
688 1282 803 1313 litteris
828 1283 964 1324 propriis
989 1283 1170 1314 nominibus
1196 1284 1431 1325 exprimuntur,
1460 1285 1490 1315 in
1515 1285 1585 1315 aliis
1610 1296 1734 1326 quoquc

107 1336 222 1366 nostris
246 1334 461 1377 peticionibus
487 1338 595 1365 nostro
620 1334 825 1375 beneplacito
850 1334 953 1365 sactus
977 1335 1069 1365 nobis
1093 1335 1262 1376 placabilis
1295 1335 1444 1367 benivole
1473 1337 1647 1377 acquievit,
1678 1348 1734 1367 nos

105 1388 204 1418 vicem
228 1397 320 1428 quam
338 1397 507 1429 possumus
532 1386 665 1418 reddere
691 1387 859 1428 cupientes
884 1386 1000 1425 eidem,
1018 1388 1110 1417 tactis
1128 1388 1225 1418 sacris
1244 1388 1429 1428 ewangeliis
1446 1388 1506 1418 sibi
1524 1389 1735 1430 promittimus

105 1442 136 1470 et
159 1439 309 1476 iuramus,
334 1439 418 1480 quod
441 1439 594 1470 honorem
620 1449 711 1469 suum
737 1442 768 1468 et
792 1439 964 1470 utilitatem
990 1449 1117 1479 semper
1142 1439 1400 1479 promovebimus
1424 1440 1507 1470 bona
1524 1439 1585 1471 fide
1602 1445 1633 1471 ct
1650 1440 1733 1481 quod

104 1489 142 1521 ad
166 1489 224 1521 hoc
248 1501 374 1521 omnem
398 1493 540 1521 nostram
564 1489 784 1531 diligenciam,
821 1500 951 1531 operam
976 1494 1007 1521 et
1032 1489 1278 1521 sollicitudinem
1303 1490 1542 1532 impendemus,
1566 1495 1600 1522 ut
1625 1502 1734 1521 omnes

104 1544 272 1580 tractatus,
303 1545 410 1584 pacta,
440 1542 670 1584 promissiones
697 1545 728 1572 et
752 1541 869 1582 placita
893 1542 975 1572 inter
1005 1542 1109 1583 ipsum
1142 1545 1174 1572 ct
1198 1553 1254 1572 nos
1278 1542 1317 1572 de
1341 1542 1448 1583 pueris
1473 1543 1537 1572 suis
1563 1546 1593 1573 et
1618 1543 1734 1573 nostris

105 1602 207 1634 nuper
231 1593 315 1624 facta
339 1596 371 1624 et
396 1594 502 1624 omnia
525 1593 603 1631 alia,
633 1603 693 1634 que
718 1593 748 1623 in
773 1593 844 1624 aliis
868 1594 983 1624 nostris
1008 1594 1122 1624 litteris
1148 1594 1207 1624 sibi
1232 1604 1290 1635 per
1313 1604 1369 1624 nos
1394 1594 1477 1624 datis
1502 1594 1733 1635 exprimuntur,

103 1643 226 1686 integre
250 1645 473 1686 compleantur
503 1649 535 1676 et
568 1644 651 1686 quod
681 1645 769 1675 nulla
802 1645 984 1685 occasione,
1016 1646 1102 1675 nullo
1131 1645 1260 1675 inductu
1286 1645 1443 1685 nullisque
1467 1645 1731 1686 promissionibus

103 1696 326 1727 inclinabimur
348 1697 380 1727 in
404 1696 547 1728 favorem
572 1697 621 1727 vel
650 1699 773 1738 partem
806 1697 951 1733 illorum,
984 1697 1036 1737 qui
1069 1696 1249 1738 impediunt
1277 1697 1307 1726 in
1339 1697 1478 1738 presenti
1504 1697 1553 1727 vel
1577 1696 1731 1738 impedire

104 1747 211 1778 volent
234 1748 264 1778 in
288 1750 468 1789 posterum,
492 1752 528 1778 ut
550 1748 603 1778 ille
630 1747 854 1778 ordinaciones
879 1751 910 1778 et
934 1752 1028 1789 pacta
1054 1751 1084 1778 ct
1107 1748 1238 1789 placita,
1264 1747 1302 1779 de
1328 1748 1442 1789 quibus
1468 1758 1562 1789 supra
1587 1748 1731 1778 memini-

103 1809 183 1838 mUS‚
207 1798 393 1830 differantur
417 1799 468 1830 vel
492 1799 642 1830 deficiant
666 1800 715 1830 vel
741 1800 771 1829 in
796 1803 886 1841 parte
912 1799 1018 1840 aliqua
1041 1800 1258 1837 immutentur,
1284 1800 1344 1829 nisi
1362 1799 1448 1840 prius
1466 1799 1505 1829 ad
1523 1799 1582 1829 1100
1600 1799 1731 1830 accedat

104 1850 237 1891 predicti
261 1850 380 1881 domini
405 1852 504 1882 nostri
522 1851 738 1882 Romanorum
764 1852 848 1891 regis
873 1851 1109 1892 beneplacitum
1135 1854 1167 1881 et
1191 1861 1378 1882 consensus,
1413 1850 1495 1881 Illud
1513 1851 1611 1881 eciam
1637 1861 1730 1881 cave-

104 1901 205 1932 bimus
227 1904 294 1932 toto
319 1913 413 1944 posse
439 1906 470 1933 et
494 1903 579 1933 bona
603 1902 681 1937 fide,
712 1902 794 1943 quod
826 1902 947 1932 nullum
972 1902 1156 1937 servicium,
1186 1902 1369 1939 consilium,
1400 1902 1488 1932 favor
1516 1906 1547 1933 et
1576 1902 1730 1932 auxilium

104 1951 142 1983 de
170 1952 259 1984 bonis
288 1956 320 1985 et
350 1953 532 1985 hominibus
562 1954 653 1985 nobis
683 1954 852 1994 assignatis
884 1954 938 1984 fiat
966 1953 1100 1995 predicti
1128 1953 1246 1984 domini
1282 1954 1379 1984 nostri
1403 1953 1621 1984 Romanorum
1645 1954 1730 1994 regis

105 2003 237 2035 inimicis
265 2005 470 2046 presentibus
502 2006 553 2037 vel
588 2006 720 2040 futuris,
753 2006 815 2036 illis
849 2005 989 2036 maxime
1025 2006 1075 2046 qui
1106 2005 1368 2046 impedimentum
1402 2008 1548 2046 prestant
1580 2005 1629 2035 vel
1658 2015 1729 2045 prc-

105 2054 247 2093 stabunt,
275 2066 315 2087 ne
338 2060 449 2097 pacta,
482 2057 713 2088 conventiones
744 2060 775 2087 et
799 2057 919 2097 placita
942 2057 1023 2086 inter
1052 2056 1213 2087 dominum
1246 2060 1389 2087 nostrum
1415 2060 1446 2087 et
1470 2067 1525 2086 nos
1550 2056 1667 2094 habita,
1692 2056 1731 2086 dc

106 2105 217 2146 quibus
240 2117 336 2149 supra
360 2107 508 2147 diximus,
535 2109 767 2150 compleantur.
806 2107 877 2138 Hec
895 2108 1002 2138 onmia
1019 2111 1050 2138 et
1068 2108 1194 2148 singula
1218 2108 1256 2138 dc
1283 2111 1370 2139 certa
1394 2108 1597 2138 consciencia
1621 2112 1729 2137 nostra

105 2161 136 2188 et
166 2157 272 2189 habito
302 2170 378 2191 sane
409 2160 659 2192 deliberacionis
691 2160 822 2190 consilio
852 2160 1065 2200 promittimus
1097 2159 1240 2200 predicto
1271 2159 1399 2190 domino
1431 2163 1539 2189 nostro
1565 2159 1729 2200 recipienti

105 2210 343 2249 promissionem
374 2215 513 2243 nostram
547 2212 603 2242 sub
628 2212 782 2252 religione
807 2211 1011 2242 iurisiurandi
1042 2211 1126 2252 quod
1151 2211 1179 2241 ei
1202 2211 1413 2252 prestitimus,
1443 2210 1617 2241 venerabili
1642 2214 1731 2251 patre

105 2259 229 2292 domino
253 2260 294 2293 H.
320 2263 492 2295 Basiliensi
516 2265 666 2305 episeopo
692 2263 782 2294 nobis
808 2263 1020 2293 iuramentum
1045 2262 1242 2301 huiusmodi,
1272 2262 1354 2303 quod
1385 2266 1496 2303 sponte
1525 2262 1733 2303 suscepimus,

106 2310 268 2344 deferente
301 2324 337 2345 ac
361 2325 419 2355 per
449 2314 560 2346 fideles
584 2316 776 2356 interpretes
804 2317 985 2356 exponente
1010 2318 1152 2345 tenorem
1178 2315 1378 2355 presencium
1403 2314 1588 2344 litterarum.
1636 2313 1732 2343 Cuius

106 2363 246 2406 episcopi
270 2365 477 2396 iurisdietioni
502 2377 559 2396 nos
587 2366 778 2403 subicimus,
807 2366 1034 2397 renunciantes
1059 2365 1228 2406 privilegio
1254 2366 1329 2404 fori,
1359 2366 1384 2395 si
1410 2365 1623 2405 contingeret,
1649 2364 1729 2405 quod

106 2413 192 2445 Deus
223 2419 361 2455 avertat,
397 2428 455 2458 per
488 2428 544 2448 nos
582 2418 688 2458 aliqua
716 2417 754 2448 de
788 2417 952 2458 premissis
984 2416 1123 2457 infringi.
1180 2416 1400 2447 Promittimus
1430 2416 1668 2452 nichilominus,
1697 2418 1729 2444 ut

106 2464 258 2497 bonorum
283 2468 373 2499 nobis
397 2468 550 2499 factorum
575 2469 755 2510 assignacio
781 2469 821 2499 sit
846 2479 938 2499 cassa
962 2472 993 2498 et
1018 2468 1107 2498 irrita
1131 2472 1162 2498 ct
1186 2468 1224 2498 ad
1249 2467 1427 2508 predictum
1444 2467 1605 2497 domiuum
1624 2478 1728 2497 rever-

106 2519 210 2548 tantur
232 2521 263 2548 et
287 2518 370 2559 quod
395 2523 514 2550 extunc
538 2520 601 2558 illi,
626 2521 679 2561 qui
704 2520 795 2550 nobis
819 2520 1004 2550 iuraverunt
1032 2519 1081 2550 vel
1105 2519 1253 2549 iurabunt
1281 2519 1477 2555 fidelitatem,
1503 2530 1520 2549 a
1541 2519 1728 2548 iuraincnti¹¹

107 2567 198 2598 nobis
222 2568 296 2600 faeti
320 2571 369 2601 vel
395 2571 533 2601 faciendi
557 2571 620 2601 sint
644 2571 769 2601 vinculo
792 2571 931 2601 absoluti
950 2574 981 2601 ct
998 2570 1141 2612 predicto
1160 2571 1286 2600 domino
1304 2573 1411 2600 nostro
1429 2570 1519 2600 nobis
1538 2569 1655 2599 relictis
1673 2568 1725 2599 ad—

110 2617 241 2650 hereant
267 2624 298 2651 et
320 2621 487 2653 intendant
512 2626 544 2653 et
567 2632 675 2653 omnes
699 2623 805 2663 gracie
831 2622 922 2653 nobis
940 2622 1023 2652 facte
1042 2622 1104 2652 sint
1123 2622 1240 2652 viribus
1260 2632 1357 2652 vacue
1375 2626 1405 2652 01
1424 2622 1564 2662 prefatus
1582 2620 1724 2650 dominus

107 2674 215 2701 noster
238 2682 256 2702 a
279 2673 542 2713 promissionibus
568 2674 702 2714 singulis
722 2677 753 2703 et
771 2674 894 2715 placitis
913 2673 1002 2703 nobis
1020 2673 1111 2703 factis
1130 2676 1281 2713 quantum
1298 2673 1356 2702 sibi
1374 2673 1528 2713 placucrit
1542 2672 1577 2701 sit
1595 2672 1727 2701 solutus,

108 2720 132 2750 si
157 2731 212 2752 nos
236 2722 275 2753 ab
300 2723 371 2763 hiis,
396 2735 457 2765 que
481 2735 577 2766 supra
595 2725 806 2762 meminimus,
831 2725 996 2754 occasione
1015 2724 1063 2753 vcl
1084 2723 1174 2753 inodo
1193 2724 1297 2764 aliquo
1319 2724 1512 2753 rcrcdcmus,

206 2789 267 2815 214.
285 2792 308 2823 ²)
329 2793 335 2816 i
354 2802 418 2818 corr,
438 2803 467 2816 121·
486 2802 500 2817 o
524 2794 548 2817 Τ.
