2259 3164
124 927 147 946 10

126 1193 148 1211 15

125 1449 148 1468 20

125 1706 149 1725 25

127 2084 150 2103 30

129 2397 151 2416 35

129 2648 153 2668 40

467 184 623 212 RUDOLFI
642 184 748 211 REGIS
768 184 1088 212 CONSTITUTIONES.
1126 187 1198 212 1286.
1235 187 1496 217 N1·.376.377.378.
1734 191 1793 220 359

171 276 293 304 habituri
316 275 448 310 quicquid
471 272 539 313 ipse
564 272 734 313 episeopus
759 276 967 310 acceptaverit,
992 277 1174 304 ordinaverit
1201 287 1248 304 scu
1272 278 1377 305 fecerit
1400 279 1429 305 in
1446 280 1594 313 premissis.
1661 281 1702 313 [In
1718 280 1794 306 cuius

172 325 241 361 rei]¹³
264 328 455 355 testimonium
479 326 647 366 presentes
672 323 795 355 litteras
820 329 905 355 *inde
929 329 1065 356 conscribi
1089 331 1117 356 et
1140 330 1296 356 maiestatis
1319 332 1413 357 nostre
1437 331 1527 365 sigillo
1551 328 1699 359 iussimus
1724 341 1794 358 com-

171 380 280 407 muniri.

274 435 392 466 Datum
410 436 568 478 Auguste,
586 436 658 468 Kal.
679 435 796 480 [Febr.‚
820 436 928 469 indict.
945 436 1056 477 XIIII,
1074 447 1155 468 anno
1172 436 1335 479 Domini]c
1351 437 1566 469 MCCLXXX
1585 442 1686 478 sexto,
1704 440 1795 481 regni

171 487 267 519 nostri
291 498 372 519 anno
395 487 488 519 XIII.

319 634 394 666 377.
419 633 824 666 PROGURATORIUM
840 634 908 665 DE
927 634 1145 666 SUBSIDIO
1169 635 1463 667 PECUNIARIO.
1509 637 1599 668 Febr.
1616 640 1644 669 1.

275 704 422 735 Servatur
449 704 561 735 ibidem
591 704 662 745 9732.
709 704 853 744 Siyillum
876 714 994 743 parum
1018 704 1135 735 laesum
1152 705 1266 743 pendet
1289 704 1351 735 loro
1376 707 1611 737 »zs‹»nzl»·‹maceo.
1660 707 1796 738 Contulit

179 755 330 788 Weve'lcmd.
371 756 456 795 Quae
478 755 663 787 concordant
686 766 755 786 cum
779 766 824 786 nr.
842 756 913 792 370,
937 754 1049 786 litteris
1064 755 1236 787 nuum-ebus
1258 757 1464 788 excuduntur.
1490 777 1530 780 -
1553 758 1696 795 Bo'lmtcr,
1721 759 1795 798 Rcy.

171 808 241 847 imp.
263 806 311 839 VI
324 807 413 838 deest.
1350 805 1353 809 ’
1508 809 1560 848 (Ρ.
1585 810 1690 851 deest.)

277 915 456 942 Sanctissimo
480 915 509 941 in
525 914 635 941 Christo
659 915 732 949 patri
756 915 868 942 domino
884 915 1009 942 Honorio
1033 915 1127 942 divina
1150 915 1328 949 providentia
1344 919 1518 943 sacrosancte
1535 917 1658 944 Romane
1682 919 1796 945 ecclesie

175 976 278 994 summo
302 967 427 1001 pontifici
451 967 585 993 Rudolfus
608 966 660 994 Dei
681 967 776 1001 gracia
800 967 987 993 Romanorum
1011 976 1058 993 rex
1088 976 1196 1001 semper
1218 969 1353 1001 augustus
1377 977 1438 994 cum
1461 969 1553 994 filialis
1577 969 1744 996 obeditionis
1769 972 1797 996 et

172 1019 325 1046 reverentie
348 1018 568 1053 promptitudine
593 1018 773 1044 devotissima
796 1018 897 1052 pedum
922 1019 1016 1045 oscula
1038 1018 1192 1045 beatorum.

277 1079 346 1111 Quia
373 1079 407 1106 de
435 1079 486 1105 fide
517 1079 624 1105 sincera
653 1080 682 1105 et
704 1078 852 1105 devotione
876 1079 1025 1113 purissima
1053 1074 1221 1106 reverendi
1247 1075 1346 1116 patris
1371 1075 1411 1106 H.
1437 1075 1626 1106 Basiliensis
1651 1076 1793 1117 episcopi

173 1127 323 1169 principis
348 1130 379 1157 et
402 1126 564 1157 secretarii
587 1127 688 1157 nostri
712 1126 885 1161 karissimi,
909 1140 992 1164 quam
1016 1131 1044 1157 in
1067 1131 1136 1165 ipso
1160 1131 1347 1157 laudabilibus
1364 1133 1393 1158 et
1409 1131 1540 1165 preclaris
1557 1132 1686 1166 operibus
1703 1141 1795 1158 sumus

176 1183 282 1217 experti
304 1182 469 1209 multociens
493 1183 632 1209 fructuose
657 1184 685 1208 et
708 1182 810 1209 cotidie
834 1182 999 1216 experimur,
1024 1192 1072 1217 pre
1096 1183 1194 1209 ceteris
1211 1183 1338 1209 fiduciam
1353 1183 1474 1217 gerimus
1491 1183 1662 1218 ampliorem,
1687 1184 1794 1217 ipsum,

173 1234 227 1261 cui
250 1234 343 1261 omnia
365 1235 472 1261 secreta
492 1234 581 1260 cordis
605 1234 695 1260 nostri
717 1236 782 1260 sunt
805 1234 932 1269 cognita,
956 1235 991 1260 ad
1015 1235 1197 1261 beatitudinis
1223 1236 1312 1261 vestre
1337 1235 1420 1269 pedes
1437 1235 1601 1262 fiducialiter
1617 1235 1796 1262 destinamus.

173 1286 276 1313 Dantes
304 1286 334 1312 ei
362 1286 559 1312 auctoritatem
590 1286 743 1320 plenariam
775 1287 803 1313 et
833 1286 949 1312 liberam
979 1288 1148 1320 potestatem
1180 1295 1212 1313 ac
1240 1287 1360 1321 speciale
1390 1287 1551 1313 mandatum
1578 1287 1737 1320 requirendi
1769 1289 1797 1313 et

173 1338 334 1372 aceeptandi
358 1337 510 1364 subsidium
532 1337 722 1372 pecuniarium
740 1338 784 1363 vel
806 1346 979 1371 quocumque
1002 1337 1114 1364 nomine
1131 1339 1277 1364 censeatur
1299 1347 1348 1372 pro
1372 1338 1474 1365 votivis
1497 1338 1599 1365 nostris
1623 1339 1796 1372 processibus

173 1389 206 1415 ad
237 1389 440 1423 suscipiendum
469 1389 503 1416 de
539 1389 637 1416 vestris
667 1389 850 1416 sacrosanctis
879 1390 1006 1416 manibus
1031 1390 1149 1416 Romani
1176 1390 1286 1424 imperii
1316 1390 1443 1417 diadema
1472 1392 1499 1416 et
1529 1399 1659 1416 coronam
1687 1399 1796 1417 cesaree

175 1440 327 1475 dignitatis,
350 1450 458 1468 necnon
474 1441 655 1476 promittendi
672 1450 708 1467 ac
732 1441 825 1467 omnia
841 1441 968 1473 faciendi,
993 1451 1046 1475 que
1070 1442 1099 1468 in
1115 1442 1252 1476 petitione
1276 1442 1394 1476 predicti
1417 1442 1532 1468 subsidii
1553 1442 1740 1475 requiruntur,
1764 1451 1796 1468 ac

175 1492 316 1527 obligandi
338 1501 388 1519 nos
412 1494 440 1519 et
462 1493 491 1519 in
515 1493 635 1519 animam
658 1494 782 1519 nostram
812 1493 835 1519 si
862 1502 974 1520 necesse
1004 1493 1089 1520 fuerit
1120 1493 1229 1519 iurandi
1259 1494 1293 1519 ad
1322 1493 1543 1520 observationem
1577 1493 1711 1526 omnium,
1742 1503 1795 1527 que

174 1544 282 1571 racione
305 1544 452 1571 memorati
475 1545 591 1571 subsidii
614 1545 649 1570 ab
673 1545 743 1579 ipso
768 1546 861 1571 vestra
885 1545 1040 1578 paternitas
1063 1545 1175 1571 duxerit
1198 1545 1375 1578 requirenda,
1407 1554 1513 1571 necnon
1541 1545 1661 1571 faciendi
1684 1546 1712 1571 et
1735 1554 1794 1579 per-

174 1595 281 1622 ficiendi
309 1596 416 1628 onmia⁷
448 1606 501 1630 que
529 1596 714 1630 personaliter
738 1606 880 1630 possemus
908 1598 1011 1629 faeere,
1040 1597 1063 1622 si
1091 1598 1233 1630 presentes
1262 1606 1397 1627 essemus,
1428 1593 1524 1623 etiam
1554 1592 1580 1622 si
1611 1591 1794 1622 mandatum

175 1643 304 1684 exigant
319 1643 469 1684 speciale.
508 1648 609 1674 Ratum
626 1650 655 1675 et
669 1650 780 1682 gratum
798 1648 929 1680 habituri,
947 1648 1079 1682 quicquid
1103 1648 1183 1675 idem
1209 1645 1378 1685 episcopus
1397 1648 1605 1682 acceptaverit,
1630 1648 1796 1681 promiserit

175 1707 222 1725 seu
244 1699 350 1726 fecerit
371 1699 399 1725 in
422 1699 571 1734 premissis.
616 1700 789 1726 presentium
813 1700 974 1726 testimonio
998 1700 1164 1726 litterarum.

276 1753 396 1785 Datum
420 1756 578 1797 Auguste,
606 1755 678 1786 Kal.
696 1755 802 1794 Febr.,
827 1755 933 1787 indict.
952 1755 1062 1794 XIIII,
1088 1766 1170 1786 anno
1187 1756 1318 1787 Domini
1335 1755 1551 1786 MOOLXXX
1578 1758 1680 1794 sexto,
1706 1755 1795 1796 regni

175 1805 273 1836 nostri
296 1816 377 1837 anno
401 1806 494 1839 XIII.

338 1958 414 1991 378.
438 1960 839 1993 PROCURATORIUM
858 1961 925 1992 DE
953 1960 1209 1992 VICARIATU
1231 1960 1436 1992 TUSCIAE.
1481 1960 1570 1991 Febr.
1590 1961 1616 1989 1.

278 2020 450 2051 Servantur
475 2020 505 2062 1)
528 2024 557 2052 ct
580 2022 612 2062 2)
637 2021 825 2061 ‘Wurzbury
848 2020 1010 2062 Hoclzsta'ft
1027 2021 1260 2051 Reichssaelecn’
1288 2020 1365 2059 fasc.
1388 2022 1415 2050 1.
1457 2019 1572 2059 Sifflsslla
1597 2020 1659 2050 iam
1681 2019 1795 2050 desunt

179 2074 313 2106 Contulit
333 2073 485 2104 Weiland.

278 2134 458 2165 Notandum
489 2137 533 2165 est
560 2138 667 2165 contra
697 2135 856 2173 opiniones
892 2134 1027 2164 virorem
1056 2133 1225 2170 doctorum,
1257 2132 1306 2163 lu'c
1340 2142 1436 2171 reycm.
1466 2131 1508 2162 ad
1537 2133 1668 2162 tenorem
1702 2131 1793 2162 docu-

174 2186 265 2216 menti
287 2186 322 2217 dc
344 2187 500 2217 vicariatu
530 2197 617 2226 aqerc
644 2189 672 2217 et
703 2187 782 2217 inter
804 2186 990 2216 vicariatum
1021 2188 1049 2215 ct
1078 2185 1265 2215 vicariatum
1291 2183 1463 2223 ycncralcm
1491 2182 1614 2221 aliquid
1640 2182 1792 2218 interesse,

175 2237 219 2268 ua
240 2239 275 2268 ut
297 2237 374 2268 alter
396 2237 491 2268 altero
513 2248 576 2269 non
599 2238 792 2269 excludatur.
834 2237 866 2268 V.
883 2238 947 2268 iam
975 2247 1073 2275 supra
1100 2247 1146 2268 nr.
1164 2237 1236 2266 358.
1259 2238 1331 2266 359.
1372 2234 1608 2276 Cf.Rey.¹inz12.
1634 2232 1687 2270 VI,
1702 2233 1791 2263 1975.

175 2290 222 2319 76.
246 2291 295 2320 77.
323 2308 360 2312 —
384 2289 526 2327 Bo'lzmer,
549 2290 622 2330 Ray.
639 2291 712 2331 imp.
732 2290 785 2327 VI,
800 2290 890 2320 1973.
909 2289 1001 2320 1974.
1506 2285 1558 2325 (P.
1583 2285 1688 2324 dccst.)

280 2383 346 2415 Nos
368 2384 525 2416 Rudolfus
549 2385 610 2415 Dei
638 2385 748 2426 gracia
775 2384 990 2415 Romanorum
1022 2394 1079 2414 rex
1109 2393 1235 2424 semper
1265 2384 1417 2422 augustus
1450 2384 1560 2411 tenore
1590 2378 1791 2421 presencium

179 2434 218 2465 ad
240 2435 456 2466 universorum
481 2437 563 2466 sacri
587 2436 722 2467 Romani
747 2435 870 2477 imperii
895 2435 1034 2465 fidelium
1060 2434 1210 2465 noticiam
1234 2434 1380 2463 volumus
1411 2432 1597 2473 pervenire,
1630 2429 1712 2471 quod
1736 2440 1791 2459 nos

177 2485 215 2516 de
238 2486 299 2517 fide
323 2487 446 2518 sincera
471 2491 502 2518 et
519 2487 692 2519 devocione
708 2487 880 2528 purissima
897 2486 1063 2518 reverendi
1085 2485 1183 2527 patris
1203 2485 1243 2516 H.
1262 2485 1448 2515 Basiliensis
1467 2483 1618 2525 episcopi,
1643 2481 1791 2523 principis

179 2539 210 2567 et
233 2538 394 2569 secretarii
416 2539 516 2570 nostri
541 2539 719 2578 karissimi,
750 2549 844 2580 quam
878 2539 909 2569 in
937 2539 1007 2579 ipso
1039 2537 1252 2568 laudabilibus
1277 2539 1308 2566 et
1331 2536 1483 2577 preclaris
1508 2534 1658 2576 operibus
1684 2542 1790 2562 sumus

178 2589 300 2629 experti
332 2590 520 2621 multociens
555 2591 720 2622 fructuose
754 2594 786 2622 et
823 2589 952 2621 cottidie
988 2589 1186 2630 experimur,
1221 2598 1275 2630 pre
1311 2588 1424 2619 ceteris
1459 2589 1607 2628 gerentes
1642 2583 1789 2614 fiduciam

181 2640 374 2681 ampliorem,
397 2641 456 2672 sibi
480 2641 592 2673 damus
616 2642 835 2673 auctoritatem
859 2641 1036 2683 plenariam
1061 2644 1092 2671 et
1115 2640 1247 2670 liberam
1272 2642 1465 2681 potestatem
1490 2648 1525 2668 ac
1543 2635 1679 2678 speciale
1704 2644 1791 2664 man-

180 2689 285 2723 datum
301 2693 468 2734 tractandi,
486 2693 661 2733 ordinandi,
685 2693 877 2735 paciscendi,
901 2691 1115 2734 promittendi,
1139 2691 1357 2730 conveniendi,
1382 2687 1593 2721 concordandi
1611 2696 1681 2717 cum
1699 2696 1788 2716 reve—

277 2792 340 2822 373·
360 2796 382 2829 b)
401 2797 430 2822 In
448 2798 520 2822 cuius
538 2798 574 2822 rei
593 2798 643 2822 iam
662 2798 761 2823 abscisa
779 2806 815 2823 or.
902 2797 924 2828 c)
944 2796 1153 2822 Febr.—Domini
1173 2796 1223 2821 iam
1241 2795 1339 2820 abscisa
1358 2803 1394 2820 or.
