2259 3164
72 856 93 875 10

70 1147 93 1167 15

71 1405 95 1424 20

75 1663 98 1683 25

77 1921 100 1940 ³0

78 2179 100 2199 ³5

79 2434 102 2452 40

81 2718 103 2737 45

446 195 602 221 aunensi
621 194 725 220 REGIS
745 194 1064 220 CONSTITUTIONES.
1102 195 1175 220 1‘281.
1213 195 1401 222 meumes.
1689 199 1743 228 261

117 294 184 315 rum
218 283 311 314 alteri
352 282 629 313 honorificentiam
662 280 790 312 vicariis
822 281 901 311 tanti
932 281 1083 322 principis
1116 285 1343 323 congruentem
1376 283 1552 314 liberaliter
1584 284 1749 322 exhibere,

115 336 253 377 ipsorum
292 334 342 365 vel
373 334 505 365 alterius
530 345 571 365 ex
594 333 672 374 ipsis
697 332 825 363 monitis
850 336 882 363 et
906 333 1064 363 mandatis
1089 333 1294 364 intendentes
1319 338 1350 364 et
1374 335 1562 366 obedientes
1587 336 1750 366 humiliter

115 390 150 417 ut
173 385 311 424 debetis,
339 386 391 416 illo
416 396 470 416 vos
496 386 527 415 in
551 385 611 415 hac
636 389 725 426 parte
750 384 883 414 consilio
917 384 1101 425 dirigendo,
1126 389 1160 415 ut
1183 386 1300 416 exinde
1325 387 1539 427 promptitudo
1566 391 1671 418 vestre
1696 387 1750 417 de-

118 438 251 469 votionis
268 438 394 469 eluceat
414 437 555 478 dictique
573 437 684 467 vicarii
702 437 907 466 commissum
927 436 986 466 sibi
1005 436 1146 466 officium
1164 437 1296 467 liberius
1314 442 1346 467 et
1364 439 1521 469 efficatius
1540 443 1750 479 exequantur.

222 489 297 522 Dat.
321 488 407 530 apud
433 488 712 527 Urbemveterem,
736 487 811 518 XII.
843 487 915 518 Kal.
940 487 1036 526 Iunii,
1061 488 1266 529 pontificatus
1290 489 1402 519 nostrii
1427 500 1510 520 anno
1535 491 1645 531 primo.

203 623 277 655 268.
306 623 586 655 MANDATUM
605 623 747 655 REGIS
774 623 984 655 SICILIAE
1004 623 1190 654 EISDEM
1210 624 1465 657 DJREC'TNM.
1511 626 1593 657 Mai.
1615 628 1665 657 24.

222 685 374 716 Servatur
386 685 420 715 rin
433 685 528 715 Libro
543 684 649 715 blanco
661 683 714 722 fol.
728 685 778 714 82¹
796 683 991 714 bibliothecae
1007 683 1208 722 nercizieipalis
1225 684 1258 714 S.
1279 684 1461 715 (i‘cmim‘ani
1474 686 1492 723 ¹,
1509 698 1597 725 (suem
1613 697 1641 717 α.
1663 688 1750 719 1903,

117 747 172 768 nos
194 737 256 776 ipsi
278 736 476 767 contulimus.
522 736 636 766 Edidit
661 736 722 766 iam
746 735 817 766 olim
841 746 878 766 ear
899 735 1001 766 eodem
1024 738 1059 766 ut
1081 736 1203 765 ‘ridetur
1222 735 1312 776 sonte
1327 736 1420 766 Lami
1444 737 1588 768 ‘Samiae
1611 738 1752 768 eeclesiae

117 788 318 819 Flo'rentinae
346 788 554 819 monument&
582 788 610 824 Ι,
626 788 705 824 495,
727 788 784 827 qui
808 790 924 818 textum
948 787 1035 817 valde
1058 790 1236 827 corruptum
1257 788 1390 826 praebet.
1440 788 1487 826 Cf.
1512 788 1654 825 Balmmr,
1678 789 1750 828 Rq).

117 840 187 878 imp.
209 839 262 877 VI,
279 841 360 869 1343
383 841 411 870 οἱ
432 850 532 878 supra
555 849 603 869 nr.
620 839 693 869 267.
1462 839 1514 879 (P.
1540 840 1645 877 deest.)

223 925 361 956 Karolus
385 925 447 956 Dei
471 925 575 966 gratia
598 936 656 956 rex
681 925 876 963 Ierusalem,
902 925 1025 963 Sicilie,
1050 925 1184 956 ducatus
1209 926 1325 967 Apulie
1352 929 1384 956 et
1407 927 1605 967 principatus
1631 927 1751 968 Capue,

119 978 199 1010 alme
223 977 319 1008 Urbis
344 981 488 1014 senator,
513 978 663 1018 princeps
687 976 853 1017 Aghavie,
878 977 1077 1018 Andegavie,
1101 977 1362 1018 Foleh(alquerii)
1388 982 1419 1008 et
1443 978 1619 1008 Tornodori
1646 988 1752 1008 comes

117 1030 271 1060 universis
299 1029 554 1067 marchionibus,
586 1029 754 1059 comitibus
788 1032 820 1059 et
843 1029 915 1059 aliis
940 1029 1142 1069 magnatibus
1167 1040 1292 1060 necnon
1317 1029 1544 1070 potestatibus,
1576 1030 1751 1071 capitaneis

120 1081 305 1122 cunctisque
330 1080 524 1118 rectoribus,
551 1080 742 1111 consiliariis
766 1091 801 1111 ac
832 1080 1095 1111 universitatibus
1129 1081 1309 1119 civitatum,
1347 1084 1520 1111 castrorum
1555 1085 1586 1111 et
1617 1082 1752 1111 aliorum

120 1133 256 1163 locorum
274 1133 453 1173 ceterisque
478 1143 535 1174 per
551 1136 658 1173 partes
676 1131 793 1163 Tuscie
809 1132 954 1163 Romano
977 1132 1129 1163 subiectis
1154 1133 1299 1174 imperio,
1323 1132 1450 1162 dilectis
1475 1136 1507 1163 et
1530 1132 1652 1162 devotis
1677 1132 1753 1170 suis,

121 1185 253 1215 salutem
277 1188 308 1215 et
331 1195 474 1215 amorem
500 1184 671 1215 sincerum.

225 1236 298 1267 Rex
331 1247 442 1277 regum
479 1235 643 1273 dominus,
679 1239 805 1267 creator
836 1236 1003 1267 celestium
1040 1239 1071 1266 et
1105 1235 1249 1266 conditor
1283 1238 1498 1273 terrenorum,
1532 1235 1584 1276 qui
1618 1235 1752 1276 primam

123 1287 231 1319 rudem
254 1288 517 1329 inherentemque
542 1288 709 1318 materiam
734 1298 790 1329 per
815 1288 959 1318 membra
983 1289 1070 1318 varia
1094 1287 1317 1329 dispertitam³
1339 1288 1369 1318 in
1395 1298 1492 1318 unum
1524 1287 1608 1317 orbis
1643 1287 1751 1317 orbem

121 1339 258 1370 coercuit
287 1340 478 1380 rerumqueb
504 1338 663 1370 discordia
693 1340 817 1370 semina
847 1339 981 1370 diversis
1007 1339 1157 1369 distincta
1180 1339 1333 1369 limitibus
1361 1338 1508 1370 concordi
1526 1349 1606 1380 pace
1632 1339 1752 1379 ligavit,

122 1391 159 1422 de
182 1392 249 1422 celo
275 1401 375 1432 nuper
399 1391 571 1421 1111011113ο
588 1391 765 1432 respiciens
784 1391 935 1432 ipsasque
961 1391 1129 1421 lacessitas
1154 1390 1373 1431 multipliciter
1397 1401 1655 1431 reeongnoscens
1679 1389 1752 1420 fati-

125 1443 204 1484 gatis
228 1443 325 1484 longa
349 1442 584 1484 disceptatione
609 1452 795 1473 succurrere
820 1442 921 1473 voluit
955 1452 1076 1483 sueque
1106 1441 1338 1472 benedictionis
1369 1452 1471 1473 rorem
1504 1441 1754 1473 misericorditer

126 1494 311 1536 superfudit.
356 1494 451 1525 Licet
474 1498 581 1525 autem
606 1495 683 1525 satis
708 1505 748 1525 ex
773 1494 841 1536 ipso
865 1495 985 1535 negotii
1010 1494 1138 1535 publico
1166 1504 1319 1534 processu
1345 1494 1385 1524 sit
1413 1494 1591 1534 cognitum,
1619 1493 1754 1534 qualiter

122 1546 203 1577 inter
231 1547 433 1588 magnificum
463 1547 639 1588 principem
667 1546 827 1577 dominum
853 1546 1026 1576 Rodulfum
1057 1546 1213 1576 illustrem
1243 1545 1458 1575 Romanorum
1493 1556 1600 1586 regem
1628 1554 1754 1585 semper

125 1601 293 1639 augustum
319 1602 425 1629 01003
443 1598 608 1629 affinitatis
633 1602 681 1629 est
699 1598 867 1639 parentela
891 1601 1065 1636 contracta,
1090 1598 1208 1628 novitia
1233 1601 1263 1628 et
1288 1597 1409 1628 stabilis
1434 1597 1572 1628 amicitie
1597 1600 1753 1638 perpetua

125 1649 230 1680 federa
262 1652 334 1680 sunt
363 1650 504 1687 firmata,
537 1660 594 1681 nos
628 1653 737 1681 tamen
765 1650 824 1681 hec
855 1650 959 1691 operis
997 1649 1172 1680 exibitione
1202 1649 1351 1680 delucida
1378 1649 1522 1679 volentes
1553 1648 1754 1679 manifestius

123 1700 297 1742 publicare,
329 1702 485 1732 tenaciter
509 1705 619 1733 tenere
644 1713 700 1732 vos
726 1702 889 1741 volumus,
919 1701 1002 1743 quod
1033 1702 1116 1732 inter
1140 1701 1275 1732 eundem
1302 1701 1464 1731 dominnm
1497 1710 1606 1741 regem
1632 1703 1664 1729 et
1687 1709 1754 1737 nos,

124 1753 280 1791 affectum,
305 1753 477 1784 amicitiam
495 1758 526 1784 et
543 1753 686 1784 debitum
705 1754 860 1784 affinitate
879 1756 1053 1794 prestante,
1071 1756 1159 1784 tanta
1176 1753 1254 1783 vivit
1271 1756 1303 1783 et
1326 1755 1439 1793 regnat
1456 1752 1630 1783 animorum
1648 1751 1754 1780 unitas

124 1808 155 1835 et
178 1805 346 1836 concordia
370 1806 557 1843 voluntatis,
587 1805 671 1846 quod
701 1816 893 1847 quamquam
925 1805 1013 1835 nulla
1036 1805 1126 1835 nobis
1151 1804 1224 1834 hinc
1249 1804 1323 1834 inde
1348 1804 1524 1845 prestiterit
1548 1803 1650 1834 adhue
1675 1801 1752 1831 visio

124 1856 224 1887 vicina
247 1857 368 1892 notitia,
392 1868 449 1887 nos
468 1860 573 1888 tamen
591 1857 695 1898 ipsum
712 1857 742 1887 in
761 1857 852 1887 nobis
870 1856 1090 1887 indesinenter
1107 1856 1291 1897 inspicimus
1309 1858 1340 1886 et
1356 1855 1446 1896 ipse0l
1470 1865 1528 1885 nos
1559 1855 1588 1885 in
1615 1865 1648 1885 se
1674 1854 1754 1895 ipSO,

126 1907 204 1938 sicut
226 1907 356 1938 firmiter
380 1908 548 1945 eredimus,
575 1908 690 1949 iugiter
707 1908 858 1938 intuetur.
897 1907 1045 1948 Illudque
1063 1907 1195 1949 perinde
1214 1907 1366 1948 sequitur,
1392 1906 1474 1947 quod
1493 1917 1549 1937 nos
1568 1909 1686 1936 cuncta*
1697 1915 1755 1935 sua

124 1959 247 1999 negotia
269 1962 430 2001 tamquam
455 1963 563 1990 nostra
586 1959 810 2001 prosequimur
833 1960 965 2001 ipseque
990 1960 1020 1989 in
1038 1962 1218 1989 nostrorum
1235 1959 1436 2000 promotione
1454 1958 1654 1999 profectuum
1673 1961 1752 1987 tam-

125 2021 214 2052 quam
243 2011 274 2042 in
302 2022 430 2042 suorum
455 2012 594 2053 proprie,
620 2012 701 2042 sicut
726 2022 857 2053 operum
882 2011 944 2041 iam
969 2011 1169 2052 experientia
1186 2010 1343 2051 perhibet,
1369 2009 1556 2040 delectatur.
1597 2008 1676 2039 Cum
1694 2008 1753 2049 igi-

124 2065 173 2092 tur
195 2063 335 2104 prefatus
354 2063 499 2094 dominus
525 2074 582 2094 rex
600 2062 818 2094 venerabilem
837 2066 958 2104 patrem
975 2063 1152 2093 Iohannem
1171 2061 1372 2102 Gurgensem
1391 2062 1574 2102 episcopum
1600 2063 1631 2090 et
1655 2060 1753 2090 hono—

125 2113 253 2145 rabilem
278 2115 376 2145 virum
401 2114 574 2146 Rodulfum
603 2115 781 2156 imperialis
806 2115 877 2145 aule
904 2115 1129 2145 cancellarium
1147 2114 1281 2145 vicarios
1299 2123 1373 2143 suos
1398 2114 1427 2143 in
1445 2113 1562 2143 Tuscia
1579 2112 1754 2153 providerit

126 2166 357 2206 presentialiter
380 2166 600 2207 destinandos,
624 2167 841 2197 sinceritatem
867 2170 1005 2197 vestram
1029 2166 1205 2196 affectuose
1230 2165 1420 2206 requirimus
1445 2168 1476 2195 ct
1495 2174 1650 2204 rogamuS,
1676 2173 1751 2203 qua-

125 2220 215 2247 tenus
233 2217 361 2249 eosdem
378 2219 513 2249 vicarios
531 2219 580 2249 vel
603 2229 711 2249 corum
730 2219 864 2249 alterum
884 2218 1084 2259 recipientcS,
1110 2221 1207 2259 prout
1231 2217 1323 2247 decet
1342 2216 1419 2247 tanti
1437 2216 1588 2257 principis
1607 2214 1752 2245 offitiales

127 2270 156 2297 et
185 2269 358 2310 numptios,
394 2274 580 2301 reverenter
604 2269 775 2309 studeatis,
811 2270 857 2300 eis
894 2270 925 2300 in
954 2269 1114 2307 omnibus,
1151 2279 1212 2310 quc
1241 2268 1281 2298 ad
1310 2268 1516 2299 commissum
1546 2266 1605 2296 sibi
1635 2266 1752 2295 vicarie

127 2323 269 2360 spectant
293 2321 441 2360 offitium,
466 2332 536 2352 cum
561 2321 681 2352 honore
705 2332 742 2352 ae
767 2321 947 2352 reverentia
971 2320 1081 2351 debita
1104 2320 1246 2351 obedire.
1293 2320 1342 2350 Ita
1366 2319 1449 2360 quod
1475 2317 1640 2349 memorati
1669 2317 1752 2357 regis

127 2371 257 2410 gratiam
283 2375 314 2402 et
337 2373 479 2403 favorem
508 2373 638 2414 possitis
663 2373 778 2404 exinde
803 2374 917 2404 merito
944 2373 1134 2414 promereri,
1159 2372 1298 2412 dictique
1325 2371 1433 2401 vicarii
1463 2370 1512 2400 vel
1538 2379 1646 2399 eorum
1671 2368 1753 2398 alter

128 2421 165 2451 ad
183 2423 373 2454 exibendum
397 2424 454 2455 sibi
477 2424 585 2456 debite
609 2424 773 2455 fidelitatis
799 2424 932 2455 offitium
958 2428 989 2455 et
1013 2423 1128 2454 devote
1153 2423 1331 2453 dilectionis
1358 2422 1505 2452 affectum
1531 2432 1547 2451 e
1572 2423 1750 2449 nostrorum

127 2472 303 2506 interventu
327 2477 542 2516 precaminum
566 2487 623 2507 vos
647 2477 825 2518 paratiores
850 2476 1014 2506 inveniant
1038 2478 1069 2505 et
1092 2475 1272 2516 prontiores
1296 2483 1489 2513 consurgere
1513 2474 1751 2511 recognoscant.

229 2526 300 2558 Dat.
328 2528 411 2569 apud
445 2527 671 2570 Urbe[1n]vet.,
707 2539 789 2559 anno
822 2528 951 2558 Domini
982 2526 1234 2561 MCCLXXXI,
1270 2526 1320 2556 dic
1349 2523 1493 2555 XXllll.
1522 2523 1640 2552 mensis
1666 2521 1751 2559 Maii,

128 2585 207 2608 none
229 2578 345 2617 indict.,
370 2590 540 2620 regnorum
564 2583 747 2611 nostrorum
772 2579 948 2610 Ierusalem
974 2589 1055 2609 anno
1080 2579 1201 2619 quinto,
1228 2578 1335 2608 Sicilie
1362 2587 1434 2606 vero
1460 2585 1541 2605 anuo
1567 2573 1656 2603 xvi.

225 2653 289 2681 267.
307 2655 326 2688 i)
345 2661 413 2689 pont.
433 2658 510 2682 nostri
529 2658 619 2682 desunt
639 2658 658 2682 l.

225 2706 288 2733 268.
307 2709 330 2740 ὃ)
349 2710 480 2742 dispertita
499 2719 518 2735 c.
607 2709 629 2741 b)
649 2719 744 2742 rexque
763 2719 783 2735 0.
871 2714 894 2741 c)
914 2710 986 2734 terris
1006 2718 1025 2733 r.
1112 2707 1136 2739 d)
1156 2709 1180 2732 in
1200 2708 1260 2732 add.
1281 2716 1300 2730 c.

226 2758 251 2790 1)
272 2758 311 2790 C'f.
326 2759 358 2786 R.
372 2759 529 2786 Dafieidsolm
541 2760 741 2794 ‘Fmschunyen
753 2768 802 2785 :nr
817 2759 965 2785 Gescltichle
986 2768 1033 2785 rou
1047 2759 1168 2784 Florem?
1183 2758 1219 2789 II,
1233 2762 1277 2783 2¹19
1290 2765 1329 2782 nr.
1348 2759 1412 2780 162³».
1442 2754 1538 2779 Exstat
1555 2761 1612 2778 reru
1626 2752 1651 2777 ιἰι
1667 2755 1750 2776 1111113-

128 2800 207 2825 sumto
225 2809 249 2827 (ι.
263 2805 329 2828 1281,
349 2803 398 2828 Iul.
413 2807 449 2830 23.
470 2807 585 2830 cocuruzo.
