2259 3164
89 746 112 764 10

87 1256 110 1275 20

87 1613 110 1632 25

87 1919 111 1938 30

87 2176 109 2196 35

86 2433 110 2451 ⁴0

96 2720 119 2739 45

463 178 619 205 RUDOLFI
638 177 742 204 REGIS
762 177 1081 204 CONSTITUTIONES.
1119 179 1191 205 1278.
1229 178 1275 206 Nr.
1290 180 1346 206 200.
1360 180 1416 206 201.
1708 184 1764 214 187

138 267 250 300 litteris
274 266 495 298 denuntiamus
521 268 552 297 et
576 264 794 296 denuntiando
820 264 951 296 eosdem
986 265 1087 303 cives,
1120 265 1283 303 hominos,
1315 268 1575 303 communitates,
1607 269 1764 300 universi-

138 323 220 352 tates
244 322 276 350 et
298 318 417 349 incolas
442 317 652 348 sollicitamus
679 319 711 347 et
734 316 933 352 inducimus,
969 317 1053 358 quod
1083 317 1265 349 eorumdem
1299 318 1417 349 domini
1452 330 1534 360 pape
1568 322 1599 350 ct
1631 321 1764 351 ecclesie

138 373 403 412 recognoscentes
420 369 607 407 dominium,
631 369 723 399 dictis
748 368 875 399 domino
901 379 985 409 pape
1010 371 1042 399 et
1067 369 1202 400 ecclesie
1229 373 1379 411 tanquam
1398 381 1471 401 vero
1490 370 1617 401 domino
1642 372 1672 402 iu
1698 383 1764 403 om-

137 424 228 455 nibus
252 424 284 453 et
306 432 362 463 per
386 421 500 459 omnia,
525 421 605 451 sicut
628 419 760 459 debent,
785 420 947 455 obediant,
972 423 1108 461 pareant
1133 423 1165 451 et
1188 421 1364 452 intendant.

240 474 340 505 Porro
364 473 404 504 ad
428 472 654 504 certitudinem
678 472 875 513 presentium
902 475 933 502 et
957 473 1143 502 memoriam
1177 472 1353 503 futurorum
1382 473 1440 503 hec
1472 475 1577 504 onmia
1610 474 1765 504 conscribi

138 530 169 558 et
192 526 222 556 111
246 525 408 567 publicum
430 524 677 555 instrumentum
702 523 804 564 redigi
834 534 892 564 per
923 523 1110 564 magistrum
1137 523 1274 554 Paulum
1299 524 1338 554 dc
1363 524 1466 555 Reate
1491 526 1668 566 apostolica
1690 536 1764 556 auc-

138 578 264 609 toritate
288 576 494 607 tabellionem
522 575 737 616 subscriptum
754 575 889 605 fecimus
914 578 1010 615 atque
1028 575 1211 615 rogavimus
1241 579 1273 605 et
1297 576 1425 616 proprio
1444 577 1548 617 sigillo
1566 577 1765 609 munivimus,

137 629 290 660 Volumus
308 631 415 658 tamen
439 630 470 658 et
487 627 714 665 consentimus,
739 626 824 667 quod
849 626 873 656 si
899 626 1020 656 dictum
1039 626 1176 667 sigillum
1203 627 1317 667 quovis
1343 626 1434 657 modo
1458 628 1507 657 vcl
1532 638 1606 657 casu
1624 627 1766 668 deperdi,

137 681 236 721 frangi
260 679 312 711 vel
335 679 504 710 deformari
534 679 718 719 contigerit,
748 678 974 709 nichilominus
1007 678 1252 708 instrumentum
1285 678 1387 718 ipsum
1416 679 1445 708 in
1479 689 1535 709 suo
1561 679 1668 719 vigore
1693 690 1764 720 pcr-

139 735 273 768 maneat,
298 741 334 762 ac
358 731 382 761 si
407 730 445 761 de
470 730 537 771 ipso
563 730 668 769 sigillo
692 729 777 760 facta
802 730 923 760 mentio
948 739 1012 759 non
1041 729 1163 761 fuisset.

241 783 357 814 Actum
374 781 511 813 viterbii
528 782 559 812 in
576 781 750 823 episcopali
767 781 898 822 palatio,
924 781 955 811 in
981 791 1098 821 magno
1118 781 1309 812 consistorio
1336 781 1366 811 111
1390 781 1551 822 presentia
1575 782 1766 812 sanctissimi

137 835 234 878 patris
257 834 370 865 summi
392 833 553 875 pontificis
577 833 711 874 predicti
736 833 854 863 domini
873 833 999 864 Nicolai
1025 843 1108 874 pape
1132 832 1195 864 ΙΙΙ.
1220 836 1251 863 et
1275 833 1509 863 venerabilium
1534 836 1659 874 patrum
1685 834 1766 864 sacri

137 890 224 918 cetus
254 886 452 917 dominorum
481 884 705 923 cardinalium,
738 895 843 915 coram
875 884 934 915 hiis
967 884 1121 921 testibus,
1158 884 1282 914 scilicet
1310 884 1436 915 domino
1466 884 1503 914 B.
1528 885 1765 925 archiepiscopo

135 938 340 975 Rauennate,
375 937 500 967 domino
535 936 571 967 Gr.
615 937 857 978 archiepiscopo
901 936 1135 974 Corinthiensi,
1174 935 1302 966 domino
1343 936 1386 966 H.
1427 937 1576 977 episcopo
1614 937 1766 975 Lunensi,

99 1004 110 1022 5
137 990 261 1020 domino
292 989 328 1021 P.
353 989 502 1030 episcopo
532 988 701 1026 Firmano,
739 988 867 1019 domino
899 1012 905 1019 .
935 1013 940 1018 .
973 989 1125 1029 episcopo
1157 987 1367 1021 Viterbiensi,
1399 988 1525 1018 domino
1555 988 1591 1019 lt.
1617 988 1766 1029 episcopo

136 1041 344 1079 Massiliensi,
374 1040 501 1071 domino
528 1065 534 1071 .
558 1065 564 1071 .
592 1040 742 1081 episcopo
766 1040 942 1081 Burgensi,
976 1039 1102 1070 domino
1129 1064 1135 1071 .
1160 1064 1166 1070 .
1192 1040 1344 1080 episcopo
1370 1039 1559 1079 Gallicensi,
1584 1039 1710 1070 domino
1736 1064 1766 1071 ..

135 1093 284 1134 episcopo
308 1092 479 1134 Aprutino,
504 1092 629 1122 domino
655 1117 660 1122 .
684 1115 691 1122 .
717 1092 869 1133 episcopo
894 1091 1168 1132 Balneoregensi,
1193 1091 1320 1122 domino
1348 1116 1354 1123 .
1382 1117 1387 1123 .
1412 1092 1560 1133 episcopo
1586 1091 1766 1132 Eugubino,

135 1144 262 1175 domino
286 1144 324 1176 V.
348 1144 499 1185 episcopo
523 1143 735 1184 Egitaniensi,
761 1143 890 1174 domino
916 1167 922 1173 .
948 1168 953 1174 .
980 1144 1130 1184 episcopo
1156 1142 1363 1181 Taurinensi,
1396 1143 1524 1173 domino
1551 1167 1557 1173 .
1584 1168 1590 1174 .
1616 1143 1766 1184 episcopo

135 1196 370 1237 Famagustano
400 1198 432 1226 et
464 1195 592 1226 domino
619 1221 624 1227 .
648 1220 654 1227 .
679 1195 828 1236 episcopo
854 1195 1062 1225 Aurasicensi
1093 1205 1129 1225 ac
1162 1195 1270 1225 multis
1302 1195 1371 1225 aliis
1403 1195 1525 1225 clericis
1560 1198 1591 1225 ct
1620 1194 1710 1224 laicis
1735 1194 1765 1224 in

136 1247 334 1278 multitudine
358 1257 543 1286 numerosa,
569 1257 652 1277 anno
677 1247 808 1277 Domini
832 1246 1118 1281 MOCLXXVIII,
1143 1246 1186 1278 ΙΙ.
1213 1245 1285 1277 Kal.
1311 1246 1402 1285 Iulii,
1428 1246 1535 1277 indict.
1554 1246 1614 1284 VI,
1639 1245 1764 1286 pontifi-

134 1302 221 1330 catus
245 1298 364 1329 domini
388 1298 512 1329 Nicolai
536 1309 618 1340 pape
644 1298 702 1329 111.
733 1309 816 1329 anno
843 1299 955 1339 primo.

238 1350 308 1391 Ego
332 1350 452 1381 Paulus
477 1350 516 1381 de
543 1350 647 1381 Reate
673 1350 849 1391 apostolica
869 1349 1061 1380 auctoritate
1087 1353 1118 1380 et
1143 1359 1226 1380 nunc
1245 1359 1370 1380 camere
1389 1348 1507 1379 domini
1524 1359 1606 1390 pape
1624 1348 1766 1379 notarius

135 1402 285 1444 predictis
310 1402 439 1433 interfui
469 1405 500 1433 et
523 1404 558 1432 ut
582 1412 677 1443 supra
702 1402 818 1443 legitur
842 1404 973 1442 rogatus
999 1401 1121 1442 scripsi,
1146 1401 1309 1442 publicavi
1334 1403 1365 1431 ct
1389 1401 1514 1442 signum
1538 1400 1608 1431 feci.
1649 1400 1694 1441 (S.
1711 1400 1765 1440 N.)

198 1546 273 1580 201.
297 1547 535 1579 LITTERAE
555 1546 777 1579 EIUSDEM
798 1546 1097 1578 CIVITATIBUS
1120 1545 1432 1577 ROMANIOLAE
1453 1545 1700 1577 DIRECTAE.

875 1599 947 1630 Izan.
966 1600 1016 1630 30.

243 1660 319 1690 Tria
334 1659 527 1700 autoyraplta
551 1659 686 1690 eiusdem
710 1658 862 1689 tabularii
877 1661 997 1689 servam
1020 1659 1048 1699 l)
1068 1658 1099 1700 2)
1117 1659 1206 1688 Arm.
1226 1659 1249 1688 Ι
1267 1669 1290 1689 e.
1312 1658 1339 1689 V
1359 1668 1406 1688 nr.
1425 1660 1444 1688 3
1467 1660 1494 1688 οἱ
1517 1668 1564 1688 nr.
1582 1667 1610 1694 o,
1634 1667 1762 1695 quornm

135 1711 235 1751 siglillcc
257 1711 358 1742 adhuc
375 1712 521 1750 pendent,
547 1711 579 1752 3)
603 1712 684 1741 inter
708 1711 932 1741 ‘Instrumenta
956 1710 1171 1747 miscvllanca',
1196 1710 1288 1740 culus
1309 1709 1444 1749 sinillum
1468 1708 1671 1745 ‹lessam-atur,
1695 1720 1764 1738 con-

136 1763 208 1793 tulit
230 1763 349 1794 Kehrl.
374 1782 413 1785 —
437 1763 580 1800 Bo'lmncr,
604 1763 678 1801 chy.
698 1763 768 1801 imp.
790 1762 841 1800 ΓΙ,
856 1764 919 1793 ,077
929 1763 950 1794 2.
1476 1760 1529 1800 (Γ.
1553 1760 1659 1797 (locst)

239 1857 384 1889 Providis
412 1858 490 1888 viris
525 1857 758 1899 potestatibus,
789 1856 984 1898 capitaneis,
1016 1856 1155 1887 consiliis
1185 1859 1217 1887 et
1247 1854 1466 1887 communibus
1497 1853 1764 1888 Bononiensibus,

135 1908 377 1947 Ymolcnsibus,
406 1909 649 1948 Faventin(is)²,
678 1908 1024 1950 For-opopuliensibus,
1054 1907 1288 1946 Ceseuatibus,
1318 1906 1556 1945 Ravcnatibus,
1580 1905 1763 1936 Ariminen—

135 1960 237 2001 5111115,
266 1960 492 1999 Urbinatibus,
523 1960 754 1992 Ceruiensibus
779 1964 810 1990 et
834 1959 1106 1997 Forliuiensibus,
1130 1958 1345 1990 Montisfiltrib
1370 1961 1402 1989 et
1426 1958 1608 1988 Bcrtenorii
1632 1968 1668 1988 ac
1693 1958 1764 1987 aliis

136 2013 428 2051 communitatibus,
467 2012 731 2043 universitatibus
774 2015 805 2042 ct
844 2012 955 2042 incolis
998 2012 1130 2042 aliorum
1163 2011 1346 2048 civitatum,
1383 2012 1573 2048 castrorum,
1608 2012 1763 2040 terrarum

135 2066 167 2094 et
188 2064 326 2095 locorum
351 2064 489 2106 partium
514 2063 699 2094 earumdem
724 2062 917 2094 Gottifridus
943 2063 1125 2104 prepositus
1150 2062 1286 2093 ecclesie
1311 2061 1468 2092 Soliensis
1496 2060 1763 2101 Salzeburgcnsis

135 2114 282 2154 diocesis,
305 2116 466 2157 magnifici
483 2116 634 2158 principis
652 2115 772 2146 domini
790 2115 936 2146 liudolfic
953 2115 1038 2156 rogis
1056 2114 1272 2145 Romanorum
1292 2114 1426 2144 illustris
1446 2113 1611 2144 familiaris
1630 2113 1763 2143 clericus

136 2169 167 2197 et
188 2167 457 2208 prothonotarius,
482 2168 619 2198 salutem
643 2168 674 2197 in
698 2167 847 2197 Domino.

240 2218 540 2250 Excellentissimus
581 2219 728 2260 princeps
765 2218 910 2249 dominus
940 2218 1099 2248 Rudolfus
1140 2229 1197 2249 rex
1236 2218 1453 2248 Romanorum
1489 2216 1620 2246 illustris
1657 2226 1763 2246 sacro-

138 2273 278 2302 sanctam
306 2271 485 2302 Romanam
519 2271 688 2302 ecclesiam
722 2273 856 2301 matrem
891 2273 922 2301 et
958 2270 1119 2301 dominam
1151 2280 1387 2311 recognoscens
1429 2279 1465 2298 ao
1498 2267 1666 2298 intendens
1696 2267 1762 2297 eins

137 2321 205 2352 iura
227 2333 288 2353 non
311 2323 491 2364 preripere,
520 2326 569 2354 set
600 2334 638 2354 ea
661 2323 771 2364 pocius
796 2323 887 2354 illesa
911 2333 1057 2360 servare,
1081 2332 1137 2352 nos
1161 2321 1201 2351 ad
1226 2322 1463 2352 sanctissimum
1486 2324 1610 2362 patrem
1635 2323 1667 2351 et
1690 2319 1761 2349 uni-

137 2374 291 2405 versalem
326 2374 487 2405 dominum
523 2375 686 2405 dominum
718 2374 886 2406 Nicolaum
921 2374 1027 2404 divina
1058 2373 1257 2414 providentia
1286 2383 1441 2403 summum
1473 2372 1654 2413 pontificem
1692 2380 1760 2400 cum

137 2425 327 2466 specialibus
350 2426 465 2456 litteris
489 2425 673 2466 destinavit,
699 2436 832 2467 quarum
857 2429 949 2456 tcnor
973 2425 1045 2455 talis
1070 2428 1132 2455 est:

239 2476 457 2508 ‘sanctissimo
481 2478 513 2507 111
537 2477 814 2508 Christo—anno
839 2475 967 2518 quinto'.
1003 2486 1101 2514 supra
1124 2486 1172 2506 nr.
1192 2476 1262 2506 102.

240 2528 306 2560 Nos
336 2529 442 2570 itaque
473 2529 581 2560 traditi
610 2529 699 2559 nobis
731 2529 770 2560 ab
802 2528 914 2559 codem
938 2527 1064 2558 domino
1090 2538 1165 2567 rege
1197 2526 1385 2558 auctoritate
1418 2526 1559 2556 mandati
1584 2526 1760 2556 iuramcnta

137 2579 298 2611 fidelitatis
326 2590 383 2611 seu
411 2581 488 2619 alia,
521 2591 582 2622 que
606 2580 764 2611 Rodulfus
788 2580 998 2611 cancellarius
1023 2578 1189 2610 eiusdemd
1213 2579 1331 2609 domini
1356 2579 1441 2619 regis
1466 2589 1483 2608 a
1508 2578 1597 2607 vobis
1623 2588 1677 2606 scu
1702 2577 1758 2606 ali«

138 2631 250 2672 quibus
275 2635 414 2662 vestrum
442 2643 498 2673 pro
523 2632 592 2673 ipso
616 2632 743 2663 domino
766 2641 841 2672 roge
866 2631 980 2662 dicitur
1004 2631 1180 2671 recepisse,
1205 2641 1241 2661 ac
1268 2629 1415 2671 quicquid
1442 2640 1497 2670 por
1524 2628 1660 2659 cundem
1685 2638 1757 2658 can-

237 2715 301 2742 201.
321 2717 343 2749 ⁹⁴)
364 2718 522 2743 Faventineil
542 2716 565 2742 3.
652 2716 676 2749 b)
697 2717 856 2741 Montisfcllri
875 2716 898 2740 3.
986 2715 1008 2747 c)
1027 2727 1041 2738 υ
1061 2717 1085 2739 [ιι
1105 2725 1199 2740 rasura
1219 2716 1240 2740 1.
1329 2714 1351 2746 ι1)
1371 2716 1424 2739 vius
1443 2715 1467 2738 ιἰι
1488 2724 1581 2738 rasura
1599 2715 1618 2738 1.

239 2792 263 2827 l)
290 2792 319 2818 V.
340 2794 437 2820 ‘Neues
456 2793 560 2819 Arclz'iv'
581 2792 662 2825 XIV,
675 2796 724 2818 3:33
742 2795 937 2818 11ν..”,’1ὶ..“1’7..“)’Ν.
1026 2793 1051 2823 2)
1075 2791 1154 2822 Aput!
1173 2791 1288 2817 Polllmsc
1308 2794 1387 2816 21313
1407 2790 1472 2815 mali>
1493 2789 1637 2814 indicatur.

836 2839 838 2844 ¹
1505 2841 1553 2865 ei
