2259 3164
477 154 634 181 RUDOLFl
655 154 759 182 REGIS
778 154 1098 182 CONSTITUTIONES.
1135 158 1208 183 1291.
1244 158 1290 183 Nr.
1303 159 1361 184 46⁴5.
1672 162 1732 192 4553

107 243 214 274 bunali
242 242 442 280 sederemus,
475 241 514 272 ad
543 245 682 272 nostram
714 242 822 283 itaque
853 242 1030 273 maiestatis
1062 244 1209 274 noticiam
1242 245 1412 276 clamosam
1444 246 1691 278 insinuationem
1715 257 1734 278 a

109 294 217 336 probis
242 296 274 325 et
297 293 476 334 fidedignis,
501 293 616 334 quibus
639 293 736 324 fidem
760 293 935 334 plenariam
960 293 1166 325 adhibemus.
1197 296 1381 336 pervenisse
1413 298 1560 328 noverint
1582 298 1733 335 universi,

108 346 243 388 qualiter
260 344 304 376 ..s
325 345 516 386 prepositus,
541 344 678 383 scabini,
705 345 796 375 iurati
822 346 1099 386 communitasque
1124 345 1196 376 ville
1214 345 1514 379 Valenchenensisg
1545 349 1584 379 ad
1612 360 1669 380 nos
1703 352 1734 380 et

107 397 274 438 imperium
299 396 418 427 directo
443 395 580 426 dominio
605 396 792 437 spectantis,
818 395 856 427 de
881 396 974 426 feodo
999 397 1168 427 comitatus
1192 396 1381 438 Haynonieh
1407 400 1587 434 existentis.
1620 401 1733 431 armati

73 463 83 480 5
111 448 227 487 furore,
251 448 398 478 succensi
421 447 518 485 rabie,
543 447 660 478 illicitis
676 447 808 478 ausibus
827 448 1012 479 scelestami
1036 448 1184 479 ineuntes
1206 449 1376 480 factionem
1394 454 1504 481 contra
1522 451 1732 492 spectabilem

108 499 207 530 virum
232 523 239 530 .
255 498 279 529 ,ἲ
302 498 449 529 comitem
472 497 644 539 Haynonie
668 497 829 529 dominum
854 509 961 536 suum,
991 498 1118 530 fidelem
1143 503 1285 530 nostrum
1317 501 1483 539 dilectum,
1516 502 1604 532 nulla
1628 512 1733 533 coram

107 550 198 581 nobis
223 559 280 580 seu
304 549 415 590 quovis
439 549 502 579 alio
520 549 647 580 domino
672 552 757 580 mota
773 550 938 591 questione
964 550 1003 581 de
1029 550 1153 588 eodem,
1170 553 1280 592 utpote
1298 551 1422 583 iudices
1447 553 1477 583 in
1496 553 1621 594 propria
1638 563 1734 584 causa

109 612 166 632 sua
189 601 218 631 vi
249 600 378 642 publica
407 601 506 642 ipsius
537 600 612 631 ville
639 600 914 632 Valenchenensis
946 601 1147 632 rebellabant
1179 602 1209 632 in
1240 603 1357 644 prefati
1382 604 1434 635 ..k
1459 605 1583 635 comitis
1614 604 1732 635 domini

107 653 154 685 sui
177 652 405 695 preiudicium,
436 653 663 684 verecundiam
690 657 722 684 et
745 664 932 694 gravamen,
962 658 1071 694 portas
1101 653 1185 685 dicte
1216 655 1290 685 ville
1321 658 1430 685 contra
1460 656 1562 696 ipsum
1587 656 1732 695 serandO,

59 721 82 740 10
107 705 212 736 villam
236 703 420 742 muniendo,
443 704 607 735 machinas
632 704 790 741 faciendo,
814 705 1053 746 propugnacula
1079 705 1243 745 erigendo,
1267 710 1404 736 castrum
1431 706 1549 737 domini
1574 707 1622 737 sui
1640 707 1732 737 terri-

106 757 211 788 biliter
233 755 425 794 assaltando,
451 766 521 786 cum
546 756 666 797 impetu
690 760 722 787 et
746 756 882 787 tumultu
906 756 989 787 bona
1013 756 1132 787 domini
1157 757 1221 787 sui¹
1247 757 1427 788 invadendo
1452 768 1487 788 ac
1512 758 1608 788 etiam
1635 769 1727 789 occu-

105 808 220 850 pando,
245 807 493 838 acclamationes
517 807 709 849 prohibitas,
734 808 981 839 convocationes
1005 809 1035 838 in
1061 808 1124 839 suis
1142 809 1373 839 conventiculis
1398 809 1428 839 in
1453 809 1501 839 sui
1519 809 1637 840 domini
1661 820 1732 850 pcr-

107 859 221 891 niciem
251 862 442 890 exercentes
473 862 504 890 et
533 863 763 900 aggregantes,
795 860 902 901 ignom
927 859 967 890 ad
992 859 1087 891 feoda
1111 859 1269 891 dominica
1294 861 1521 891 immittentesm
1546 864 1577 890 et
1600 861 1630 890 in
1655 871 1733 901 aug-

105 914 244 942 mentum
269 911 317 941 sui
344 910 495 941 facinoris
519 911 710 952 potentioris
734 911 898 942 brachium
923 915 1094 951 querentes
1119 922 1176 953 per
1199 916 1320 943 metum
1351 912 1542 947 evidentem,
1568 912 1732 942 continen-

59 977 80 996 ιε
107 967 169 995 tem
192 973 302 994 necem
320 962 431 1004 populi
456 966 486 993 et
504 962 664 993 excidium
682 966 765 994 terre
783 964 883 1005 ipsius
909 987 915 993 .
934 963 958 993 ,ἲ
981 964 1116 1001 comitis,
1143 963 1364 1005 compulerunt
1388 963 1491 1004 ipsum
1515 987 1521 993 .
1540 963 1563 994 ,f
1586 963 1733 993 comitem

106 1014 284 1056 quandam¹1
307 1014 448 1045 litteram
482 1014 521 1045 ab
556 1015 601 1045 eis
632 1015 683 1046 vel
716 1025 825 1045 eorum
857 1014 1008 1045 mandato
1042 1015 1252 1056 compositam
1285 1018 1316 1045 et
1347 1015 1557 1056 conscriptam
1582 1014 1733 1055 sigillare,

107 1066 320 1097 continentem
345 1064 429 1105 quod
453 1065 521 1106 ipse
547 1064 596 1096 ..f
619 1075 726 1096 comes
752 1075 808 1096 suo
834 1066 940 1106 sigillo
965 1076 1075 1096 omnes
1101 1076 1174 1096 suas
1199 1065 1450 1097 consuetudines
1475 1070 1507 1097 et
1524 1066 1613 1107 leges
1630 1067 1732 1096 mnni-

105 1118 232 1159 cipales,
257 1127 333 1158 quas
359 1116 465 1147 dictus
491 1141 497 1147 .
517 1116 542 1148 ,f
565 1127 672 1148 comes
697 1121 772 1148 tunc
795 1117 964 1158 ignorabat
989 1120 1020 1148 et
1045 1117 1149 1148 adhuc
1173 1117 1309 1158 ignorat,
1334 1118 1537 1159 approbaret,
1562 1117 1735 1147 ratificaret

109 1173 140 1200 et
155 1179 212 1211 per
229 1169 334 1200 omnia
354 1168 567 1206 confirmaret,
593 1169 817 1200 constituendo
842 1168 943 1200 dictos
967 1169 1113 1200 scabinos
1133 1180 1189 1200 seu
1207 1170 1326 1200 iuratos
1345 1169 1562 1200 declar-atores
1579 1169 1610 1199 in
1627 1168 1733 1199 dubiis

59 1232 82 1252 20
108 1224 139 1252 et
161 1220 313 1260 obscuris,
346 1230 407 1261 que
436 1223 568 1261 possent
593 1231 758 1261 emergere
783 1220 822 1251 de
851 1221 1026 1262 premissis.
1113 1220 1160 1262 (2)
1184 1220 1250 1251 Nos
1275 1221 1360 1252 enim
1384 1221 1586 1252 attendentes
1611 1220 1733 1261 predic-

104 1276 150 1304 tos
169 1297 174 1303 .
192 1277 218 1302 .⁰
241 1272 447 1313 prepositum,
471 1271 604 1311 iuratos,
632 1271 778 1303 scabinos
798 1275 960 1314 totamque
979 1273 1237 1304 communitatem
1254 1272 1556 1304 Valenchenensem
1573 1282 1608 1302 ac
1626 1282 1734 1302 eorum

104 1324 242 1355 fautores
260 1326 292 1355 et
308 1323 492 1364 complices,
517 1323 570 1364 qui
588 1326 652 1353 tam
672 1323 866 1355 detestabile
883 1324 1006 1355 facinus
1024 1327 1134 1355 contra
1151 1324 1313 1355 dominum
1338 1335 1429 1355 suum
1454 1324 1615 1366 proprium
1641 1334 1733 1354 exer-

105 1385 175 1406 cere
204 1377 234 1406 et
257 1385 415 1416 usurpare
442 1374 623 1405 nullatenus
648 1375 877 1413 formidarunt,
908 1386 980 1406 esse
1006 1375 1119 1416 dignos
1143 1376 1268 1417 flagicio
1293 1386 1415 1407 necnon
1440 1376 1479 1406 ab
1504 1375 1588 1406 omni
1612 1375 1734 1405 miseri-

105 1426 210 1458 cordia
233 1426 462 1463 secludendos,
486 1430 520 1457 ut
545 1426 591 1457 eis
616 1430 773 1468 perpetua
797 1430 943 1468 egestate
962 1426 1167 1458 sordentibus
1192 1438 1277 1458 mors
1302 1428 1342 1458 sit
1366 1428 1428 1458 illis
1447 1427 1598 1458 solacium
1623 1430 1654 1457 et
1671 1427 1736 1456 vita

59 1485 82 1505 25
108 1478 293 1520 supliciump
316 1480 502 1520 reputetur:
527 1478 768 1510 considerantes
794 1478 1020 1509 nichilominus
1044 1479 1182 1509 litteram
1209 1478 1422 1519 supradictam
1447 1482 1597 1520 pretextu
1620 1480 1734 1512 metus,

108 1531 159 1572 qui
182 1531 214 1561 in
237 1530 336 1560 virum
364 1532 563 1561 constantem
588 1529 702 1561 cadere
725 1533 846 1572 potest,
876 1541 894 1561 a
919 1530 1003 1561 dicto
1029 1555 1036 1562 .
1054 1530 1078 1561 ,ἲ
1102 1530 1216 1561 comite
1247 1531 1418 1571 sigillatam
1448 1534 1480 1561 et
1504 1529 1645 1561 eisdemq
1669 1533 1732 1560 tra-

108 1580 215 1621 ditam,
240 1581 415 1623 superioris
440 1581 632 1613 auctoritate
658 1592 721 1612 non
745 1582 942 1623 interposita,
966 1582 1086 1613 habero
1112 1582 1284 1613 efficatiam
1309 1593 1371 1613 non
1394 1582 1527 1619 debere,
1557 1582 1658 1623 ipsam
1682 1581 1734 1611 lit-

107 1635 204 1664 teram
228 1636 259 1664 et
282 1633 388 1664 omnia
411 1636 564 1664 contenta
588 1633 620 1664 in
644 1633 759 1664 eadem
784 1634 975 1665 auctoritate
1000 1634 1089 1675 regia
1113 1633 1151 1665 de
1177 1634 1309 1665 consilio
1333 1633 1487 1665 baronum
1513 1636 1545 1664 et
1568 1643 1735 1674 procerum

106 1684 229 1726 imperii
250 1684 368 1716 ibidem
399 1684 484 1726 apud
515 1684 798 1726 Haghen(oyam)¹'
822 1686 1020 1726 presentium
1050 1689 1082 1716 et
1110 1695 1167 1726 per
1196 1685 1393 1716 sentenciam
1423 1684 1594 1716 eorundem
1625 1694 1735 1725 repro-

61 1749 83 1770 30
107 1735 227 1775 bamus,
250 1746 441 1767 revocamus
466 1740 498 1767 et
521 1747 557 1767 ac
582 1737 608 1767 si
632 1747 793 1778 nunquam
818 1737 946 1778 scripta,
972 1737 1112 1778 sigillata
1135 1737 1185 1768 vel
1210 1736 1284 1767 data
1308 1736 1437 1769 fuisset,
1461 1736 1588 1778 penitus
1611 1735 1733 1766 anulla-

107 1797 183 1818 mus.
221 1787 412 1819 Ordinantes
442 1792 473 1818 et
490 1788 731 1819 sentencialiter
748 1788 974 1819 denuntiantes
992 1789 1096 1830 ipsum
1115 1813 1121 1820 .
1139 1788 1162 1818 .¹'
1185 1788 1334 1819 comitem
1351 1798 1474 1818 necnon
1500 1798 1573 1818 suos
1590 1787 1733 1818 homines

108 1842 138 1869 et
159 1839 334 1878 universos,
362 1840 414 1881 qui
442 1840 482 1871 ad
505 1840 694 1871 instanciam
712 1840 831 1881 ipsiusS
856 1865 862 1871 .
881 1865 887 1871 .
913 1840 1037 1871 comitis
1055 1843 1273 1881 apposuerunt
1290 1839 1393 1880 sigilla
1417 1850 1474 1870 sua
1498 1840 1603 1870 littere
1621 1848 1733 1879 supra-

110 1889 202 1929 dicte,
225 1891 439 1932 astringentes
464 1902 498 1922 se
524 1891 588 1922 suis
605 1891 870 1932 promissionibus
895 1902 953 1922 seu
977 1891 1227 1932 obligationibus
1251 1890 1291 1922 ad
1309 1890 1541 1922 observandum
1565 1893 1597 1921 et
1621 1893 1732 1921 tenen-

114 1941 185 1972 dum
202 1953 240 1973 ea
257 1953 317 1984 que
335 1943 440 1974 littera
458 1943 652 1982 continebat,
670 1953 689 1973 a
705 1943 903 1984 quibuslibet
919 1943 1186 1984 promissionibus
1205 1946 1237 1974 et
1254 1942 1500 1984 obligationibus
1518 1942 1557 1973 de
1574 1944 1733 1983 potestate

64 2005 86 2025 35
110 1993 193 2034 regie
216 1994 394 2026 maiestatis
422 1995 552 2036 penitus
577 1994 752 2032 absolutos,
776 2005 812 2025 ac
837 1995 863 2025 si
887 2005 1048 2036 nunquam
1073 1995 1205 2025 alicuius
1229 1994 1449 2036 promissionis
1475 1996 1506 2024 et
1530 1993 1733 2034 obligationis

110 2055 142 2075 se
157 2045 279 2076 vinculo
297 2046 533 2077 astrinxissent.
614 2047 661 2086 (3)
679 2046 719 2077 Et
736 2050 770 2077 ut
785 2046 919 2088 predicti
940 2070 945 2076 .
965 2072 970 2076 .
990 2047 1183 2088 prepositus,
1208 2045 1339 2083 scabini,
1364 2045 1457 2075 iurati
1481 2055 1603 2075 necnon
1627 2044 1733 2075 totalis

110 2096 296 2128 universitas
311 2097 587 2129 Valenchenensis
612 2101 644 2129 et
667 2108 775 2128 eorum
801 2108 1003 2129 successores
1028 2108 1118 2128 suam
1142 2107 1304 2128 enormem
1321 2096 1529 2138 deplangant²
1552 2096 1733 2134 factionem,

114 2147 170 2178 rite
189 2149 344 2180 universis
362 2150 427 2180 suis
445 2149 738 2187 consuetudinibus,
762 2149 888 2190 legibus
906 2149 1163 2191 municipalibus,
1187 2148 1340 2189 collegiis,
1366 2147 1603 2185 conventiculis,
1627 2147 1732 2178 accla-

110 2199 311 2239 mationibus,
336 2211 489 2243 campane
514 2212 569 2232 sue
594 2201 793 2242 strepitibus,
826 2200 865 2231 ad
894 2201 982 2231 cuius
1015 2201 1150 2231 sonitum
1182 2200 1409 2230 convenientes
1439 2200 1470 2229 in
1494 2209 1591 2229 unum
1615 2201 1732 2229 statuta

15 2269 17 2282 ⁴,
64 2267 87 2286 ω
113 2248 235 2288 faciunt,
259 2251 363 2282 edicta
386 2252 492 2291 edunt,
517 2252 617 2283 dictos
642 2277 647 2282 .
667 2252 690 2282 Χ
712 2253 920 2294 prepositum,
945 2252 1103 2289 scabinos,
1128 2252 1247 2282 iuratos
1270 2262 1305 2282 ac
1323 2250 1582 2282 communitatem
1607 2253 1638 2280 et
1660 2249 1731 2279 uni-

113 2301 291 2334 versitatem
316 2303 400 2335 dicte
424 2304 498 2334 ville
516 2303 792 2335 Valencheneusis
820 2307 852 2334 et
882 2314 992 2334 eorum
1023 2313 1226 2334 successores
1259 2302 1449 2333 auctoritate
1474 2302 1561 2343 regia
1586 2301 1732 2332 exuimus

113 2352 249 2384 totaliter
286 2357 316 2384 et
351 2355 530 2396 privamus,
562 2355 650 2386 nulla
686 2355 915 2396 prescriptione
947 2355 1114 2396 temporis,
1153 2354 1407 2392 assecuratione,
1440 2352 1648 2394 promissione
1680 2352 1731 2382 vel

112 2402 300 2444 obligatione
324 2406 383 2436 sibi
406 2417 425 2437 a
441 2405 525 2437 dieto
552 2407 603 2439 ..s
625 2408 740 2438 comite
765 2411 819 2438 aut
843 2407 1100 2449 progenitoribus
1125 2407 1189 2437 suis
1215 2405 1307 2436 modo
1324 2405 1374 2436 vel
1399 2404 1581 2436 condicione
1599 2404 1731 2445 quibus·

110 2453 186 2485 libet
208 2455 299 2488 factis
324 2467 379 2488 eos
396 2457 601 2489 deffendente
626 2469 683 2489 seu
700 2459 858 2490 obstante.
896 2459 926 2488 A
944 2458 1056 2499 quibus
1074 2462 1200 2488 autemu
1217 2456 1521 2495 assecurationibus,
1546 2455 1729 2497 promissio-

77 2520 86 2539 5
111 2504 200 2537 nibus
223 2511 273 2538 etv
295 2508 542 2550 obligationibus
566 2510 670 2550 ipsum
695 2533 701 2539 .
721 2535 727 2541 .
752 2510 909 2547 comitem,
934 2510 1152 2551 progenitores
1170 2519 1244 2539 suos
1262 2518 1386 2539 necnon
1409 2506 1633 2538 successoresk
1658 2517 1729 2537 suos

111 2555 226 2589 futuros
260 2559 306 2591 ..s
333 2561 463 2591 comites
486 2561 686 2602 Haynoniew
716 2561 755 2592 dc
780 2561 978 2603 plenitudine
1009 2562 1096 2602 regie
1131 2561 1297 2601 potestatis
1322 2560 1450 2601 penitus
1482 2558 1674 2588 absolvimus
1698 2561 1729 2587 et

207 2624 270 2652 466.
289 2627 308 2660 s)
328 2649 332 2654 .
348 2649 353 2654 .
373 2630 461 2655 desunt
479 2630 503 2655 3.
592 2632 615 2661 Β)
637 2631 783 2655 Valcnchefi
803 2630 826 2655 2.
916 2630 939 2662 h)
959 2632 1058 2662 Hayon.
1077 2629 1101 2654 3.
1184 2627 1381 2661 i)sce1esten13.
1480 2626 1504 2657 k)
1525 2646 1529 2651 .
1545 2645 1549 2650 .
1568 2626 1656 2650 afflant
1669 2626 1692 2649 2.
1706 2625 1727 2648 25.

111 2664 128 2697 ¹)
145 2667 208 2693 ‘182ss
225 2669 248 2694 3·
350 2673 382 2703 ¹¹¹)
400 2673 563 2698 immittentes
581 2673 604 2698 3.
700 2675 723 2703 n)
744 2674 877 2704 quamdam
896 2673 919 2698 3.
1025 2674 1048 2705 0)
1065 2673 1189 2705 predictos
1209 2691 1213 2696 .
1228 2691 1233 2696 .
1253 2672 1343 2696 desunt
1361 2671 1383 2695 3.
1491 2675 1514 2694 Pl
1535 2670 1686 2701 supplicium
1705 2668 1728 2691 3.

111 2708 135 2737 ⁴³)
150 2711 184 2736 eis
201 2711 224 2737 2.
341 2715 361 2746 ι’)
381 2716 547 2748 Haghenoe
566 2715 589 2740 3.
711 2717 731 2747 Ε)
751 2717 811 2740 dicti
828 2716 851 2740 ⁸2.
871 2716 893 2740 3.
1007 2716 1026 2747 ἴ)
1046 2717 1264 2748 inperpetuum
1283 2715 1343 2739 add.
1357 2713 1387 2742 2,·
1406 2715 1444 2737 im
1454 2716 1612 2745 perpetum
1631 2711 1690 2735 add.
1705 2710 1727 2734 3.

67 2758 90 2778 50
112 2751 135 2784 ¹¹)
153 2754 299 2782 videlicet
311 2756 335 2781 2.
346 2757 368 2782 3.
447 2758 576 2790 v)seu*2.
664 2762 693 2790 W)
713 2759 878 2791 Haynonie
897 2759 964 2783 <hest
983 2758 1005 2783 2.
1025 2758 1048 2783 3.
