2259 3116
348 1838 402 1858 Nov,
416 1842 446 1860 11.

457 139 496 168 94
829 135 985 161 RUDOLFI
1006 134 1110 161 REGIS
1131 134 1456 162 CONSTITUTIONES.
1494 136 1567 162 1276.
1605 136 1651 161 Nr.
1666 136 1724 162 104.

458 233 521 254 non
546 223 705 253 immerito
731 225 805 254 nota
830 222 944 264 dignus
970 226 1002 254 et
1026 223 1193 253 immemor
1216 223 1351 264 prestita
1381 223 1472 254 nobis
1503 223 1575 255 fide.
1664 222 1713 264 (4)
1738 222 1830 258 Quod
1859 223 1885 253 si
1912 222 1994 254 forte
2020 233 2096 253 cons

458 274 598 315 tingeret
620 274 705 315 quod
730 274 816 305 absit
839 274 890 305 vel
915 275 1012 305 etiam
1037 274 1173 305 eundem
1199 274 1314 306 cedere
1339 279 1395 305 aut
1418 275 1577 306 decedere
1603 285 1661 306 seu
1686 274 1904 313 transfretare,
1929 285 1987 305 nos
2013 274 2097 305 dicto

457 330 561 357 castro
586 330 696 357 nostro
722 337 778 357 seu
804 326 873 358 eius
898 326 1043 357 custodie
1068 326 1166 356 alium
1184 318 1392 367 burgraviuni
1409 326 1638 368 deputabimus
1664 327 1703 358 de
1720 326 1953 358 venerabilium
1971 330 2098 369 patrum

456 379 635 420 principum
666 381 848 409 nostrorum
879 378 1013 420 predicti
1049 378 1078 408 S.
1106 378 1310 409 Coloniensis
1342 379 1575 420 archiepiscopi
1617 383 1649 410 et
1673 378 1716 409 H.
1742 379 1885 420 episcopi
1908 378 2099 410 Basiliensis

458 431 590 461 consilio
616 434 647 461 et
672 441 814 462 assensu.
862 430 895 461 Si
920 434 1027 461 autem
1058 429 1177 460 dictum
1203 429 1234 459 S.
1260 429 1538 471 archiepiscopum
1562 430 1646 461 viani
1678 430 1842 471 continget
1870 430 1997 471 ingredi
2027 430 2099 461 uni-

457 492 549 513 verse
575 483 690 521 carnis,
715 493 773 513 nos
799 483 838 514 de
863 482 1009 520 custodia
1033 482 1131 523 ipsius
1157 481 1251 512 castri
1277 484 1308 512 et
1332 482 1401 523 ipso
1427 485 1531 512 castro
1556 492 1592 512 ac
1620 482 1769 513 omnibus
1794 482 1865 512 aliis
1891 482 1931 512 ad
1956 485 2096 512 castrum

457 534 678 575 spectantibus
696 534 851 566 faciemus
876 538 907 565 et
925 534 1153 573 ordinabimus,
1171 537 1267 575 prout
1284 536 1393 564 nostre
1411 534 1569 575 placuerit
1587 534 1755 565 voluntati.
1838 533 1885 575 (5)
1903 533 1952 565 Eo
1971 544 2100 576 semper

458 586 546 617 salvo
578 587 660 628 quod
685 587 789 629 ipsum
815 591 954 618 castrum
981 587 1048 617 sive
1074 587 1141 617 cius
1167 585 1348 616 custodiam
1373 586 1451 616 nulli
1476 586 1605 617 inimico
1631 586 1832 617 Coloniensis
1865 586 2024 617 ecclesiea
2049 586 2099 617 vel

457 639 510 669 alii
535 639 788 678 committemus,
822 650 880 681 per
904 649 999 680 quem
1024 638 1226 669 Coloniensis
1252 638 1391 669 ecclesia
1414 648 1470 669 scu
1494 638 1756 679 archiepiscopus
1790 638 1843 679 qui
1871 648 1928 679 pro
1953 641 2098 679 tempore

455 690 553 721 fuerit
577 691 694 722 iniuste
720 694 774 721 aut
798 691 940 721 indebite
966 690 1030 721 ledi
1053 691 1162 721 valeat
1180 690 1230 720 vel
1255 689 1383 721 offendi.
1474 689 1522 731 (6)
1547 690 1589 720 Et
1613 690 1688 731 quia
1713 689 1915 732 sepedictum
1933 688 1976 729 S„
2002 700 2096 731 quem

456 743 557 784 primo
589 743 629 773 ad
660 743 942 785 archiepiscopalis
973 742 1139 783 dignitatis
1168 742 1332 783 fastigium
1362 742 1612 783 promovimus¹‚
1643 753 1771 783 semper
1807 740 2005 773 intendimus
2040 752 2097 782 pre

456 795 573 825 ceteris
598 795 796 836 principibus
821 794 1034 826 cumulatiusb
1059 794 1230 833 honorare,
1264 794 1410 824 volumus
1443 793 1527 835 quod
1556 794 1582 824 si
1616 804 1671 824 nos
1702 793 1740 824 de
1771 793 1876 823 medio
1909 793 2098 831 eximamur,

456 845 540 886 quod
563 846 648 877 idem
673 846 714 877 H.
740 846 778 877 ad
803 847 908 888 ipsum
934 846 964 876 S.
992 845 1269 887 arehiepiscopum
1295 848 1326 876 et
1350 845 1389 876 ad
1415 846 1537 876 nullum
1561 846 1658 876 alium
1684 845 1709 875 si
1727 845 1843 876 vixerit
1869 845 2041 886 specialem
2068 848 2099 876 et

457 898 711 929 obediencialem
735 902 919 940 respectum
937 897 1066 933 habeat,
1092 907 1259 938 quousque
1284 897 1323 928 de
1348 908 1424 938 rege
1442 898 1549 928 futuro
1573 908 1631 938 per
1647 897 1809 938 principes
1827 907 1938 928 vocem
1962 897 1994 927 in
2011 896 2097 927 elec-

455 950 541 980 tione
565 950 691 992 imperii
716 950 883 987 habentes„
909 953 1003 991 prout
1026 949 1204 980 eommunis
1229 949 1306 979 iuris
1332 953 1381 979 est
1406 952 1437 980 et
1462 949 1592 990 antique
1627 948 1888 987 consuetudinis,
1913 948 2095 979 ordinatum

456 1002 554 1032 fuerit
579 1006 610 1033 et
635 1003 815 1044 provisum,
846 1006 877 1032 et
908 1001 991 1043 quod
1022 1001 1188 1043 predictus
1221 1011 1330 1032 comes
1354 1001 1521 1042 promittat
1544 1001 1768 1042 prenominato
1796 1000 1827 1031 S.
1852 1000 2097 1042 archiepiscopo

456 1054 591 1095 prestito
622 1055 802 1085 iuramento
831 1054 870 1085 de
901 1057 1009 1085 nostro
1039 1053 1178 1093 indulto⁷
1213 1053 1298 1095 quod
1330 1063 1457 1083 exnunc
1483 1053 1689 1084 concedimus
1713 1063 1772 1094 per
1796 1056 1982 1094 presentes,
2015 1051 2100 1094 quod

457 1107 561 1147 ipsum
586 1107 866 1148 archiepiscopum
892 1105 998 1147 quoad
1023 1106 1139 1136 vixerit
1163 1106 1298 1147 recipiet
1321 1106 1352 1135 in
1375 1106 1444 1146 ipso
1468 1108 1573 1136 castro
1596 1116 1667 1136 cum
1697 1105 1763 1135 suis
1787 1105 1968 1135 hominibus
1991 1108 2102 1135 contra

457 1157 659 1189 iniuriatores
702 1169 774 1189 suos
810 1158 870 1189 sibi
905 1161 937 1189 et
969 1157 1106 1189 ecclesie
1139 1156 1322 1187 Coloniensi
1351 1157 1545 1188 iniusticiam
1579 1157 1689 1188 facere
1719 1157 1863 1188 volentes
1899 1157 2027 1199 publice
2063 1167 2100 1187 ac

456 1210 592 1250 private.
681 1209 729 1251 (7)
756 1210 798 1241 Ut
823 1213 930 1241 autem
962 1210 1044 1240 inter
1074 1221 1132 1240 nos
1162 1213 1193 1240 et
1218 1209 1420 1251 sepedictum
1448 1209 1479 1240 S.
1504 1209 1783 1251 archiepiscopum
1813 1209 1975 1251 peculiare
2004 1208 2098 1240 fedus

456 1261 686 1292 indissolubilis
711 1263 829 1293 amoris
854 1262 885 1293 in
909 1266 1103 1304 perpetuum
1120 1261 1312 1293 observetur
1336 1265 1368 1293 et
1392 1265 1426 1292 ut
1451 1261 1556 1292 aditus
1583 1262 1668 1292 omni
1692 1261 1852 1293 discordie
1877 1261 1960 1292 inter
1984 1272 2042 1292 nos
2068 1265 2100 1292 et

457 1313 560 1354 ipsum
585 1324 737 1355 processu
762 1314 916 1355 temporis
940 1314 1124 1355 generande
1149 1313 1291 1344 totaliter
1315 1313 1536 1354 precludatur,
1572 1313 1657 1344 idem
1687 1313 1946 1354 archiepiscopus
1971 1313 2100 1344 nomine

457 1365 507 1395 sui
531 1368 563 1395 et
581 1366 713 1407 capituli
732 1365 934 1396 Coloniensis
953 1366 1060 1397 omnia
1085 1365 1204 1403 debita,
1230 1366 1261 1396 in
1279 1366 1395 1407 quibus
1420 1366 1481 1396 sibi
1505 1368 1536 1396 et
1554 1365 1695 1406 capitulo
1714 1364 1900 1396 Coloniensi
1925 1376 1961 1396 ae
1978 1365 2100 1408 Engel-

457 1416 548 1447 berto
585 1417 745 1458 quondam
780 1416 966 1449 Coloniensi
997 1418 1228 1459 archiepiscopi
1262 1421 1335 1448 aute
1364 1417 1496 1449 vasallis
1529 1427 1587 1448 seu
1619 1417 1802 1447 hominibus
1833 1417 1973 1449 ecclesie
2006 1418 2101 1450 Colo-

457 1469 577 1499 niensis
609 1469 777 1500 occasione
812 1480 1028 1511 expensarum
1058 1470 1255 1511 Aquisgrani
1286 1470 1442 1500 factarum
1473 1472 1505 1500 et
1535 1469 1803 1511 promissionibus
1834 1470 1974 1501 ecclesie
2005 1469 2099 1502 Colo-

456 1521 578 1551 niensis
626 1524 681 1551 aut
719 1522 797 1552 alias
837 1522 1080 1563 quibuscunque
1125 1521 1350 1563 sponsionibus
1390 1521 1524 1562 obligati
1560 1522 1678 1552 fuimus
1716 1522 1766 1553 vel
1799 1521 1903 1552 adhuc
1938 1522 2102 1553 noscimur

2129 694 2151 712 10

2127 949 2148 967 15

2126 1220 2150 1238 20

2129 1478 2151 1497 25

459 1572 603 1613 obligati,
629 1583 755 1604 necnon
780 1573 940 1614 quandam
966 1584 1123 1604 summam
1148 1574 1284 1615 pecunie
1310 1577 1489 1613 numerate,
1515 1584 1609 1615 quam
1628 1573 1801 1604 Gcrnando
1828 1573 1902 1604 olim
1927 1574 2100 1615 burgravio
2145 1582 2151 1588 '

457 1625 487 1655 in
504 1624 626 1655 NVerde
652 1625 821 1656 occasione
846 1625 923 1655 dicti
947 1626 1043 1656 castri
1070 1625 1246 1663 dederunt,
1271 1636 1307 1657 ac
1332 1626 1477 1657 redditus
1503 1625 1674 1667 quosdam,
1700 1636 1779 1667 quos
1805 1627 1834 1657 ei
1859 1629 1891 1657 et
1916 1626 1981 1656 suis
2005 1626 2099 1657 here-

457 1675 550 1706 dibus
574 1676 678 1707 adhuc
703 1677 793 1707 annis
819 1677 952 1717 singulis
976 1677 1170 1718 persolvunt,
1195 1677 1289 1708 nobis
1314 1688 1393 1719 pure
1418 1688 1454 1708 ac
1480 1677 1669 1718 simpliciter
1693 1678 1898 1710 remiserunt.
1988 1677 2035 1719 (8)
2061 1677 2101 1708 Et

457 1739 515 1758 nos
540 1728 579 1758 ad
598 1739 670 1759 eum
695 1732 726 1759 et
744 1729 914 1759 eeclesiam
940 1739 1030 1759 suam
1049 1729 1165 1759 amoris
1190 1732 1221 1759 et
1245 1729 1354 1769 gracie
1375 1729 1525 1770 specialis
1551 1729 1703 1760 affectum
1730 1729 1900 1761 ostendere
1920 1730 2098 1773 cupientes,

2129 1738 2153 1756 30

459 1780 489 1810 in
515 1790 625 1810 eorum
643 1781 785 1810 omnium
804 1780 1126 1821 reconpensationem
1154 1783 1317 1810 trecentas
1336 1790 1460 1810 marcas
1480 1780 1694 1812 Colonienses
1713 1781 1838 1823 prefato
1856 1781 2099 1823 archiepiscopo
2136 1801 2138 1803 >

459 1831 561 1872 quoad
580 1832 698 1862 vixerit
721 1832 855 1873 singulis
880 1832 971 1862 annis
997 1832 1078 1863 festo
1104 1832 1191 1863 beati
1210 1832 1341 1863 Martini
1361 1833 1487 1864 solvere
1507 1833 1703 1875 spondemus
1728 1838 1760 1865 et
1777 1834 1993 1876 promittimus
2018 1834 2102 1865 bona

458 1883 535 1923 fide,
572 1884 631 1914 nisi
659 1883 764 1914 dictus
795 1883 832 1915 G.
863 1883 1054 1924 burgravius
1086 1883 1239 1925 predictis
1276 1883 1468 1923 redditibus⁷
1502 1896 1580 1926 quos
1612 1885 1650 1916 de
1684 1886 1754 1927 ipso
1786 1885 1818 1918 S.
1847 1897 1884 1917 ac
1917 1885 2101 1917 Coloniensi

458 1935 595 1966 ecclesia
620 1936 764 1976 quolibet
790 1946 874 1966 anno
900 1936 1028 1977 reprit.
1059 1935 1249 1976 simpliciter
1273 1936 1507 1967 renuntiaverit
1544 1940 1576 1968 et
1606 1940 1670 1967 tam
1701 1937 1981 1979 archiepiscopum
2006 1948 2100 1978 quam

458 1987 632 2028 capitulum
664 1986 857 2018 Coloniense
887 1997 965 2029 pure
996 1987 1170 2028 quitaverit
1206 1986 1245 2017 de
1285 1987 1418 2018 eisdem.
1466 1988 1558 2024 Quod
1583 1989 1709 2030 quando
1734 1989 1854 2020 factum
1886 1989 1997 2029 fuerit,
2027 1992 2102 2020 tunc
2142 2007 2152 2018 2

458 2038 571 2069 cedem
589 2038 670 2069 CCC
688 2049 794 2069 marce
812 2039 851 2069 ad
870 2050 926 2069 nos
945 2042 977 2070 et
993 2039 1162 2080 imperium
1181 2039 1383 2080 integraliter
1401 2044 1612 2072 revertentur.
1687 2041 1734 2082 (9)
1753 2040 1786 2072 Si
1804 2052 1880 2072 vero
1898 2041 1999 2072 dictas
2018 2040 2100 2072 CCC

458 2100 581 2120 marcas
606 2091 689 2121 festo
715 2090 803 2121 beati
828 2090 957 2121 Martini
981 2102 1044 2121 non
1071 2091 1262 2122 solverimus
1288 2092 1432 2133 quolibet
1456 2103 1549 2131 anno,
1575 2093 1722 2123 volumus
1747 2096 1779 2124 et
1797 2092 2001 2134 presentibus
2025 2103 2100 2134 pro-

458 2143 626 2177 mittimus,
659 2146 694 2172 ut
729 2143 887 2173 officiatus
924 2146 1033 2173 noster
1065 2143 1115 2173 vel
1147 2144 1171 2173 is
1200 2143 1249 2173 cui
1279 2144 1498 2185 receptionem
1530 2144 1671 2175 thelonei
1706 2145 1961 2175 commiserimus
1993 2145 2101 2175 statim

429 2195 596 2224 :uer-astino
620 2193 749 2224 Martini
775 2194 849 2236 pro‘l
875 2195 959 2225 dicto
985 2195 1016 2226 S.
1034 2195 1219 2226 theloneum
1245 2198 1308 2225 tam
1333 2195 1388 2226 diu
1413 2196 1555 2237 colligat,
1581 2196 1684 2227 donec
1710 2197 1771 2227 sibi
1804 2197 1860 2227 ille
1886 2196 1967 2227 OOC
1993 2207 2100 2228 marce

459 2245 497 2276 de
531 2245 682 2276 theloneo
719 2246 921 2287 integraliter
959 2247 1194 2288 persolvantur.
1289 2247 1358 2287 (10)
1390 2247 1435 2278 Ut
1473 2248 1570 2279 etiam
1607 2248 1786 2289 predictum
1825 2248 2100 2291 archiepiscopum

459 2297 706 2327 habundantiori
732 2308 962 2338 prosequamur
993 2298 1112 2339 gratia.
1144 2298 1202 2329 sibi
1229 2302 1368 2329 castrum
1394 2299 1573 2340 predictum
1600 2300 1651 2331 vel
1677 2300 1731 2330 alii
1762 2300 1801 2331 de
1826 2311 1882 2331 suo
1908 2303 1940 2331 et
1965 2311 2099 2332 venera—

458 2349 530 2379 bilis
556 2349 597 2380 11.
623 2350 763 2390 episcopi
794 2350 984 2381 Basiliensis
1014 2351 1166 2392 principis
1197 2351 1298 2381 nostri
1329 2352 1461 2382 consilio
1493 2352 1722 2393 obligabimus,
1755 2353 1780 2383 si
1811 2352 1920 2383 forsan
1948 2363 2100 2394 processu

461 2401 614 2442 temporis
640 2401 669 2431 id
695 2412 753 2431 nos
779 2402 948 2443 eontigerit
973 2402 1130 2443 obligare.
1220 2401 1289 2443 (11)
1308 2403 1356 2433 Ac
1375 2403 1434 2433 sibi
1459 2403 1533 2434 dum
1553 2405 1668 2434 vixerit
1693 2408 1724 2435 et
1749 2404 1886 2435 ecclesie
1914 2415 1969 2435 sue
1988 2408 2099 2435 contra

459 2457 569 2483 omnes
595 2453 787 2483 iniusticinm
814 2454 860 2483 eis
885 2454 1043 2485 facientes
1076 2454 1226 2484 assistere
1258 2458 1289 2485 et
1318 2455 1355 2485 ad
1388 2456 1638 2496 oppugnandum
1672 2456 1804 2487 eosdem
1830 2456 1964 2487 liberum
1989 2457 2099 2487 introi-

459 2508 524 2534 tum
557 2508 589 2534 et
618 2504 740 2535 exitum
772 2505 899 2546 publice
936 2516 972 2535 ae
1009 2506 1137 2536 occulte
1168 2506 1199 2535 iu
1225 2506 1416 2537 munitiones
1448 2507 1573 2549 imperii
1598 2508 1786 2549 permittere
1812 2519 1867 2549 pro
1892 2509 1970 2538 iuris
1995 2509 2042 2539 sui
2068 2511 2100 2539 et

459 2556 597 2586 ecclesie
624 2566 680 2586 sue
705 2556 891 2588 defensione
917 2557 1132 2598 promittimus
1158 2558 1241 2588 bona
1265 2557 1341 2591 fide,
1374 2559 1457 2599 quod
1491 2559 1572 2589 idem
1607 2561 1675 2601 ipse
1708 2560 1798 2590 nobis
1830 2559 1869 2591 ‹le
1901 2571 1935 2590 se
1965 2571 2000 2591 ac
2034 2561 2099 2590 suis

564 2640 626 2667 104.
647 2647 670 2669 ὓ,
690 2644 759 2673 velie,
774 2644 887 2667 simnia—1·
900 2652 974 2674 sempr
984 2653 995 2667 r
1011 2654 1047 2668 or.
1123 2643 1146 2675 ὓ)
1161 2644 1296 2669 cuniulnti‘)
1310 2655 1347 2670 or.
1411 2650 1432 2676 (ἶ)
1447 2647 1477 2669 ab
1497 2647 1542 2671 leoe
1561 2648 1633 2671 serbo
1655 2653 1747 2673 utulate
1761 2649 1835 2673 (luem
1851 2658 1887 2673 or.
1951 2647 1975 2679 ¹¹)
1989 2648 2099 2679 sequitur

457 2686 507 2710 dno
521 2686 627 2710 <laterum
642 2696 677 2711 er.

564 2754 586 2786 1)
610 2754 648 2786 (')'.
672 2753 782 2779 Jn'fflllt'clc
801 2753 1015 2786 ί,ἸΙίΗΙιε-ἱΙιωιῃιή
1035 2754 1078 2780 (Irs
1102 2755 1233 2781 luseitnls'
1255 2756 1290 2789 Χ,
1304 2760 1350 2782 ἐκ]
1371 2765 1395 2783 71.
1413 2762 1429 2782 1,

2129 2262 2153 2281 ⁴¹)

2127 2524 2150 2541 45
