2259 3116
441 146 501 176 418
779 142 937 169 h'UDOLFI
957 142 1060 169 REGIS
1079 142 1400 169 CONSTITUTIONES.
1439 142 1512 168 1290.
1549 142 1595 168 Nr.
1608 141 1667 168 427.
1680 142 1738 168 428.

441 231 479 261 ad
506 241 544 262 ea
568 241 629 272 que
655 230 798 272 predicta
823 233 895 261 sunt
920 233 951 261 et
977 230 1082 271 quoad
1106 230 1213 261 omnia
1238 240 1298 271 que
1325 229 1508 260 accessoria
1542 232 1616 260 sunt
1645 229 1686 260 ad
1714 229 1769 260 illa
1802 232 1833 261 et
1863 241 1923 271 que
1953 230 1993 261 ad
2016 230 2076 262 hoc

441 283 626 324 aliqualiter
655 282 861 323 requiruntur
885 282 1062 314 liberaliter
1093 282 1328 319 conmittimus,
1358 281 1512 312 donamus
1543 284 1576 312 et
1599 281 1804 312 concedimus
1829 281 1917 314 vices
1941 286 2076 323 nostras,

440 335 471 365 in
496 344 589 375 quem
615 334 719 365 eciam
743 334 791 364 ius
816 334 955 375 eligendi
985 344 1043 365 seu
1067 333 1249 375 postulandi
1273 344 1383 375 regem
1407 343 1463 364 seu
1487 332 1676 374 providendi
1705 332 1744 363 de
1774 343 1850 374 rege
1875 333 1959 375 quod
1982 334 2074 365 nobis

440 386 582 427 conpetit
612 386 666 416 illa
697 385 767 416 vice
797 386 1036 423 transferimus,
1067 396 1138 417 cum
1169 385 1306 427 adeptus
1338 384 1523 426 imperialee
1550 384 1646 415 fuerit
1675 384 1852 426 dyadema,
1884 396 1980 427 super
2001 396 2074 427 pre-

442 437 527 469 dicto
552 438 687 478 negocio
719 437 849 474 fecerit,
884 437 1081 480 disposuerit
1109 448 1166 469 seu
1196 437 1404 475 ordinaverit,
1433 447 1470 467 ac
1500 436 1526 466 si
1556 435 1633 467 nosf
1660 436 1691 467 id
1723 437 1754 467 in
1784 447 1924 478 persona
1949 437 2077 478 propria

440 490 628 520 faceremus,
719 489 764 530 (2)
792 488 945 520 Ceterum
968 492 1003 520 ut
1019 489 1116 520 beate
1133 489 1357 530 tranquillitati
1374 488 1456 519 sacri
1472 488 1611 519 Romani
1629 488 1753 530 imperii
1771 499 1842 519 cum
1860 489 1926 519 suis
1950 488 2075 520 inhabi-

440 540 598 572 tatoribus
623 541 796 572 salutarius
821 541 1017 581 consulatur,
1043 541 1262 583 superioribus
1291 541 1323 571 in
1354 550 1411 571 suo
1442 540 1557 571 robore
1582 541 1759 580 duraturis,
1790 540 1851 572 hoe
1875 540 2020 572 addimus
2045 543 2077 571 et

440 602 481 623 ex
505 596 593 623 certa
616 592 758 623 sciencia
782 592 977 631 ordinamus,
1003 592 1086 634 quod
1112 593 1138 624 si
1163 593 1404 624 serenissimum
1429 592 1594 624 dominum
1619 602 1739 633 regem,
1763 592 1949 634 priusquam
1973 592 2075 633 impe-

440 644 517 676 riale
542 644 720 686 susceperit
744 644 912 686 dyadema,
937 645 1020 676 viam
1045 645 1196 676 universe
1228 645 1330 675 earnis
1362 645 1491 675 introire
1521 644 1692 685 contigerit
1719 643 1898 683 moriendo,
1930 643 1991 675 hoc
2014 654 2077 674 non

440 696 590 727 obstante
614 696 645 727 in
670 696 826 727 illustrem
853 696 1023 728 Albertum
1050 697 1164 728 ducem
1191 696 1347 734 Saxonie,
1379 697 1519 737 Angarie
1545 700 1577 728 et
1594 695 1766 728 Westfalie
1795 696 1889 738 plene
1914 706 1951 727 ac
1974 696 2075 727 libere

440 751 582 779 nostram
607 748 862 780 transfundimus
886 751 1081 791 potestatem
1107 752 1138 779 et
1163 749 1267 780 eidem
1297 748 1400 790 quoad
1427 748 1505 779 illud
1528 748 1577 778 ius
1601 747 1694 779 nobis
1720 751 1907 789 competens
1932 747 2076 779 cedimus

440 800 495 830 illa
518 800 587 831 viee
612 803 720 831 nostro
744 801 872 831 nomine
897 804 929 832 et
959 801 1029 831 vice
1047 800 1224 838 ordinandi,
1249 800 1473 837 constituendi,
1498 799 1647 837 faciendi,
1672 799 1869 841 providendi,
1892 799 2077 841 postulandi

441 862 496 882 seu
521 851 672 893 eligendi,
696 855 791 893 prout
815 853 916 883 eciam
940 852 979 883 de
1005 853 1074 883 iure
1098 853 1201 893 magis
1226 853 1334 883 valere
1359 852 1478 894 poterit
1501 854 1533 882 et
1549 851 1692 891 debebit,
1717 851 1873 882 illustrem
1897 850 1937 883 R.
1961 850 2076 882 ducem

442 903 573 934 Austrie
603 906 635 934 et
659 903 756 934 Stirie
786 904 886 934 filium
916 904 1112 935 serenissimi
1146 904 1266 935 domini
1297 904 1335 935 R.
1366 903 1451 945 regis
1484 903 1703 934 Romanorum
1733 903 1765 933 in
1794 913 1903 944 regem
1935 903 2076 933 futurum

442 954 659 985 Romanorum
685 955 921 997 imperatorem.
968 955 1085 986 Ratum
1110 959 1142 986 et
1165 959 1291 997 gratum
1315 955 1469 994 habituri,
1495 954 1648 996 quidquid
1664 954 1781 986 fecerit
1805 965 1862 986 seu
1880 954 2076 985 ordinaverit

441 1006 506 1037 dux
532 1006 673 1038 Saxonie
698 1010 888 1048 prenotatus
914 1007 944 1037 in
970 1007 1102 1048 negocio
1127 1007 1322 1049 supradicto,
1347 1017 1384 1037 ac
1409 1007 1435 1037 si
1459 1006 1628 1048 negocium
1647 1006 1865 1048 supradictum
1890 1006 1921 1037 in
1938 1016 2076 1047 persona

440 1058 568 1099 propria
590 1061 812 1089 tractaremus.
902 1058 938 1088 In
967 1058 1057 1089 euius
1082 1058 1127 1089 rei
1151 1058 1370 1089 testimonium
1395 1068 1528 1100 presens
1545 1058 1700 1099 scriptum
1719 1057 1837 1089 exinde
1862 1057 2021 1088 conscribi
2045 1060 2076 1088 et

442 1110 538 1150 sigilli
562 1110 663 1140 nostri
687 1109 862 1141 munimine
887 1110 1036 1141 iussimus
1060 1110 1211 1141 roborari.

547 1169 666 1201 Datum
691 1169 867 1206 Ertfordie,
894 1170 969 1201 Idus
994 1171 1127 1213 Aprilis,
1153 1169 1347 1201 indictioneg
1371 1169 1434 1209 III,
1460 1179 1543 1201 anno
1569 1169 1697 1201 Domini
1720 1168 1810 1201 MCC
1835 1169 2075 1211 nonagesimoh.

464 1331 540 1364 428.
566 1333 846 1365 MANDATUM
867 1333 933 1364 DE
953 1333 1207 1365 PREGARIJS
1231 1333 1590 1366 LUBEGENSJRUS
1611 1333 1868 1365 DJREGTUM.
1903 1334 2054 1366 Mai.15.

550 1402 603 1432 Ea:
626 1402 749 1432 duobus
772 1403 976 1442 αηΐοφνφὴίε
1000 1402 1152 1433 tabularii
1175 1403 1312 1434 civitatis
1335 1403 1521 1433 Lubcceusis
1545 1403 1648 1434 ‘Trcse
1674 1403 1835 1434 Gaesarea’
1860 1413 1908 1435 nr.
1925 1404 1975 1441 40,
1998 1413 2077 1442 quac:

442 1453 521 1483 indm·
544 1464 575 1483 sc
594 1453 690 1491 plane
715 1454 910 1491 concordant,
935 1454 1020 1485 dedit
1044 1454 1098 1485 Fr.
1116 1455 1236 1485 Bruns.
1277 1454 1418 1485 Pendent
1441 1455 1479 1485 ab
1501 1458 1633 1494 uimque
1654 1454 1758 1494 sv'yilla
1780 1454 1845 1494 filis
1866 1455 1983 1486 sericis.
2026 1454 2075 1496 Cf.

442 1505 504 1535 iam
527 1515 626 1544 supra
648 1515 696 1535 nr.
713 1506 783 1537 401.
809 1524 847 1528 -
871 1506 1020 1543 Bimmcr,
1046 1506 1120 1545 Res).
1136 1507 1209 1545 imp.
1234 1506 1287 1544 VI,
1303 1507 1398 1538 2313.
1787 1506 1839 1546 (P.
1864 1506 1971 1547 deest.)

547 1607 615 1639 Nos
650 1608 808 1639 Rudolfus
841 1609 903 1640 Dei
937 1610 1048 1650 gracia
1076 1609 1293 1640 Romanorum
1329 1621 1387 1641 rex
1425 1621 1554 1652 semper
1588 1614 1743 1652 augustus
1779 1610 1819 1642 ad
1853 1611 2075 1642 universorum

442 1660 593 1691 noticiam
618 1660 765 1691 volumus
790 1662 970 1702 pervenire,
995 1661 1080 1703 quod
1106 1662 1180 1703 quia
1203 1673 1260 1693 nos
1285 1665 1316 1693 et
1340 1662 1509 1704 imperium
1534 1663 1565 1693 in
1581 1662 1718 1694 Lubeke
1743 1663 2019 1704 septingentarum
2043 1664 2075 1693 et

442 1712 673 1753 quinquaginta
704 1723 875 1753 parvarum
905 1723 1102 1753 marcarum,
1137 1712 1279 1744 sedecim
1313 1713 1433 1744 solidos
1457 1713 1687 1744 Lubicensium
1716 1713 1920 1744 denariorum
1945 1723 2074 1754 compu-

443 1762 557 1793 tandos
582 1774 637 1805 pro
662 1774 780 1802 marca,
806 1775 919 1795 census
944 1768 975 1795 ct
1000 1764 1144 1795 redditus
1170 1765 1303 1805 singulis
1329 1765 1420 1795 annis
1445 1765 1618 1801 habemus,
1643 1775 1776 1806 quarum
1800 1775 1978 1796 marcarum
2001 1763 2073 1795 red-

443 1814 527 1844 ditus
552 1818 584 1845 et
608 1825 722 1846 census
748 1816 838 1846 nobis
871 1816 910 1846 ad
942 1819 1013 1847 octo
1044 1827 1145 1847 annos
1176 1817 1349 1847 inmediate
1379 1821 1552 1858 sequentes
1585 1817 1760 1859 prudentes
1784 1817 1843 1848 viri
1873 1817 2020 1848 consules
2043 1819 2075 1848 et

444 1866 528 1896 cives
554 1865 592 1896 de
617 1866 752 1897 Lubeke
777 1867 884 1898 dilecti
902 1869 1001 1898 nostri
1019 1868 1132 1899 fideles
1158 1869 1187 1898 in
1206 1872 1317 1910 parata
1335 1869 1472 1910 pecunia
1489 1868 1656 1907 dederunt,
1682 1872 1933 1900 numeraverunt
1955 1868 2074 1910 pariter

442 1920 473 1947 et
497 1918 676 1956 solverunt,
712 1919 798 1959 ipsos
831 1919 870 1950 de
900 1919 1020 1950 eisdem
1047 1919 1225 1950 redditibus
1251 1923 1283 1951 et
1307 1919 1457 1950 censibus
1483 1920 1762 1961 septingentarum
1788 1924 1820 1952 et
1843 1920 2073 1962 quinquaginta

443 1979 619 1999 marcarum
649 1980 833 2010 parvarum,
867 1971 1003 2012 singulis
1040 1972 1131 2002 annis
1165 1971 1255 2003 nobis
1291 1976 1322 2002 et
1357 1972 1490 2013 imperio
1524 1972 1762 2011 solvendarum,
1798 1972 1837 2002 ad
1872 1975 1942 2002 octo
1975 1980 2072 2002 annos

443 2020 577 2050 dicimus
608 2021 727 2051 liberos
752 2025 784 2052 et
812 2023 943 2054 solutos.
986 2023 1142 2054 Volentes
1176 2028 1210 2054 ut
1239 2023 1313 2054 dicti
1343 2024 1443 2055 nostri
1472 2024 1620 2055 consules
1649 2027 1680 2055 et
1703 2024 1790 2055 cives
1815 2023 1854 2055 de
1876 2023 2010 2054 Lubeke
2034 2021 2072 2053 ad

444 2072 546 2102 dictos
571 2075 641 2103 octo
667 2084 767 2103 annos
793 2074 966 2105 inmediate
992 2078 1165 2116 sequentes
1190 2076 1259 2106 loco
1284 2076 1381 2106 nostri
1406 2079 1437 2106 et
1462 2075 1587 2117 imperii
1612 2075 1714 2106 dictos
1732 2078 1859 2106 nostros
1876 2074 2018 2106 redditus
2041 2076 2072 2105 et

443 2134 557 2153 census
582 2124 734 2164 colligant
759 2128 790 2155 et
814 2129 1014 2166 conservent,
1040 2127 1070 2157 in
1095 2137 1170 2158 suos
1194 2137 1270 2158 usus
1295 2131 1389 2169 prout
1414 2128 1459 2158 eis
1485 2127 1639 2170 expedire
1658 2127 1819 2158 videbitur
1842 2125 2071 2158 convertendos

444 2180 475 2205 et
500 2176 581 2205 infra
605 2175 706 2206 dictos
731 2180 800 2207 octo
825 2188 924 2207 annos
949 2188 966 2208 a
983 2178 1076 2209 nobis
1097 2180 1147 2209 vel
1171 2179 1418 2210 succedentibus
1444 2180 1535 2210 nobis
1561 2180 1592 2210 in
1613 2179 1746 2220 imperio
1762 2179 1945 2210 nullatenus
1968 2177 2071 2219 requi-

444 2226 569 2257 rendos.
658 2227 774 2258 Testes
798 2228 891 2259 huius
922 2230 967 2259 rei
1000 2234 1086 2260 sunt:
1124 2231 1327 2262 venerabiles
1352 2231 1511 2262 Rudolfus
1540 2231 1798 2272 archiepiscopus
1823 2229 2071 2271 Salzburgensis,

444 2279 619 2320 episcopus
643 2279 842 2310 Lavantinus
868 2285 899 2310 et
924 2279 1091 2313 Csnnudus
1116 2282 1216 2312 abbas
1243 2282 1351 2313 Sancti
1370 2282 1454 2313 Galli
1478 2283 1640 2324 principes
1656 2282 1768 2317 nostri,
1794 2281 1999 2313 honorabiles
2016 2279 2071 2310 viri

444 2330 544 2360 abbas
568 2330 800 2361 Admontensis
827 2335 858 2361 et
882 2333 1036 2373 magister
1060 2333 1230 2364 Heinricus
1255 2334 1294 2364 de
1319 2334 1535 2375 Clingcnberg
1558 2334 1739 2376 prepositus
1756 2333 1950 2364 Xanctensis
1973 2332 2070 2373 impc-

445 2382 532 2412 rialis
557 2382 630 2413 aule
656 2383 936 2431 vicecancellarius
962 2387 994 2415 et
1018 2385 1298 2426 prothonotarius,
1323 2386 1447 2417 nobiles
1473 2386 1530 2416 viri
1555 2385 1762 2416 Ebcrliardus
1787 2384 1826 2416 de
1852 2383 2069 2416 Catzenellen-

445 2433 538 2473 boge,
563 2434 754 2465 Ludcwicus
780 2435 818 2465 dc
843 2436 983 2476 Otingen
1009 2437 1141 2467 comites
1166 2437 1277 2467 fideles
1295 2438 1392 2468 nostri
1410 2437 1517 2468 dilecti
1541 2440 1573 2467 et
1597 2447 1690 2478 quam
1708 2437 1817 2478 plures
1842 2436 1895 2466 alii
1911 2433 2068 2475 fidedigni.

445 2485 489 2515 Ut
513 2488 619 2516 autem
644 2486 749 2516 omnia
774 2487 931 2527 premissa
947 2491 1099 2518 maneant
1116 2488 1314 2527 inconvulsa,
1341 2488 1420 2519 hanc
1439 2489 1579 2520 litteram
1605 2488 1721 2519 exinde
1738 2487 1896 2519 conscribi
1920 2490 1951 2518 et
1974 2485 2069 2517 maic-

446 2537 537 2568 statis
563 2539 671 2567 nostre
697 2537 800 2577 sigillo
826 2538 959 2569 fecimus
985 2539 1182 2570 communiri.

1577 2576 1589 2589 ἱ

552 2596 668 2627 Datum
704 2597 866 2631 Erfortlie.
899 2598 972 2629 ldus
996 2599 1089 2633 Maii,
1120 2600 1292 2631 indictione
1317 2601 1431 2632 tercia.
1461 2611 1544 2631 anno
1574 2600 1703 2631 Domini
1734 2599 1822 2630 MCC
1854 2597 2067 2640 nonagesimo,

444 2649 532 2689 regni
559 2659 633 2679 vero
659 2650 757 2679 nostri
781 2661 863 2680 anno
888 2651 1023 2691 septimo
1050 2651 1185 2682 docimo.

548 2759 611 2786 42¹5·
632 2763 653 2787 ‘l
674 2763 748 2787 suerit
766 2764 894 2796 imperial(-
914 2764 983 2794 siquo
1001 2764 1080 2795 posito
1100 2774 1118 2788 us.
1206 2763 1224 2794 ¹⁴)
1245 2765 1268 2788 in
1289 2765 1349 2789 add.
1370 2775 1389 2790 c.
1477 2768 1502 2791 Β)
1522 2766 1546 2790 in
1566 2766 1649 2790 douoTi
1669 2774 1687 2790 C.
1777 2763 1799 2794 h)
1820 2763 1933 2788 M('('XC
1952 2771 1971 2791 θ’

2115 447 2126 465 5

2104 710 2127 728 10

2103 968 2125 987 15

2103 1346 2126 1364 2⁰

2094 2447 2117 2466 ⁴0

2090 2763 2099 2781 ⁴
2104 2762 2111 2776 l
2160 2760 2161 2765 ¹
