2259 3116
442 150 502 178 414
744 145 899 172 RUDOLFI
920 146 1024 173 REGIS
1043 146 1362 173 CONsTITUTIONES.
1400 147 1473 173 1290.
1511 146 1556 173 Nr.
1570 147 1628 173 422.
1642 147 1698 174 423.
1711 147 1770 174 424.

442 234 570 275 penitus
597 237 630 264 et
654 233 793 272 omnino,
819 232 954 264 eandem
978 233 1030 264 vel
1055 233 1250 264 consimilem
1278 234 1474 275 inposterum
1493 233 1678 265 nullatenus
1702 235 1872 276 recepturi,
1897 235 1958 266 nisi
1982 236 2070 267 suffi-

441 285 563 316 cienter
586 285 757 316 ostendant
780 288 812 316 et
836 284 981 325 doceant,
1007 285 1091 326 quod
1115 285 1154 316 de
1178 289 1286 316 nostra
1310 286 1362 317 vel
1387 311 1418 317 ..
1443 285 1710 326 predecessorum
1733 288 1914 318 nostrorum
1937 287 2072 319 licencia

440 337 499 367 1100
523 336 685 378 procedat.
768 337 872 368 Huius
897 338 1059 368 sentencie
1081 340 1181 368 testes
1206 341 1279 368 sunt
1303 341 1334 368 et
1358 338 1388 368 in
1406 338 1507 378 ipsius
1533 338 1715 379 prolacione
1733 339 1946 380 personaliter
1969 339 2069 371 affue-

439 391 525 419 runt:
558 389 763 419 venerabiles
796 412 833 421 ..
870 389 1039 420 Fuldensis
1075 392 1107 419 et
1137 413 1175 420 ..
1210 389 1460 420 Hersveldensis
1496 389 1705 420 ecclesiarum
1742 389 1895 429 abbates,
1929 391 2070 423 illustres

438 439 595 470 Rudolfus
619 440 684 471 dux
702 440 833 471 Austrie
858 444 890 471 et
907 440 1065 471 Rudolfus
1087 441 1219 471 illustris
1243 440 1331 471 ducis
1350 440 1517 471 Bauwarie
1541 441 1635 480 filius,
1660 440 1820 483 principes
1845 443 1945 473 nostri
1968 443 2070 473 karis-

441 492 521 527 simi,
546 492 728 523 Fridericus
753 492 965 533 burggravius
990 492 1029 523 de
1053 492 1255 533 Nurenberg,
1282 492 1489 523 Eberhardus
1514 491 1553 523 de
1578 491 1936 537 Kataennellenbogen,
1962 493 2068 525 Gebe-

440 544 559 574 hardus
585 544 624 575 de
648 544 822 585 Hirsberg,
848 543 1034 575 Guntherus
1060 544 1335 585 de-Suartzburg,
1359 543 1552 574 Ludewicus
1578 543 1616 574 dc
1641 535 1784 586 Dtingen
1809 545 1960 583 comites,
1986 545 2069 577 Con-

437 595 532 626 radus
557 595 597 627 de
616 595 800 638 Winsperg,
827 595 984 627 Gerlacus
1008 595 1046 626 de
1071 595 1220 637 Bruberg
1243 600 1274 627 et
1298 595 1478 626 Fridericus
1503 595 1542 626 de
1566 594 1758 627 Hohenloch
1789 600 1821 627 et
1845 607 1938 638 quam
1962 597 2068 639 plures

437 647 492 677 alii
516 647 676 688 fidedigni.
766 647 808 678 Et
839 658 896 679 nos
927 648 957 678 in
982 648 1201 679 testimonium
1226 648 1454 689 premissorum
1485 647 1567 677 hanc
1597 647 1736 678 litteram
1766 648 1883 679 exinde
1912 650 2067 680 conscribi

438 702 470 729 et
495 699 590 740 sigilli
615 700 715 730 nostri
741 700 916 731 munimine
941 700 1073 730 fecimus
1098 699 1250 730 roborari.

543 750 663 782 Datum
680 751 837 790 Erfordie,
862 762 945 782 anno
963 751 1091 782 Domini
1115 754 1146 782 et
1170 751 1220 782 die
1245 755 1279 782 ut
1303 762 1409 793 supra,
1435 750 1609 781 indictione
1627 752 1737 792 tercia,
1761 752 1852 793 regni
1869 763 1946 784 vero
1970 754 2068 784 nostri

436 813 519 833 anno
544 803 679 844 septimo
704 802 836 835 decimo.

570 947 646 979 423.
670 948 838 979 MANDA
847 948 947 980 TUM
968 948 1192 980 EPISGOPO
1214 948 1469 980 LEODIENSI
1491 948 1748 980 DIRECTUM.
1793 949 1863 981 Ian.
1880 950 1930 980 20.

542 1009 622 1040 Item
645 1020 683 1040 eft·
705 1010 898 1049 cnctoqrapho
915 1010 1080 1040 Leodievszt
1103 1020 1151 1040 ur.
1169 1011 1232 1040 406
1248 1010 1478 1050 descm'psimus,
1518 1008 1664 1049 Sigsillum
1681 1009 1770 1040 dorso
1786 1009 1969 1048 impressum
1991 1013 2066 1042 erat.

434 1079 475 1082 —
498 1060 642 1099 Biilmner,
660 1062 733 1102 Rey.
751 1063 822 1104 imp.
839 1062 893 1099 VI,
904 1063 997 1093 2269.
1779 1061 1831 1102 (P.
1854 1062 1961 1102 deest.)

541 1155 702 1188 Rudolfus
735 1156 797 1188 Dei
828 1158 937 1199 gracia
966 1157 1184 1189 Romanorum
1214 1168 1273 1189 rex
1302 1168 1431 1199 semper
1460 1160 1617 1199 augustus
1648 1156 1828 1188 venerabili
1853 1182 1860 1189 .
1885 1184 1891 1190 .
1917 1158 2065 1202 episcopo

433 1207 607 1239 Leodiensi
631 1209 768 1251 principi
793 1220 850 1240 suo
875 1209 992 1241 dilecto
1018 1210 1158 1251 graciam
1183 1220 1273 1240 suam
1299 1214 1331 1241 et
1355 1220 1448 1241 omne
1472 1209 1604 1240 bonum.

541 1259 767 1291 Sinceritatem
792 1263 880 1293 tuam
898 1262 1043 1293 volumus
1068 1272 1130 1292 non
1155 1261 1266 1297 latere,
1292 1261 1376 1303 quod
1401 1272 1471 1292 cum
1496 1272 1578 1292 anno
1594 1260 1725 1292 Domini
1741 1259 1830 1292 MCC
1847 1262 2063 1304 nonagesimo,

433 1311 465 1341 in
499 1311 551 1342 <lie
582 1313 685 1343 sancti
719 1313 904 1344 Sebastiani
939 1313 1030 1344 nobis
1065 1313 1213 1344 Erfordie
1242 1324 1299 1355 pro
1329 1313 1482 1344 tribunali
1515 1312 1702 1345 sedentibus
1736 1313 1933 1355 propositum
1968 1313 2064 1346 fuerit

434 1372 539 1393 coram
564 1364 666 1403 nobis,
692 1365 774 1406 quod
800 1389 832 1396 ..
857 1365 1005 1396 consules
1036 1368 1067 1396 et
1091 1365 1178 1397 cives
1202 1365 1402 1397 Leodienses
1432 1366 1675 1408 reparacionem
1699 1365 1821 1396 viarum
1852 1369 1883 1397 et
1914 1367 2062 1408 poncium

432 1414 664 1455 pretendentes
689 1427 707 1447 a
731 1417 888 1455 curribus,
913 1418 1071 1448 salmariis
1096 1421 1127 1448 et
1151 1418 1287 1449 navibus
1312 1418 1465 1449 victualia
1494 1420 1525 1449 et
1548 1427 1599 1448 res
1630 1417 1708 1448 alias
1733 1417 1773 1448 ad
1796 1418 1958 1450 civitatem
1981 1418 2062 1450 Leo-

433 1466 576 1498 diensem
604 1468 797 1500 vehentibus
828 1469 867 1500 de
899 1472 953 1500 tuo
985 1480 1146 1501 consensu
1175 1472 1206 1500 et
1234 1470 1369 1501 licencia
1397 1473 1501 1501 certas
1532 1469 1664 1511 exigant
1695 1470 1832 1511 pecunie
1857 1470 2061 1511 quantitates,

433 1518 548 1549 nostris
574 1519 624 1550 vel
648 1520 912 1561 predecessorum
937 1524 1117 1552 nostrorum
1142 1531 1238 1563 super
1262 1521 1321 1552 hoc
1346 1526 1526 1552 consensu⁸
1550 1524 1581 1551 et
1605 1521 1740 1552 licencia
1757 1521 1866 1562 petitis
1884 1521 2062 1553 nullatenus

433 1580 492 1601 nec
517 1570 668 1610 obtentis,
693 1572 733 1602 ad
757 1576 1000 1614 procuratorum
1025 1572 1110 1604 dicte
1134 1572 1323 1604 Leodiensis
1348 1573 1486 1604 ecclesie
1510 1572 1663 1604 humilem
1680 1572 1880 1612 instanciam,
1905 1574 1957 1616 qui
1980 1574 2060 1616 peti-

432 1625 546 1653 verunt
570 1622 629 1664 ipsi
655 1624 790 1655 ecclesie
816 1635 911 1667 super
935 1624 995 1656 1100
1020 1624 1192 1656 salubriter
1216 1624 1389 1664 subveniri,
1414 1624 1556 1656 dictante
1581 1625 1665 1655 iusta
1688 1624 1880 1667 principum,
1904 1625 2057 1657 baronum

432 1677 463 1705 et
487 1674 640 1705 nobilium
666 1676 718 1717 qui
742 1680 911 1717 presentes
935 1677 1063 1708 fuerant
1080 1677 1254 1713 sentencia,
1279 1677 1386 1707 extitit
1404 1679 1528 1708 maturo
1544 1676 1714 1718 prehabito
1734 1677 1867 1708 consilio
1883 1676 2060 1716 diffinitum,

432 1726 516 1767 quod
535 1727 720 1758 exactiones
738 1727 930 1767 huiusmodi,
948 1739 1146 1770 quocumque
1167 1729 1268 1760 eciam
1285 1729 1412 1760 nomine
1431 1732 1633 1767 censeantur,
1652 1738 1711 1770 que
1729 1729 1900 1770 exiguntur
1923 1740 1941 1760 a
1965 1729 2060 1761 curri-

431 1777 506 1815 bus,
543 1779 700 1809 salinariis
730 1783 761 1810 et
792 1780 927 1811 navibus
960 1780 1166 1822 supradictis,
1203 1781 1264 1811 nisi
1294 1780 1333 1811 de
1363 1784 1474 1811 nostra
1507 1781 1557 1812 vel
1585 1781 1849 1822 predecessorum
1879 1784 2058 1812 nostrorum

431 1830 584 1870 procedat
608 1831 758 1871 licencia,
789 1842 851 1862 non
877 1835 950 1863 sunt
973 1833 1003 1863 in
1028 1833 1128 1863 nostri
1152 1833 1242 1874 regni
1267 1832 1463 1864 districtibus
1488 1833 1699 1874 requirende,
1735 1833 1895 1874 exigende
1919 1844 1976 1865 seu
2000 1833 2057 1864 ali-

430 1884 587 1922 quatenus
612 1883 802 1924 colligende.
842 1883 913 1919 Qua
936 1884 975 1915 de
1000 1895 1032 1915 rc
1058 1888 1111 1915 tue
1137 1885 1330 1916 sinceritatis
1354 1884 1588 1926 plenitudinem
1613 1895 1762 1926 rogamus
1779 1885 1964 1927 plenissimo
1988 1895 2057 1916 cum

431 1933 557 1969 affectu,
583 1935 672 1975 regia
696 1935 752 1965 tibi
777 1936 1003 1967 nichilominus
1028 1937 1217 1968 auctoritate
1242 1937 1362 1968 seriose
1387 1936 1594 1975 mandantes,
1620 1937 1770 1978 quatinus
1795 1937 1834 1968 ob
1859 1940 1998 1969 nostram
2022 1947 2057 1968 ac

431 1985 557 2026 imperii
580 1988 799 2018 reverenciam
824 1988 991 2019 licenciam
1016 1999 1071 2019 seu
1096 1989 1253 2029 graciam,
1287 2000 1381 2030 quam
1410 1989 1441 2020 in
1471 1989 1572 2020 nostri
1598 2000 1634 2020 ac
1658 1989 1783 2031 imperii
1808 1989 1886 2020 iuris
1911 1989 2056 2020 iniuriam

430 2036 546 2068 videris
564 2037 654 2069 dictis
675 2040 798 2070 civibus
816 2050 914 2081 super
931 2040 1113 2071 huiusmodi
1131 2041 1354 2072 exactionibus
1371 2040 1603 2080 concessisseb,
1628 2044 1750 2072 remoto
1768 2041 1911 2082 quolibet
1934 2044 2055 2072 contra-

429 2087 576 2119 dictionis
607 2094 638 2120 et
672 2090 832 2122 dilationis
861 2091 1025 2123 obstaculo
1049 2092 1124 2123 visis
1153 2092 1359 2134 presentibus
1387 2103 1519 2124 revoces
1552 2095 1585 2123 et
1610 2095 1781 2132 retractes,
1815 2092 1961 2124 inhibens
1984 2103 2055 2135 pre-

430 2139 520 2171 dictis
546 2166 551 2172 .
578 2167 584 2172 .
610 2143 794 2173 consulibus
819 2147 850 2173 et
881 2169 886 2174 .
911 2167 917 2173 .
943 2143 1063 2174 civibus
1094 2143 1346 2180 Leodiensibus,
1381 2155 1421 2175 ne
1454 2148 1508 2175 tua
1539 2144 1729 2175 auctoritate
1760 2155 1778 2175 a
1808 2144 1967 2183 curribus,
1991 2143 2051 2175 sal-

430 2193 539 2222 mariis
564 2196 595 2223 et
619 2194 752 2225 navibus
777 2195 927 2225 victualia
952 2199 984 2226 et
1008 2207 1058 2226 res
1082 2196 1162 2227 alias
1187 2196 1226 2227 ad
1249 2197 1409 2227 civitatem
1428 2195 1642 2227 Leodiensem
1661 2195 1851 2227 vehentibus
1875 2195 2053 2226 huiusmodi

429 2244 625 2283 exactiones,
651 2245 802 2284 thelonia,
828 2246 964 2287 pedagia
989 2257 1045 2277 seu
1070 2248 1251 2288 vectigalia,
1276 2258 1476 2289 quocumque
1502 2248 1603 2279 eciam
1628 2248 1754 2279 nomine
1780 2250 1949 2279 censeatur
1971 2245 2052 2288 quod

429 2295 565 2335 exigunt
589 2296 628 2325 ab
654 2296 788 2332 eisdem,
813 2297 851 2328 (10
876 2302 982 2329 cetero
1008 2299 1139 2340 exigant
1164 2300 1215 2330 vel
1240 2300 1412 2341 requirant.

535 2347 653 2378 Datum
672 2347 829 2387 Erfordie,
855 2360 937 2380 anno
955 2349 1084 2381 Domini
1111 2355 1142 2381 et
1166 2351 1217 2382 dic
1235 2351 1396 2393 predictis,
1421 2352 1509 2393 regni
1534 2352 1633 2383 nostri
1657 2363 1739 2384 anno
1763 2352 1898 2393 septimo
1922 2350 2051 2382 decimo.

566 2501 641 2533 424.
666 2503 927 2535 SENTENTIA
957 2503 1021 2535 DE
1045 2504 1235 2537 Cll'IRUS
1258 2506 1357 2537 NON
1376 2505 1734 2537 RESJDENTIBUS.
1779 2506 1848 2537 Ian.
1866 2507 1915 2536 20.

538 2563 733 2594 Fonlulimus
756 2565 783 2595 A
809 2567 1036 2596 transsumam
1059 2577 1089 2598 (ι.
1107 2568 1199 2596 1340.
1227 2566 1297 2597 Der.
1315 2571 1344 2598 δ’.
1367 2568 1502 2605 lurtum,
1532 2567 1614 2606 quod
1642 2578 1679 2598 ea)
1707 2565 1897 2607 autoyrapho
1920 2563 2048 2596 eiusdem

429 2614 581 2645 {ataulfo-ii
596 2626 643 2646 nr.
663 2617 722 2645 ‘isi-23
740 2617 905 2647 mlidmwel
920 2617 1080 2648 Bormans
1102 2621 1130 2648 cl
1147 2618 1398 2649 Sall‹mlmceslcrs
1414 2619 1605 2651 ‘Omleclairc
1624 2619 1660 2649 (Ζο
1676 2619 1786 2659 Γύῃῖίεε
1801 2616 2048 2650 Salat-Lambcrt

427 2666 463 2696 dc
480 2666 578 2706 Lib-qr?
596 2667 642 2705 ll,
659 2670 720 2698 ἅθ’]
737 2679 784 2699 φιν.
798 2672 875 2703 ⁸00,-
900 2669 928 2699 Υ
952 2673 974 2700 l.
994 2672 1011 2699 2
1028 2670 1158 2701 (radicem
1184 2670 1369 2702 I'az‘irmezmc
1385 2671 1437 2702 (aa.
1454 2672 1536 2701 3513]
1554 2671 1665 2703 Isaeo.
1681 2671 1785 2709 XVI„
1808 2670 1860 2702 eui
1881 2669 1927 2700 bis
1946 2667 2046 2708 fol.25

527 2769 591 2796 423.
612 2776 634 2797 ¹³!
655 2780 697 2804 per
717 2772 761 2797 hcc
781 2781 903 2797 consensu
925 2773 948 2796 in
969 2782 1061 2798 rasura
1082 2784 1117 2799 ω’.
1209 2774 1230 2806 b]
1251 2777 1500 2808 uper—concessisse
1519 2776 1545 2801 in
1563 2784 1658 2801 rasura
1677 2784 1713 2801 ον.

2097 712 2119 730 10

2093 1069 2115 1088 15

2089 1376 2113 1395 20

2085 1634 2107 1654 2⁵

2083 1897 2106 1915 ³0

2079 2156 2100 2175 ³5

2073 2518 2096 2536 40
