2259 3164
397 175 556 201 RUDOLFI
576 174 679 200 REGIS
699 173 1022 201 CONSTITUTIONES.
1061 174 1133 200 1281.
1172 176 1244 202 1282.
1282 177 1328 203 Nr.
1342 177 1399 203 309.
1413 178 1472 204 303.
1485 179 1542 204 304.
1730 182 1791 212 299

146 262 320 303 reipublice
346 261 489 303 proficua
506 261 635 300 fuerint,
661 270 717 302 per
734 271 795 302 que
815 261 1000 291 comoditati
1019 261 1234 295 consulimus,
1259 262 1440 303 indigeiicie
1458 267 1615 295 terrarum
1633 266 1789 296 succurri-

146 324 215 344 mus
243 315 276 343 et
303 312 433 343 utilitati
464 312 660 352 singulorum
690 311 908 342 favorabiliter
947 312 1172 352 suffragamur.
1228 312 1321 347 Quod
1353 314 1481 354 quidem
1517 316 1689 356 prudenter
1722 317 1788 347 fleri

147 364 318 401 credimus,
352 375 423 394 cum
464 363 503 394 ad
547 363 817 394 constructionem
854 363 1018 404 poncium,
1060 364 1183 394 viarum
1220 368 1252 394 et
1286 369 1455 396 stratarum
1488 367 1610 408 imperii
1638 368 1789 398 affectum

148 416 376 451 convertimus,
413 414 557 444 divorum
593 415 823 455 imperatorum
857 417 888 445 et
919 425 1030 455 regum
1062 414 1281 445 Romanorum
1314 420 1494 447 nostrorum
1527 418 1789 458 predecessorum

107 481 118 498 ε,
146 465 292 507 exempla
316 468 505 506 sequentes,
538 465 591 506 qui
616 476 634 495 a
659 465 898 495 contribucione
924 465 963 495 ad
989 466 1242 496 exstructionem
1271 467 1418 507 poncium
1443 471 1474 498 ct
1492 469 1612 499 viarum
1630 470 1788 500 neminem

99 736 121 754 10

98 1400 122 1420 ‘20

103 2040 125 2059 25

105 2315 127 2334 ³0

106 2570 128 2589 ³5

147 517 317 548 voluerunt
351 516 561 546 immunitatis
597 516 765 556 privilegio
802 516 961 546 excusari.
1020 516 1240 551 Quamobrem
1276 519 1476 558 presencium
1508 520 1590 550 serie
1623 531 1789 551 monemus

147 568 289 608 singulos
315 570 347 598 et
371 567 545 606 hortamur,
569 571 604 596 ut
627 567 666 597 ad
691 567 942 598 exstructionem
969 567 1124 607 regalium
1152 571 1323 598 stratarum
1350 570 1560 610 pessimarum
1586 571 1615 600 in
1641 571 1695 601 tali
1720 572 1789 601 loco

148 619 186 650 ad
211 619 306 649 talem
333 618 436 648 locum
462 617 668 649 tendeneium
692 618 883 655 inchoatam,
909 618 948 648 ad
966 619 1054 648 euius
1073 620 1311 659 provectionem
1337 621 1419 651 tales
1438 632 1471 651 sc
1490 626 1673 659 onerarunt,
1699 626 1731 652 ut
1750 623 1788 652 de

147 679 277 701 carruca
312 669 454 710 ipsorum
491 669 633 710 qualibet
667 680 717 699 res
753 670 799 699 eis
835 670 958 710 aliquas
990 670 1158 700 deferente
1190 671 1232 700 ibi
1262 674 1448 702 transeunte
1480 673 1623 703 solvatur
1656 678 1788 711 tantum,

147 720 243 752 ceteri
273 720 420 750 similiter
452 724 657 751 transcuntes
689 720 720 750 id
751 721 856 762 ipsum
887 721 1074 761 persolvant
1103 722 1336 752 contribucioni
1370 723 1551 754 huiusmodi
1585 724 1790 755 laudabiliter

146 772 303 803 inchoate.
350 771 589 812 Presen(tibus)
615 775 687 813 post
712 772 838 813 lapsum
864 776 910 802 tot
935 782 1092 803 annorum
1117 773 1248 804 minime
1274 774 1431 805 valituris,

394 915 469 948 303.
494 916 775 949 MANDATUM
793 916 860 948 DE
884 916 1274 949 CONSTRUCTIONE
1295 918 1545 950 MURORUM.

253 985 412 1016 Inedltum
436 985 548 1015 &meus
572 996 609 1016 er
632 985 658 1016 T
682 996 730 1017 nr.
747 988 819 1016 301.
845 1005 885 1009 —
909 986 1056 1024 Biilemeiy
1083 986 1158 1025 Rey.
1176 987 1249 1026 imp.
1270 987 1320 1017 ῙἸ
1338 988 1428 1019 deest.
1501 987 1555 1027 (P.
1579 988 1684 1024 deest)

252 1071 418 1102 Fidelitati
436 1073 543 1101 vestre
563 1071 622 1102 sub
641 1071 776 1102 obtentu
794 1072 901 1112 gracie
918 1075 1028 1103 nostro
1046 1072 1181 1103 firmiter
1197 1073 1405 1114 precipiendo
1423 1073 1622 1108 mandamus,
1641 1074 1790 1114 quatinus

111 1141 121 1158 5
148 1123 254 1154 statim
287 1123 364 1153 visis
398 1123 603 1165 presentibus
632 1124 805 1154 municioni
831 1124 966 1154 civitatis
995 1127 1117 1161 vestre,
1149 1124 1330 1165 ubicunque
1357 1135 1436 1166 opus
1462 1125 1625 1161 habuerit,
1651 1135 1790 1165 congrue

147 1175 363 1216 reparacionis
381 1178 412 1205 et
429 1175 691 1205 reformaeionis¹
718 1175 862 1205 antidoto
880 1175 1066 1215 intendatis,
1091 1176 1193 1217 ipsam
1220 1176 1472 1217 circumquaque
1499 1177 1663 1218 oportunis
1688 1179 1789 1206 struc-

147 1226 224 1256 turis
248 1230 281 1257 et
304 1226 452 1263 edificiis,
485 1229 579 1267 prout
602 1227 681 1257 utile
706 1227 820 1265 fuerit,
849 1227 1039 1259 munientes.
1086 1227 1275 1269 Quicunque
1301 1239 1375 1259 vero
1410 1228 1483 1258 huie
1508 1232 1616 1259 nostro
1641 1228 1790 1258 mandato

147 1277 406 1319 impedimentum
431 1281 463 1308 et
487 1278 687 1309 obstaculum
713 1279 849 1320 prebere
874 1279 1052 1314 conabitur,
1078 1281 1247 1320 quominus
1273 1280 1356 1310 dicta
1373 1280 1486 1310 civitas
1513 1280 1689 1310 munimine
1714 1289 1788 1309 con-

148 1341 224 1371 gruo
249 1340 311 1360 non
336 1330 497 1367 firmetur,
522 1329 611 1370 regie
636 1330 869 1370 indignacionis
895 1331 1050 1360 offensam
1076 1341 1109 1361 se
1135 1332 1259 1361 noverit
1285 1331 1470 1362 incurrisse.
1517 1330 1558 1361 Et
1582 1341 1641 1361 nos
1667 1330 1791 1361 cidema

148 1392 272 1412 exnunc
297 1384 406 1412 nostre
431 1381 540 1421 gracie
566 1381 759 1412 beneficium
784 1381 1022 1412 subtrahentes.

255 1695 354 1746 304.
388 1695 487 1746 305.
528 1693 563 1747 S
572 1694 617 1746 E
627 1693 674 1746 N
685 1695 778 1747 TE
789 1695 1120 1824 {¹131}ssssss
1161 1695 1470 1748 PROBAT
1480 1696 1505 1748 l
1515 1695 1561 1748 O
1570 1696 1620 1748 N
1635 1696 1680 1748 E

719 1874 828 1909 1282.
876 1875 950 1909 Ian.
974 1875 1033 1910 ΩΟ.
1062 1875 1144 1909 Mai.
1166 1875 1224 1909 025.

314 1971 390 2003 304.
417 1972 752 2003 TESTIMONIVM
770 1973 983 2004 EPISOOPJ
1008 1973 1262 2004 CVRIENSIS.
1309 1974 1433 2012 (1289.)
1482 1974 1552 2004 Ian.
1570 1975 1620 2004 21).

253 2032 479 2072 Autoyrapleon
496 2032 647 2063 tabularii
672 2033 918 2064 Vindomiumis
941 2034 1042 2064 dcmw
1059 2034 1191 2064 cmziedil
1213 2034 1316 2064 sos-ius
1338 2036 1440 2064 voster
1463 2033 1495 2063 J.
1510 2033 1656 2063 Leelmer.
1696 2032 1789 2072 Siyil-

152 2081 227 2120 lum,
260 2084 342 2122 quod
368 2084 441 2114 olim
468 2083 531 2114 loro
559 2084 788 2114 membranaceo
812 2085 982 2123 lriruzaelebccl.
1017 2086 1080 2115 siam
1113 2085 1319 2115 des-iderabit:
1373 2084 1421 2114 Dc
1452 2087 1583 2123 tempore
1609 2095 1635 2114 r.
1660 2084 1789 2123 Ib'yesltt

150 2133 280 2172 imperii.
306 2153 343 2157 —
368 2135 513 2172 Biilmzer,
538 2135 611 2174 Rea.
630 2136 704 2174 imp.
728 2136 781 2169 VI,
800 2138 888 2166 1617.
1500 2136 1552 2175 (P.
1578 2136 1684 2175 deest.)

255 2202 370 2234 Inclito
394 2214 430 2234 ac
456 2204 659 2235 serenissimo
684 2204 813 2235 domino
839 2215 894 2235 suo
919 2205 956 2235 R.
975 2205 1036 2235 Dei
1062 2206 1165 2246 gratia
1190 2206 1258 2246 regi
1275 2205 1494 2236 Romanorum
1512 2215 1638 2245 semper
1655 2207 1790 2244 augusto

152 2251 186 2284 O.
210 2252 314 2284 divina
347 2255 550 2296 providentia
574 2255 738 2286 Curiensis
765 2256 934 2297 episcopus
969 2256 1158 2297 obsequium
1190 2267 1260 2286 eum
1291 2256 1488 2287 subiectione
1519 2255 1656 2286 fideliter
1686 2254 1788 2284 indef-

152 2303 281 2335 fessum.

256 2355 428 2387 Serenitati
463 2360 568 2387 vestre
599 2358 826 2399 omnibusque,
858 2358 898 2389 ad
928 2369 1060 2399 quorum
1093 2370 1205 2389 manus
1234 2362 1403 2400 presentes
1439 2359 1545 2389 littere
1575 2357 1789 2398 pervenerint,

154 2407 294 2447 cupimus
310 2408 378 2438 fieri
398 2409 615 2445 manifestum,
640 2409 724 2450 quod
747 2410 840 2440 nobis
865 2410 947 2441 bene
973 2414 1109 2449 constat,
1135 2410 1292 2441 illustrem
1320 2411 1421 2440 virum
1447 2410 1608 2439 dominum
1634 2408 1672 2438 M.
1692 2408 1788 2437 comi-

153 2460 216 2488 tem
238 2458 452 2497 Tirolensem,
478 2461 532 2501 qui
554 2464 604 2491 est
627 2461 665 2491 de
691 2464 798 2492 nostra
825 2461 955 2501 diocesi,
980 2462 1099 2492 habere
1124 2461 1320 2492 domicilium
1349 2465 1381 2492 et
1408 2461 1550 2491 residere
1576 2460 1677 2489 intr-11³
1700 2470 1787 2488 mon-

154 2510 236 2547 tana,
261 2513 292 2540 et
316 2511 399 2551 quod
423 2522 586 2552 nunquam
614 2512 793 2543 audivimus
819 2523 878 2543 nec
902 2523 1041 2554 unquam
1072 2514 1102 2543 in
1128 2513 1264 2543 ecclesie
1298 2518 1405 2543 nostre
1439 2511 1616 2553 privilegiis
1652 2510 1788 2549 antiquis

154 2559 204 2590 vel
231 2561 321 2591 novis
352 2562 544 2599 invenimus,
577 2563 679 2604 ipsum
711 2564 860 2594 comitem
891 2564 929 2594 ad
960 2564 1094 2594 ducatus
1129 2563 1276 2595 Bawarie
1305 2564 1356 2595 vel
1389 2563 1507 2593 Suevie
1539 2562 1699 2603 pertinere
1731 2570 1788 2589 nee

254 2645 318 2672 303.
339 2647 361 2678 ³)
380 2648 412 2671 Et
431 2656 476 2672 nos
494 2649 573 2673 eidem
594 2649 645 2673 alio
664 2649 739 2673 ductu
760 2650 821 2674 add.
841 2658 916 2681 snper
936 2651 1023 2674 Eidem
1044 2650 1123 2674 deleto
1148 2650 1173 2674 T.

254 2704 318 2731 304.
338 2707 360 2738 ³)
380 2708 435 2732 iura
453 2717 490 2732 or.

256 2774 280 2806 1)
303 2773 341 2806 Cf.
361 2775 434 2800 verba
453 2775 552 2800 similia
572 2775 599 2801 in
619 2776 754 2801 mandatis
772 2776 846 2808 'infin
865 2784 907 2802 φιν.
920 2779 1047 2801 341⁴.350.

1535 2825 1583 2849 35*
