2259 3164
126 817 149 835 10

122 1075 143 1094 15

117 1441 141 1460 20

113 1697 136 1717 25

111 1974 135 1992 30

105 2497 129 2515 40

527 166 683 195 RUDOLFI
703 169 809 195 REGIS
830 169 1150 199 CONSTITUTIONES.
1183 175 1256 201 1282.
1288 176 1482 205 Y1·.317.31s.
1765 185 1826 214 309

360 315 436 347 317.
459 315 621 347 FORMA
648 315 966 347 LITTERARUM
986 317 1130 349 REGIS
1151 318 1362 352 RUDOLFJ
1384 322 1451 354 DE
1470 324 1645 358 EODEM.

289 376 376 407 Ilaec
397 376 501 415 forma
523 376 610 415 siyno
634 376 843 416 chronoloyieo
866 387 977 408 carens
1000 378 1102 416 ¹ipsum
1126 380 1295 418 az‘mnplnm
1321 381 1494 414 {itm-amm
1520 396 1567 416 ur.
1582 388 1645 415 316
1671 387 1701 417 in
1726 388 1822 419 Libro

181 427 358 458 litterarum
378 427 587 467 [mmo-ialiunz
599 427 652 467 fol.
666 430 707 459 30
722 428 842 467 filetum
855 429 1031 459 inmmdiate
1046 430 1197 468 sequitur.
1237 431 1286 472 Cf.
1300 432 1444 471 Biihmmy
1463 435 1535 475 Res).
1552 437 1621 476 imp.
1637 438 1691 473 VI,
1704 439 1821 470 1683«.

1531 487 1582 526 (P.
1608 488 1715 527 (loesi.)

286 548 353 578 Nos
382 547 419 579 R.
446 548 506 579 Dei
536 548 641 589 gratia
670 548 889 579 Romanorum
922 559 978 579 rex
1012 560 1140 591 semper
1169 554 1323 592 augustus
1356 556 1464 584 notum
1497 555 1631 587 facimus
1663 558 1821 589 universis

178 603 347 641 presentes
372 600 496 631 litteras
522 600 732 642 inspecturis,
762 600 845 642 quod
870 611 941 631 cum
966 601 1162 633 venerabilis
1188 603 1234 633 vir
1263 603 1409 635 dominus
1435 605 1595 637 Hem-icus
1625 607 1686 639 Dei
1718 611 1821 650 gratia

176 650 368 682 Basiliensis
393 652 576 693 episcopus,
601 651 738 682 dilectus
765 652 915 693 princeps
941 656 973 683 et
998 653 1200 684 consiliarius
1223 658 1343 692 noster,
1368 657 1497 687 nomine
1515 661 1622 689 nostro
1639 661 1822 700 promiserit

176 702 252 733 dare
290 702 322 733 in
356 713 492 734 uxorem
528 703 731 734 karissimam
767 706 899 744 neptem
929 707 1071 735 nostram
1103 705 1278 745 iuniorem,
1314 706 1410 737 filiam
1445 708 1576 739 illustris
1606 711 1664 740 viri
1700 711 1820 742 domini

175 754 300 784 Alberti
331 754 456 785 comitis
480 754 519 785 de
544 754 774 796 Haubesporc,
804 755 985 796 langravii³
1013 756 1144 786 Alsacie
1178 756 1341 788 karissimi
1373 758 1428 789 filii
1457 760 1570 795 nostri,
1601 761 1750 803 Philippo
1779 763 1818 793 de

178 805 342 836 Sabaudia
365 806 430 836 filio
455 806 616 847 quondam
641 806 766 837 Thome
790 806 830 837 de
857 806 1036 846 Sabaudia,
1061 811 1155 848 prout
1179 808 1265 838 dieta
1289 810 1455 849 promissio
1479 814 1511 841 et
1536 811 1618 842 dotis
1643 814 1818 853 assignatio

175 856 206 887 in
230 857 345 887 litteris
370 857 471 898 ipsius
496 857 639 898 episcopi
664 857 814 898 sigillatis
840 858 945 899 sigillo
971 869 1028 889 suo
1054 859 1181 900 plenius
1207 861 1419 899 continetur¹,
1450 872 1507 892 nos
1540 863 1657 894 dietam
1682 865 1816 905 promis-

174 907 297 938 sionem
329 907 413 938 dotis
437 911 468 938 et
494 908 691 939 matrimonii
715 912 817 939 ratam
842 912 873 940 et
897 909 1020 940 firmam
1047 910 1203 941 habemus
1228 915 1259 942 et
1284 912 1380 942 etiam
1405 913 1618 954 promittimus
1643 925 1699 956 pro
1725 915 1816 946 nobis

174 962 205 989 et
228 959 302 990 filiis
326 959 441 990 nostris
466 959 697 990 inviolabiliter
721 959 904 991 observare.
950 961 1172 992 Promittimus
1202 963 1298 993 etiam
1329 974 1385 1005 pro
1419 964 1509 995 nobis
1542 969 1573 996 et
1595 966 1668 996 filiis
1698 968 1816 998 nostris

171 1009 255 1041 bona
290 1010 353 1042 fide
385 1014 417 1042 et
440 1011 471 1041 in
496 1011 594 1042 verbo
624 1012 787 1050 veritatis,
823 1011 908 1053 quod
944 1023 1001 1043 nos
1035 1023 1091 1054 spe
1124 1013 1208 1044 illius
1242 1015 1435 1046 matrimonii
1471 1016 1681 1048 contrahendi
1717 1021 1749 1049 et
1783 1022 1817 1049 ut

172 1062 306 1093 illustris
330 1062 378 1093 vir
401 1063 572 1104 Philippus
604 1073 712 1094 comes
737 1063 902 1095 Sabaudie
933 1065 1048 1095 melius
1073 1069 1239 1096 moveatur
1263 1076 1371 1096 amore
1396 1068 1495 1097 nostri
1520 1068 1560 1098 ad
1584 1069 1815 1100 exaltationem

170 1113 307 1155 predicti
334 1114 502 1156 Ph(ilippi)
538 1114 717 1146 charissimi
751 1116 877 1156 nepotis
912 1116 978 1155 sui,
1014 1116 1098 1156 quod
1133 1127 1190 1147 nos
1225 1120 1257 1148 et
1286 1117 1378 1149 liberi
1407 1119 1506 1149 nostri
1534 1119 1637 1160 ipsum
1669 1121 1814 1151 comitem

169 1165 385 1207 Ph(ilippu)m
416 1166 595 1197 iuvabimus
625 1170 657 1197 et
680 1167 902 1198 deffendemus
927 1167 1011 1198 bona
1037 1166 1122 1210 [fide]
1149 1172 1260 1199 contra
1291 1180 1416 1209 omnes,
1453 1181 1523 1201 eum
1559 1171 1674 1212 quibus
1710 1173 1813 1213 ipsum

170 1218 319 1249 comitem
347 1228 496 1258 guerram
522 1219 663 1260 aliquam
690 1220 892 1260 contingeret
917 1219 1048 1251 habere.
1094 1219 1130 1250 In
1156 1221 1245 1251 cuius
1270 1221 1315 1252 rei
1339 1222 1555 1253 testimonium
1580 1226 1641 1254 etc.

448 1362 524 1394 318.
548 1363 713 1395 FORMA
736 1364 853 1395 ARTJ
859 1364 946 1397 CUL
952 1364 1009 1396 OR
1018 1363 1090 1396 UM
1108 1365 1167 1396 ΡΑ
1175 1365 1251 1396 GIS.
1297 1367 1406 1406 (1202).
1441 1367 1465 1397 I
1463 1368 1531 1407 cm.)

272 1423 414 1454 Articuli
428 1425 534 1463 pacis,
558 1425 613 1464 quet
638 1425 680 1455 ad
696 1424 839 1462 effectum
862 1436 925 1456 mm
948 1426 1035 1456 (lacti
1057 1429 1139 1464 sunt,
1163 1414 1329 1457 servantur
1355 1427 1387 1457 in
1410 1428 1597 1465 mimda-amas
1621 1439 1700 1467 quae
1722 1430 1809 1469 siquo

166 1475 373 1515 chronoloyico
404 1479 432 1506 et
458 1476 558 1515 siyillo
587 1480 685 1514 caret,
721 1478 847 1516 siynm‘a
877 1478 1028 1508 ‘Traltute'
1057 1478 1172 1508 diversi
1200 1479 1312 1510 Meno
1342 1481 1359 1508 1
1395 1480 1503 1511 71236'.
1550 1479 1598 1510 De
1631 1483 1761 1519 tempore
1783 1492 1808 1512 v.

165 1526 295 1566 Reglesta
319 1528 453 1567 imperii.
500 1528 633 1559 Tea'tmn
656 1529 862 1566 decurtatum,
886 1540 975 1568 (licem
999 1529 1134 1569 rzdyavit
1158 1529 1230 1560 olim
1257 1530 1440 1561 Gm'elzenon
1464 1531 1614 1561 ‘Histoire
1637 1532 1672 1562 de
1689 1531 1808 1563 Samie'

164 1578 223 1616 IV,
241 1580 291 1617 86,
315 1580 417 1620 *ipsius
440 1580 548 1610 Marte
570 1579 756 1619 neyliyentcr
779 1582 967 1618 conlectam,
1000 1581 1114 1612 lineam
1140 1582 1209 1611 <lati
1232 1581 1374 1612 additam
1403 1593 1477 1619 esse,
1509 1583 1571 1613 ium
1603 1583 1692 1613 evicit
1716 1584 1808 1622 Kupp

165 1630 286 1663 ‘Gesda
309 1632 363 1662 der
386 1632 648 1671 eidymuJSffl'Schm
671 1632 794 1663 Bliade*
819 1633 865 1670 H,
883 1635 903 1663 3
922 1644 954 1672 2).
972 1634 1035 1663 3:30·
1058 1644 1106 1665 nr.
1124 1635 1153 1664 5¹.
1196 1633 1243 1671 Cf.
1262 1633 1405 1671 Berones,
1432 1634 1504 1673 Rcss.
1526 1635 1596 1673 imp.
1618 1634 1670 1671 VI,
1689 1636 1807 1667 Iris-‘tm

1515 1686 1567 1726 (P.
1593 1687 1700 1725 deest.)

269 1752 313 1793 (I)
336 1752 403 1784 Nos
428 1752 619 1794 Henr(icus)
643 1753 705 1784 Dei
730 1754 833 1794 gratia
857 1754 1044 1784 Basiliensis
1070 1755 1241 1796 episcopus
1270 1757 1301 1785 et
1326 1765 1384 1786 nos
1409 1754 1446 1786 B.
1472 1755 1615 1786 eiusdem
1641 1756 1806 1796 paciencia,

162 1805 330 1846 episcopus
354 1804 547 1835 Bellicensis
571 1808 681 1836 notum
707 1805 843 1836 facimus
868 1806 1028 1836 universis
1053 1811 1221 1847 presentes
1246 1808 1368 1838 litteras
1395 1806 1602 1847 inspecturis,
1627 1806 1709 1847 quod
1734 1817 1804 1837 cum

162 1856 201 1887 de
225 1856 405 1895 discordiis,
432 1857 586 1898 querelis,
610 1857 839 1898 petitionibus,
865 1857 1045 1888 actionibus
1070 1861 1101 1888 et
1125 1859 1257 1895 iuribus,
1282 1869 1343 1900 que
1369 1861 1536 1889 vertuntur
1560 1858 1642 1888 inter
1666 1859 1803 1888 serenis-

161 1907 274 1939 simum
305 1908 468 1939 dominum
499 1908 537 1940 R.
567 1919 677 1949 regem
713 1908 934 1939 Romanorum
966 1920 1006 1939 ex
1043 1920 1106 1940 una
1141 1914 1232 1951 parte
1261 1914 1293 1941 et
1321 1911 1478 1941 illustrem
1509 1910 1612 1940 virum
1641 1909 1803 1951 Philipum

162 1959 308 1990 comitem
334 1959 496 1991 Sabaudie
523 1963 554 1991 et
577 1960 797 1991 marchionem
823 1960 853 1990 in
879 1960 974 1991 Italia
999 1972 1039 1991 cx
1064 1961 1185 1992 altera³
1211 1962 1350 1992 maxime
1376 1972 1472 2002 super
1497 1961 1609 1991 castris
1629 1960 1746 1991 Murati
1772 1964 1804 1991 et

160 2010 383 2046 Quondamine
408 2015 439 2042 et
463 2012 540 2042 villa
566 2012 748 2042 Paterniaoi
773 2015 804 2042 et
828 2012 975 2053 pluribus
1000 2012 1083 2048 aliis,
1110 2013 1203 2043 nobis
1229 2023 1247 2043 a
1268 2013 1414 2054 partibus
1432 2012 1585 2054 predictis
1610 2012 1684 2042 data
1708 2012 1803 2042 fuerit

158 2065 300 2103 potestas
324 2063 469 2104 plenaria
493 2063 669 2099 tractandi,
701 2063 839 2094 faciendi
865 2068 897 2094 et
925 2063 1092 2094 ordinandi
1124 2075 1236 2104 pacem
1263 2068 1295 2094 et
1325 2064 1529 2094 concordiam
1559 2066 1590 2094 et
1614 2063 1800 2094 confedera-

158 2114 277 2144 tionem
302 2115 384 2145 inter
408 2114 494 2156 ipsos
519 2118 550 2145 et
574 2114 613 2145 ad
639 2114 756 2145 bonum
782 2125 923 2146 amorem
949 2116 1034 2157 ipsos
1059 2115 1098 2146 ad
1124 2116 1261 2146 invicem
1286 2115 1510 2153 confirmandi,
1536 2115 1625 2145 nobis
1650 2114 1802 2145 videlicet

159 2166 308 2207 episcopo
333 2166 507 2198 Basiliensi
531 2166 679 2208 predicto
705 2178 723 2197 a
748 2171 840 2208 parte
866 2168 1065 2198 serenissimi
1090 2167 1211 2198 domini
1236 2168 1320 2207 regis
1345 2167 1376 2197 in
1400 2167 1484 2197 hune
1508 2166 1635 2197 modum
1660 2170 1692 2196 et
1709 2166 1799 2196 nobis

157 2216 298 2257 predicto
329 2218 479 2260 episcopo
503 2217 680 2249 Bellioensi
705 2229 723 2249 a
751 2222 841 2260 parte
872 2219 948 2249 dicti
981 2219 1101 2249 domini
1143 2219 1267 2249 comitis
1293 2218 1454 2249 Sabaudie
1484 2218 1515 2248 in
1546 2218 1630 2248 hunc
1661 2217 1798 2251 modum,

157 2278 214 2299 nos
237 2269 277 2300 ad
300 2270 543 2310 requisitionem
567 2270 705 2311 partium
730 2271 908 2311 plenariam
934 2274 1131 2312 potestatem
1162 2281 1179 2301 a
1212 2270 1308 2300 dictis
1337 2269 1482 2311 partibus
1512 2269 1604 2299 nobis
1634 2269 1741 2299 datam
1767 2269 1797 2298 in

157 2330 213 2350 nos
242 2321 451 2363 recipientes,
484 2333 525 2352 ex
549 2324 710 2363 potestate
741 2322 833 2353 nobis
858 2333 1012 2353 concessa
1043 2333 1170 2364 pacem,
1203 2320 1422 2360 concordiam,
1448 2320 1740 2351 confederationem
1767 2323 1798 2349 et

158 2370 272 2402 bonum
297 2383 436 2404 amorem
462 2373 546 2404 inter
569 2374 655 2414 ipsos
680 2373 826 2413 facimus,
852 2374 1036 2405 ordinamus
1064 2377 1095 2406 et
1119 2373 1368 2415 pronunciamus
1393 2373 1425 2402 in
1448 2372 1532 2402 hunc
1558 2371 1701 2402 modum:

351 2435 376 2463 1.
402 2433 547 2464 Dicimus
573 2434 668 2471 enim,
694 2434 879 2465 ordinamus
903 2438 935 2465 et
958 2435 1217 2475 pronunciamus,
1245 2433 1329 2474 quod
1355 2432 1459 2463 dictus
1484 2432 1711 2463 serenissimus
1737 2441 1793 2461 rex

239 2484 357 2514 dictum
381 2483 543 2515 dominum
569 2485 719 2516 comitem
745 2485 909 2517 sabaudie
940 2486 979 2517 ad
1004 2496 1145 2517 amorem
1170 2496 1262 2516 suum
1295 2488 1325 2515 et
1356 2485 1472 2515 bonam
1497 2483 1632 2523 gratiam
1656 2486 1793 2519 revocet,

238 2536 297 2575 ius,
315 2537 473 2568 actionem
487 2540 519 2568 et
532 2537 708 2578 querelam,
723 2537 807 2578 quod
821 2541 852 2569 et
869 2549 947 2579 quas
964 2538 1104 2569 habebat
1122 2548 1178 2568 seu
1192 2536 1312 2567 habere
1327 2538 1454 2577 poterat
1467 2535 1516 2565 vel
1531 2534 1669 2564 debebat
1684 2537 1793 2563 contra

253 2638 318 2666 317·
338 2640 359 2671 a)
379 2640 510 2672 langrauie
529 2650 548 2664 c.

253 2708 316 2734 318.
336 2713 358 2741 ³)
377 2718 407 2734 ex
426 2711 503 2734 altera
522 2710 561 2733 liic
580 2710 654 2740 deest,
673 2710 784 2741 sequitur
803 2710 1000 2741 superscriplwn
1019 2710 1092 2733 verbo
1111 2709 1166 2733 aliis
1186 2718 1205 2733 c.

253 2778 277 2809 1)
299 2776 372 2809 Quae
392 2781 509 2803 serratae
528 2786 582 2803 non
600 2781 672 2804 smzt.
