2259 3164
121 753 144 772 10

119 1010 142 1029 1.·›

119 1528 142 1547 25

119 1787 142 1806 ³0

118 2044 141 2063 35

117 2307 142 2326 40

128 2672 152 2692 ⁴5

524 189 682 216 RUDOLFI
701 189 806 215 REGIS
827 190 1146 218 CONSTITU'i‘IONEs.
1186 194 1257 220 1275.
1295 195 1340 219 Nr.
1355 195 1395 220 90.
1409 196 1449 221 sil.
1761 199 1800 228 83

169 277 347 319 principem
364 275 527 306 dominum
545 275 696 307 Oai-olum
722 287 830 317 regem
849 277 958 310 Sicilie
983 279 1137 310 illustrem
1163 290 1218 310 scu
1243 280 1379 312 heredes
1405 282 1514 322 ipsius,
1539 293 1596 313 nes¹
1615 282 1799 313 volentibus

170 329 274 370 ipsum
299 326 462 359 offendere
486 326 705 368 prestabimus
730 328 897 365 auxilium,
924 331 1091 360 eonsilium
1115 331 1165 361 vel
1191 332 1334 362 favorem
1359 333 1490 373 publice
1509 334 1557 365 vel
1582 335 1716 369 occulte,
1741 346 1799 365 nec

169 390 302 421 regnum
327 378 445 417 Sicilie,
471 378 553 420 quod
578 378 662 409 idem
687 389 743 410 rex
768 379 904 411 Carolus
929 381 968 411 ab
994 381 1107 412 eadem
1132 382 1274 413 Romana
1300 387 1386 414 tenet
1411 386 1558 420 ecclesia,
1584 387 1633 417 vel
1658 387 1798 427 aliquam

170 432 238 463 eius
261 433 387 473 partem
411 430 640 471 occupabimus
664 434 719 461 aut
743 431 933 462 invademus
959 444 1014 473 per
1038 444 1095 464 nos
1115 435 1164 464 vel
1190 445 1247 475 per
1264 435 1359 465 alium
1385 440 1439 466 aut
1464 438 1610 478 occupari
1629 438 1677 468 vel
1695 437 1799 468 invadi

169 482 420 525 procurabimus,
445 492 504 512 nce
522 482 675 513 invadere
700 485 755 513 aut
772 494 930 524 occupare
949 485 1181 525 temptantibus
1199 487 1412 527 prestabimus
1439 488 1601 529 publicum
1619 490 1668 519 vel
1694 488 1799 519 occul-

169 539 236 566 tum
259 534 424 572 auxilium,
449 533 616 564 consilium
642 537 697 564 aut
720 534 872 566 favorem.
962 536 1032 577 (ll)
1058 536 1149 567 Alios
1175 538 1270 567 etiam
1295 538 1427 569 devotos
1454 539 1551 579 ipsius
1576 540 1723 576 ecclesie,
1749 540 1827 580 quic.

170 587 274 618 eidem
302 585 440 617 ecclesie
471 585 644 616 astiterunt
674 589 785 616 contra
809 586 969 627 quondam
994 587 1201 618 Fredericum
1227 589 1300 619 olim
1326 589 1540 619 Romanorum
1566 591 1800 632 imperatorem,

169 638 305 670 heredes
329 639 384 668 aut
401 647 606 668 successores
625 637 735 678 ipsius,
761 641 933 679 propterea
950 649 1010 669 non
1029 639 1244 679 gravabimus,
1270 641 1326 671 sed
1344 641 1566 671 nichilominus
1585 642 1802 672 favorabiliter

168 699 407 731 prosequemur.
445 688 615 719 vassallos
640 692 747 720 autem
772 693 898 720 nostros
924 693 1035 720 eontra
1060 690 1271 731 predictorum
1298 692 1424 732 aliquod
1442 693 1598 723 facientes
1616 703 1799 734 compesce-

170 752 239 772 mus
262 751 319 783 pro
344 740 465 771 viribus
491 740 574 771 bona
598 740 671 771 fide.
723 740 931 771 Servabimus
956 745 1103 782 preterea
1133 746 1164 772 et
1195 743 1348 773 faciemus
1373 744 1476 774 omnia
1508 747 1539 774 ct
1570 745 1711 785 singula,
1740 755 1800 785 que

169 793 200 824 in
232 792 407 824 canonibus
439 792 553 833 positis
589 793 794 833 sexagesima
829 793 923 823 tortia
958 792 1177 827 distinctione,
1211 804 1344 834 quorum
1376 795 1504 835 quidem
1534 806 1690 826 canonum
1721 796 1802 826 alter

169 845 249 886 ‘Ego
265 843 468 884 Lodouicus⁷,
493 844 575 874 alter
598 854 674 874 vero
700 843 782 874 ‘Tibi
800 843 928 874 domino
946 843 1039 885 pape'
1066 845 1207 886 ineipitl,
1233 846 1443 876 eontinentur.
1533 848 1601 888 (12)
1626 847 1800 887 Postquam

167 899 274 928 autem
304 896 441 927 Romam
470 895 510 927 ad
540 895 757 937 recipiendam
788 896 987 935 unctionem,
1019 897 1258 928 coronationem
1294 900 1325 927 et
1362 898 1524 939 imperiale
1554 898 1701 928 diadema
1725 908 1799 939 per-

170 948 351 980 venerimus
375 948 509 989 ipsaque
534 948 786 989 perceperimus,
811 948 970 989 premissa
995 949 1100 979 onmia
1125 952 1157 979 et
1182 949 1307 989 singula
1325 950 1547 980 innovabinms
1572 960 1629 980 seu
1653 949 1692 980 (le
1718 959 1798 979 novo

169 1001 334 1038 faciemus,
359 1002 391 1030 et
407 1000 476 1031 Sine
495 1000 601 1041 aliqua
617 999 807 1031 difficultate
826 1000 1006 1031 iuramenta
1024 1001 1249 1042 prestabimus,
1276 1012 1336 1042 que
1356 1002 1565 1043 imperatores
1583 1001 1798 1032 Romanorum

1811 864 1829 877 C.

169 1053 325 1084 hactenus
349 1052 570 1093 prestiterunt.
654 1051 722 1092 (13)
741 1052 958 1083 Promittinms
976 1053 1117 1094 insuper,
1142 1052 1224 1093 quod
1244 1052 1326 1083 bona
1350 1053 1411 1084 fide
1436 1054 1503 1084 sine
1528 1052 1639 1083 fraude
1664 1064 1700 1083 ac
1719 1052 1822 1082 maloi·

169 1104 298 1145 ingenio
322 1103 575 1145 procurabimus,
601 1103 685 1144 quod
710 1114 821 1135 omnes
845 1104 1005 1145 principes
1024 1105 1193 1135 Alemanie
1219 1105 1291 1135 laici
1317 1105 1504 1146 promittent
1529 1108 1559 1135 et
1584 1104 1741 1136 iurabunt.
1766 1114 1799 1134 se

169 1156 255 1188 bona
278 1155 343 1187 fide
368 1158 534 1186 curaturos
560 1158 592 1186 et
616 1156 769 1194 facturos,
795 1155 880 1197 quod
905 1166 961 1186 nos
978 1156 1135 1197 premissa
1160 1157 1265 1187 onmia
1291 1160 1321 1186 et
1345 1156 1470 1197 singula
1494 1156 1720 1186 inviolabiliter
1745 1155 1799 1185 ob-

169 1218 345 1246 servemus,
370 1210 401 1238 et
424 1207 449 1238 si
474 1207 557 1249 quod
582 1207 667 1238 absit
692 1207 806 1238 eadem
830 1218 890 1238 non
916 1219 1127 1246 servaremus,
1153 1208 1213 1249 ipsi
1239 1208 1398 1249 principes
1423 1208 1513 1239 nobis
1539 1208 1569 1238 in
1594 1208 1652 1238 hoc
1676 1207 1800 1247 aliqua—

169 1262 262 1290 tenus
292 1269 355 1290 non
383 1259 547 1289 assistent.
650 1259 718 1300 (14)
744 1264 782 1290 Ut,
805 1266 899 1290 autem
923 1265 974 1290 hec
998 1264 1091 1290 omnia
1116 1260 1206 1290 vobis
1229 1266 1383 1290 memorato
1409 1264 1583 1290 sanctissimo
1608 1263 1682 1297 patri
1705 1264 1799 1288 nostro

168 1315 280 1343 domino
305 1310 461 1352 Gregorio
486 1317 663 1342 sacrosancte
688 1315 811 1342 Romane
836 1316 950 1342 ecclesie
975 1325 1080 1341 summo
1105 1316 1230 1349 pontifici
1256 1312 1427 1349 vestrisque
1452 1315 1655 1341 successoribus
1679 1324 1728 1348 per
1751 1322 1800 1339 nos

169 1369 197 1394 et
218 1368 329 1394 nostros
353 1376 526 1394 successores
550 1367 738 1393 Romanorum
767 1376 846 1401 reges
877 1369 903 1393 et
934 1368 1115 1401 imperatores
1146 1367 1328 1393 observentur
1356 1368 1489 1400 firmaque
1520 1376 1627 1400 semper
1657 1368 1682 1392 et
1709 1365 1798 1391 incon-

168 1420 246 1446 vulsa
274 1421 473 1453 permaneant,
504 1428 618 1453 presens
646 1419 825 1453 privilegium
854 1420 1041 1453 conscriptum
1074 1418 1182 1445 nostro
1212 1419 1341 1445 iussimus
1372 1415 1475 1454 sigillo
1506 1424 1599 1444 cereo
1628 1417 1799 1443 communiri.

170 1466 397 1498 Promittentes
426 1467 653 1498 nichilominus
679 1467 764 1498 aliud
789 1467 827 1498 de
854 1468 950 1498 verbo
975 1467 1015 1497 ad
1040 1467 1171 1497 verbum
1197 1469 1229 1497 et
1252 1477 1309 1507 per
1333 1467 1439 1496 omnia
1465 1466 1566 1496 simile
1591 1475 1688 1495 aurea
1711 1464 1799 1494 bulla

169 1517 292 1560 typario
317 1521 425 1549 nostre
450 1518 628 1549 maiestatis
653 1519 813 1560 impressa
838 1519 993 1548 munitum
1018 1518 1099 1549 infra
1123 1522 1249 1559 tempus
1275 1517 1491 1548 coronationis
1522 1520 1628 1547 nostre
1653 1515 1742 1546 vobis
1767 1518 1800 1545 ct

169 1569 238 1601 sedi
262 1569 436 1611 apostolice
461 1570 529 1600 sine
554 1569 745 1601 difficultate
770 1570 916 1612 qualibet
941 1570 1106 1601 exhibere.

274 1621 389 1653 Testes
414 1622 458 1652 hii
483 1625 570 1653 sunt:
603 1622 785 1653 Ademarus
810 1622 1053 1663 Lugdunensis,
1079 1622 1256 1652 Bonifatius
1286 1621 1473 1657 Rauennas,
1508 1618 1577 1649 Odo
1603 1618 1800 1651 Bisuntinus,

169 1676 201 1704 et
227 1673 366 1705 Iacobus
398 1673 640 1704 Ebredunensis
680 1674 930 1715 archiepiscopi,
965 1674 1146 1715 Stephanus
1171 1673 1382 1709 Parisiensis,
1413 1671 1573 1702 Henricus
1598 1669 1799 1702 Basiliensis,

168 1724 329 1756 Iohannes
364 1724 555 1756 Leodiensis
588 1729 620 1755 et
650 1725 815 1756 Amedeus
845 1726 1038 1756 Valentinus
1077 1725 1234 1766 episcopi,
1270 1723 1460 1754 Ludowicus
1496 1732 1602 1752 comes
1642 1721 1800 1762 palatinus

168 1776 251 1808 Reni
274 1777 340 1808 dux
363 1777 522 1815 Bowarie,
547 1777 727 1819 Phylippus
753 1778 899 1808 dominus
924 1777 1104 1813 Karinthic,
1130 1776 1295 1806 Cumadus
1320 1774 1467 1805 (lominus
1492 1773 1530 1803 (le
1555 1773 1683 1803 Tekkv.
1709 1771 1798 1801 Hen-

168 1828 251 1859 ricus
274 1828 418 1859 marchio
443 1828 482 1860 de
506 1829 689 1867 Batslerch,
713 1829 905 1860 Fredericus
930 1828 1119 1869 burgravius
1145 1828 1182 1858 de
1207 1826 1337 1857 Nurenb
1349 1825 1433 1858 ercli,
1459 1823 1605 1854 IIenielio
1631 1827 1662 1853 et
1680 1822 1798 1852 Frede-

169 1880 251 1911 ricus
281 1880 413 1911 comites
445 1880 484 1911 (le
512 1879 690 1921 Liningen,
726 1880 882 1910 Albertus
912 1884 943 1910 et
968 1879 1173 1909 Bru-chardus
1201 1878 1333 1908 comites
1363 1876 1401 1906 de
1426 1874 1660 1905 llohenberch,
1694 1873 1798 1903 Theo-

169 1931 284 1962 baldus
309 1942 416 1962 comes
441 1932 480 1963 de
505 1932 673 1972 Pherreto,
698 1932 869 1963 Ebharslus
895 1942 1000 1963 comes
1025 1931 1062 1962 de
1081 1929 1412 1969 Karrcnellcnbogen,
1440 1927 1592 1957 Gibertus
1618 1925 1800 1963 langravius

168 1982 292 2014 Alsatie
322 1983 498 2024 inferioris,
537 1984 698 2015 Heni-icus
730 1995 834 2015 comes
865 1984 903 2014 (le
935 1983 1112 2021 Vriburch,
1148 1981 1338 2021 Mangoldus
1371 1990 1476 2009 comes
1504 1978 1541 2008 (10
1572 1976 1799 2007 Nellenburcli.

169 2033 351 2066 Eberardus
376 2047 483 2067 comcs
515 2036 554 2067 de
579 2036 810 2075 Habesburch,
842 2036 1046 2066 Hermannus
1080 2044 1186 2064 comes
1217 2033 1255 2063 (1(-
1282 2032 1373 2067 Snlz,
1403 2030 1591 2060 Lodowicus
1625 2038 1731 2057 eomes
1761 2026 1799 2056 ‹le

167 2085 355 2127 Honberch,
373 2087 574 2119 Gottifredus
593 2099 699 2119 comes
723 2088 761 2118 de
779 2088 943 2126 Leustein,
969 2086 1135 2117 Cunraslus
1161 2084 1275 2115 nobilis
1300 2083 1340 2113 de
1360 2080 1603 2118 NVartenbcreh,
1630 2077 1797 2109 libhardus

169 2137 285 2168 nobilis
309 2138 348 2170 de
372 2139 487 2181 Luphe
513 2143 545 2171 et
569 2139 774 2171 Reinliardus
799 2139 914 2170 nobilis
940 2138 978 2168 dc
1003 2137 1158 2174 Hanaue,
1184 2146 1289 2166 comcs
1314 2134 1353 2164 de
1378 2132 1568 2163 Buchekke.

275 2190 358 2221 Acta
387 2194 462 2221 sunt
490 2191 549 2222 hec
580 2202 663 2222 anno
688 2191 817 2221 Domini
843 2190 1012 2220 millesimo
1037 2187 1255 2219 ducentesimo
1282 2184 1520 2226 septuagesimo
1546 2182 1669 2223 quinto,
1702 2180 1799 2210 inilic-

169 2241 255 2273 tione
279 2242 358 2282 IIII,
382 2248 539 2285 regnante
564 2243 692 2274 domino
716 2242 853 2273 Rudolfo
872 2242 1088 2272 Romanorum
1114 2250 1188 2280 rege
1214 2238 1361 2279 glorioso,
1388 2236 1475 2276 regni
1500 2235 1568 2265 eius
1593 2244 1674 2263 anno
1693 2234 1796 2264 tertio.

274 2294 437 2337 {Signum
462 2296 581 2327 domini
605 2295 767 2336 Rudolphi
791 2294 1010 2324 Romania-mu
1035 2292 1119 2332 regis
1145 2289 1354 2320 invictissimi.
1380 2287 1452 2327 (M.)

274 2347 349 2380 Dat.
374 2347 535 2387 Lausane,
559 2357 616 2388 per
640 2357 768 2377 manum
793 2345 923 2376 Henrici
949 2343 1088 2385 episcopi
1114 2340 1292 2372 Tridentini
1318 2339 1433 2379 regalis
1459 2337 1530 2368 aule
1557 2335 1796 2377 prothonotarii.

168 2398 243 2432 XII.
261 2399 335 2431 Kal.
360 2399 534 2431 Novembr.

394 2545 449 2577 91.
474 2544 736 2578 IJNOVATIO
763 2539 1163 2575 (JONFJRM.isloNJs
1187 2534 1579 2568 PulVIleltlloltl'Js

233 2597 297 2630 ΕΤ
315 2597 708 2630 IURAMENTORUM
730 2607 760 2627 a.
786 2597 876 2625 1:271.
902 2593 993 2624 1)]«311
1018 2588 1398 2622 ΗΜ(’1·Ι.’,>1Ἰ’()Ιί[ι“11[
1421 2586 1585 2617 1),ι’1’111;’.
1637 2589 1733 2617 (ουκ.)

278 2659 428 2690 Servatur
457 2659 492 2689 ‘in
514 2658 576 2689 solo
602 2657 741 2696 Ilrylstrass
763 2655 890 2686 Nicolai
914 2655 980 2684 III.
1005 2656 1072 2683 loni.
1096 2653 1138 2683 ll.
1165 2652 1223 2681 iam
1251 2651 1280 2680 ln
1311 2649 1387 2679 svrif
1416 2648 1622 2686 li'vssislimvtm
1647 2644 1797 2674 tabularii

179 2711 325 2742 Vaticani
348 2713 480 2748 t0m.40,
505 2711 539 2741 in
561 2721 648 2749 quem
668 2711 787 2746 rccr‘pm
812 2710 855 2737 nst
879 2706 931 2744 sol.
950 2707 1062 2734 Ilffislfi.
1102 2702 1295 2733 (imminues
1305 2701 1424 2739 passim
1444 2710 1497 2729 tens
1522 2698 1589 2736 ips-(¹,
1608 2697 1725 2735 parlim
1753 2696 1798 2724 fir

271 2797 296 2829 1)
316 2804 338 2823 c.
353 2799 393 2823 30.
413 2799 436 2822 et
455 2799 493 2823 33.
513 2795 559 2824 Di.
574 2798 613 2821 63.

1551 2836 1574 2859 ll
1587 2839 1589 2841 '

1842 860 1860 878 7.
