2259 3164
96 521 106 538 5

87 914 110 932 10

88 1169 108 1188 15

90 1425 114 1445 20

93 1682 114 1700 ²⁵

0 1809 10 2009 l

8 2011 15 2113 l

12 2117 19 2193 l

17 2198 119 2357 l„

22 2346 25 2366 ἱ

95 2040 117 2058 30

26 2428 29 2446 4

28 2452 30 2471 l

31 2528 34 2553 l

32 2555 49 2899 i,

52 3037 61 3164 l

425 211 582 238 RUDOLFI
602 211 706 238 REGIS
726 212 1044 239 CONSTITUTIONES.
1084 214 1156 239 1290.
1194 215 1238 240 Nr.
1252 215 1310 242 435.
1323 216 1380 242 436.
1393 216 1450 243 437.
1692 220 1752 249 423

133 298 321 337 Hanouwe¹,
352 297 506 329 Gerlacus
536 298 575 329 de
602 297 806 336 Bruberchm,
835 299 990 339 magister
1019 299 1190 331 Hcinricus
1219 300 1257 332 (le
1289 301 1526 344 Clingenberg¹¹
1550 304 1622 335 aule
1647 308 1753 335 nostre

133 350 388 393 prothonotarius
420 353 452 381 et
481 360 575 391 quam
604 351 712 392 plures
747 350 801 380 alii
830 349 953 381 nobiles
982 354 1013 381 et
1042 354 1200 392 potentes.
1288 353 1323 383 ln
1356 354 1584 395 premissorum
1615 356 1753 386 omnium

134 402 348 435 testimonium
373 404 404 432 et
428 401 524 432 robur
548 412 681 443 presens
706 401 859 443 scriptum
884 401 1042 432 conscribi
1067 406 1099 433 et
1123 403 1299 434 maiestatis
1324 408 1450 437 nostre⁰
1475 407 1578 447 sigillo
1603 408 1753 437 iussimus

134 464 329 486 communiri.

237 505 353 536 Datum
370 503 530 543 Erfordie,
554 503 631 534 ΙΙΙΙ.
649 503 787 535 Kalend.
804 504 952 546 Augusti,
977 505 1147 537 indictione
1165 507 1275 545 tercia,
1300 518 1382 538 anno
1399 507 1527 539 Domini
1543 509 1631 540 MCC
1656 520 1753 540 nona-

132 556 282 599 gesimol',
305 555 397 597 regni
421 566 497 587 vero
522 556 623 586 nostri
647 566 728 587 anno
752 556 888 598 septimo
912 556 1067 588 decimoq.

159 701 233 734 436.
255 701 536 733 MANDATUM
554 700 863 733 PRINCIPIBUS
885 702 1079 733 FRISIAE
1106 702 1281 734 VICINIS
1305 704 1561 737 DJRECTUM.
1606 706 1667 736 Iul.
1685 708 1735 738 31.

236 763 394 794 Ineditum
420 763 508 794 nobis
527 763 706 802 petentibus
729 762 813 793 dedit
836 762 936 793 Hcrrc
959 774 996 793 cx
1017 763 1209 802 cuctoympho
1240 764 1375 794 eiusdem
1402 765 1562 795 taluam-1715.
1607 766 1752 805 &uillam

129 826 243 855 parum
259 815 375 846 laesum
385 815 500 854 pendet
516 815 579 846 loro
596 815 833 846 membranaceo.
860 833 896 837 —
922 815 1067 852 Bahman
1085 814 1159 855 Ray.
1176 816 1246 854 imp.
1269 816 1293 847 V
1294 817 1319 853 I,
1333 816 1425 846 9355.
1475 817 1526 855 (P.
1544 817 1649 857 deest.)

242 901 398 932 Rudolfus
421 901 482 931 Dei
510 902 619 942 gracia
641 901 857 932 Romanorum
891 912 947 932 rex
977 911 1103 942 semper
1127 904 1281 941 augustus
1311 902 1467 932 universis
1495 903 1757 945 archiepiscopis,

136 953 304 995 episcopis,
330 952 475 991 ducibus,
500 953 754 992 marchionibus,
783 953 953 983 comitibus
979 956 1009 983 et
1032 952 1193 983 nobilibus
1223 953 1307 984 circa
1331 953 1464 984 Frisiam
1489 955 1757 985 commorantibus

134 1004 256 1036 dilectis
280 1004 339 1035 sibi
363 1004 502 1045 graciam
527 1015 616 1035 suam
642 1008 674 1035 et
696 1015 788 1035 omne
812 1005 942 1035 bonum.

236 1055 285 1087 De
320 1055 394 1087 fidei
423 1056 577 1097 puritate,
612 1066 673 1087 non
702 1056 829 1087 modica
864 1055 1022 1086 industria
1053 1058 1085 1087 et
1119 1056 1306 1086 constancia
1342 1056 1524 1098 incorrupta
1557 1057 1673 1088 nobilis
1702 1058 1759 1088 viri

136 1107 268 1139 Renaldi
291 1107 416 1138 comitis
441 1106 550 1138 Geli-ie
575 1107 682 1138 dilecti
706 1108 803 1139 nostri
832 1107 937 1139 fidelis
962 1108 1117 1138 sincerius
1148 1111 1180 1138 et
1207 1108 1332 1149 plenius
1357 1108 1551 1139 confidentes
1576 1109 1636 1139 sibi
1660 1113 1759 1139 totam

136 1159 267 1190 Frisiam
299 1169 360 1200 que
395 1158 511 1190 dicitur
538 1159 714 1200 vulgariter
743 1159 979 1191 Oestvrieslant
1008 1162 1039 1190 et
1067 1169 1194 1190 omnem
1226 1160 1320 1190 aliam
1350 1159 1487 1190 Frisiam
1517 1159 1556 1190 ad
1585 1171 1642 1191 nos
1666 1164 1698 1191 et
1720 1160 1760 1191 ad

136 1211 300 1253 imperium
325 1213 538 1252 spectantem,
568 1215 705 1253 excepta
737 1211 906 1242 dumtaxat
935 1211 989 1242 illa
1018 1214 1108 1253 parte
1133 1210 1173 1242 ad
1199 1211 1338 1242 nobilem
1362 1212 1465 1242 virum
1490 1235 1522 1242 ..
1547 1212 1697 1243 comitem
1721 1212 1759 1243 de

136 1261 305 1294 Hellandia
321 1262 512 1303 pertinente,
530 1262 681 1293 duximus
699 1261 973 1293 committendam.
1009 1261 1133 1292 Dantes
1151 1262 1212 1293 sibi
1228 1263 1362 1293 liberam
1380 1266 1573 1304 potestatem
1590 1262 1759 1300 iudicandi,

141 1314 207 1344 iura
229 1316 261 1344 et
284 1313 426 1344 redditus
443 1317 569 1344 nostros
594 1317 626 1345 et
643 1314 769 1356 imperii
786 1313 957 1355 colligendi
982 1316 1014 1344 et
1038 1313 1076 1345 de
1094 1313 1225 1354 eisdem,
1251 1317 1342 1356 prout
1366 1315 1426 1345 sibi
1443 1315 1545 1345 visum
1570 1314 1664 1345 fuerit
1688 1325 1760 1345 esse

137 1365 224 1402 utile,
246 1365 337 1396 nobis
362 1368 393 1396 et
416 1365 550 1407 imperio
576 1365 775 1407 disponendi,
801 1366 881 1396 alios
906 1364 1028 1396 iudices
1053 1365 1225 1405 statuendi,
1249 1376 1347 1396 novos
1372 1366 1487 1396 milites
1511 1366 1663 1406 faciendi,
1688 1377 1760 1397 reos

138 1415 288 1458 puniendi
311 1419 343 1447 et
365 1416 449 1447 bona
472 1417 597 1458 imperii
620 1417 843 1459 recupera-ndi.
888 1417 982 1448 Unde
1011 1418 1175 1448 universos
1205 1420 1237 1448 et
1266 1418 1407 1458 singulos
1432 1428 1486 1448 vos
1518 1428 1667 1459 rogamus
1692 1418 1759 1459 ple-

139 1468 265 1499 nissimo
290 1478 361 1498 cum
386 1469 515 1507 affectu,
540 1469 688 1510 quatinus
714 1469 743 1500 ei
767 1469 808 1499 ad
832 1469 976 1511 predicta
1001 1470 1149 1499 universa
1173 1472 1205 1499 et
1221 1469 1346 1510 singula
1364 1469 1422 1499 sibi
1447 1480 1465 1500 a
1482 1469 1574 1500 nobis
1592 1470 1762 1500 commissa

145 1519 305 1560 cooperari
329 1522 360 1550 et
383 1520 536 1551 assistere
561 1520 736 1551 efficaciter
759 1524 790 1551 et
813 1520 960 1557 fideliter,
987 1520 1274 1561 quocienscumque
1299 1524 1330 1551 et
1347 1521 1611 1561 quandocumque
1636 1521 1761 1562 abipso

138 1570 277 1611 requisiti
306 1570 446 1609 fueritis,
475 1572 640 1610 statuatis,
675 1572 833 1603 ostensuri
862 1574 893 1603 et
922 1572 1095 1603 exhibituri
1124 1571 1215 1602 nobis
1239 1572 1269 1602 in
1301 1572 1359 1602 hoc
1384 1575 1488 1603 vestre
1514 1572 1705 1603 sinceritatis
1730 1575 1762 1603 et

139 1621 299 1653 fidelitatis
323 1622 438 1653 indicia
460 1623 613 1664 pleniora.

242 1674 360 1705 Datum
395 1675 560 1714 Erfordie,
598 1675 640 1707 ΙΙ.
660 1674 732 1706 Kal.
757 1675 908 1716 Augusti,
952 1675 1121 1706 indictione
1156 1675 1271 1709 tercia,
1306 1686 1387 1706 anno
1422 1675 1551 1705 Domini
1586 1674 1756 1705 millesimo

143 1724 359 1765 CCLXXXX,
384 1727 475 1768 regni
499 1737 574 1758 vero
598 1727 699 1758 nostri
724 1737 806 1758 anno
830 1726 940 1758 XVII.

281 1869 355 1902 437.
378 1871 657 1904 MANDATUM
678 1871 946 1904 HOMINIBUS
966 1871 1162 1903 FRJSJAE
1182 1871 1441 1903 DIRECTUM.
1486 1871 1548 1901 Iul.
1566 1873 1616 1901 31.

246 1930 341 1962 Dedit
364 1931 464 1962 Herrc
486 1942 523 1963 ear
545 1932 737 1973 mctoyrapho
761 1933 894 1963 eiusdem
925 1932 1085 1963 talmlccre'i.
1131 1932 1275 1971 Se'ffl'llum
1304 1932 1391 1962 valde
1418 1931 1535 1962 laesum
1559 1930 1671 1969 pem-let
1699 1931 1762 1961 loro

140 1982 370 2015 membranaceo.
409 1984 493 2023 Quae
510 1984 546 2015 (Ie
561 1984 656 2015 altero
672 1984 863 2023 (ιιιίοφ-(ιρῐιο
886 1984 958 2015 olim
982 1985 1098 2015 notam't
1121 1984 1155 2015 F
1155 1984 1243 2021 icloer,
1267 1995 1328 2014 uon
1351 1986 1434 2014 recta
1456 1986 1539 2014 sunt.
1576 1982 1636 2012 Est
1655 1983 1762 2022 potius

141 2043 188 2064 nr.
202 2036 271 2065 436.
296 2053 335 2058 -—
359 2035 501 2073 Bb‘lzmer,
526 2035 599 2076 Regs.
616 2037 689 2077 imp.
710 2036 762 2074 VI,
778 2036 871 2067 2356.
1474 2034 1525 2074 (P.
1551 2035 1657 2073 deest.)

246 2119 403 2152 Rudolfus
426 2121 488 2154 Dei
512 2123 617 2164 gracia
642 2122 861 2153 Romanorum
891 2133 949 2153 rex
981 2132 1106 2163 semper
1134 2125 1290 2163 augustus
1320 2121 1474 2152 universis
1499 2121 1681 2152 hominibus
1705 2130 1762 2161 per

145 2172 243 2202 totam
266 2171 401 2204 Frisiam
425 2184 487 2215 que
511 2175 688 2215 vulgariter
711 2175 826 2205 dicitur
843 2174 1059 2205 Ostvrieslant
1083 2177 1115 2204 et
1138 2184 1194 2215 per
1219 2184 1343 2204 omnem
1368 2173 1463 2203 aliam
1482 2173 1616 2203 Frisiam
1642 2172 1680 2203 ad
1705 2182 1761 2202 nos

144 2224 174 2252 et
196 2222 358 2264 imperium
384 2229 598 2267 spectantem,
629 2230 765 2268 excepta
795 2226 963 2256 dumtaxat
993 2226 1049 2256 illa
1077 2230 1168 2268 parte
1192 2225 1231 2256 ad
1262 2225 1402 2255 nobilem
1426 2225 1526 2255 virum
1552 2250 1557 2255 .
1583 2248 1589 2255 .
1615 2224 1760 2255 comitem

144 2272 181 2305 de
205 2274 377 2307 Hollandia
400 2278 592 2319 pertinente,
617 2278 742 2309 dilectis
767 2278 833 2308 suis
857 2277 1005 2308 fidelibus
1029 2277 1168 2318 graciam
1193 2287 1282 2307 suam
1308 2279 1339 2307 et
1364 2286 1455 2307 omne
1480 2276 1608 2307 bonum.

246 2327 397 2360 Fidelitas
430 2332 539 2360 vestra
575 2330 670 2368 sciat,
705 2329 788 2370 quod
817 2329 856 2360 ad
884 2328 1059 2369 regendum
1084 2339 1141 2359 vos
1174 2331 1205 2358 et
1240 2327 1443 2358 iudicandum
1471 2328 1553 2358 inter
1580 2337 1635 2357 vos
1663 2329 1695 2356 et
1722 2326 1760 2356 de

144 2377 245 2417 vobis,
269 2379 497 2420 disponendum
527 2380 566 2412 de
597 2381 712 2411 nostris
742 2381 866 2411 iuribus
898 2383 929 2410 et
957 2379 1133 2410 redditibus
1162 2382 1193 2409 et
1225 2378 1442 2420 recipiendum
1469 2379 1540 2409 illos
1565 2378 1705 2409 redditus
1730 2380 1761 2407 et

145 2430 387 2461 convertendum
405 2431 444 2462 ad
462 2432 632 2463 utilitatem
651 2435 792 2463 nostram
817 2435 848 2462 ct
864 2432 988 2473 imperii
1007 2434 1039 2462 et
1055 2430 1257 2461 statuendum
1275 2430 1393 2460 iudices
1418 2433 1449 2460 et
1472 2429 1665 2470 puniendum
1690 2438 1760 2458 reos

145 2480 240 2511 nobili
262 2482 327 2513 viro
354 2483 499 2516 Renaldo
528 2485 634 2515 comiti
655 2484 764 2515 Geli·ie
793 2484 908 2515 dilecto
932 2486 1039 2514 nostro
1069 2483 1152 2514 fideli
1182 2483 1330 2513 duximus
1359 2480 1629 2513 committendum.
1668 2479 1760 2509 Unde

145 2534 247 2564 vestre
265 2534 409 2565 fidelitati
426 2536 620 2577 precipimus
645 2539 677 2567 et
693 2536 891 2574 mandamus,
916 2536 1064 2576 quatinus
1089 2535 1117 2565 ei
1134 2534 1306 2565 intendatis
1332 2538 1363 2565 ct
1386 2533 1542 2565 obediatis
1567 2533 1597 2562 in
1613 2530 1759 2561 omnibus

146 2581 302 2615 humiliter
333 2588 363 2616 et
387 2585 515 2626 devote,
540 2590 670 2629 propter
692 2588 753 2618 hoc
777 2598 795 2618 a
822 2590 929 2618 nostra
953 2586 1143 2617 celsitudine
1168 2597 1225 2616 suo
1251 2590 1393 2626 tempore
1418 2595 1480 2614 non
1505 2583 1650 2614 inmerito
1675 2592 1758 2611 com*

145 2634 319 2667 mandandi.

247 2685 364 2719 Datum
387 2688 542 2729 Erfordie,
567 2689 610 2720 ΙΙ.
628 2689 699 2720 Kal.
724 2690 874 2730 Augusti,
899 2689 986 2730 regni
1014 2689 1111 2719 nostri
1134 2699 1217 2719 anno
1242 2687 1350 2719 XVII.

243 2772 305 2799 435.
324 2774 342 2807 ¹)
362 2776 460 2801 Ulrieus
479 2778 508 2801 de
527 2778 657 2802 Hanoweu
675 2776 699 2801 2.
780 2776 809 2804 ¹¹¹)
828 2776 939 2800 Bruberc
958 2774 981 2800 2.
1061 2775 1085 2805 ¹¹)
1104 2775 1271 2807 Clingenberc
1289 2774 1312 2798 2.
1391 2774 1414 2804 ⁰)
1435 2776 1517 2797 nostro
1536 2771 1561 2795 2.
1640 2769 1664 2799 1²>
1683 2776 1759 2792 nono-

146 2816 237 2850 gesimo
255 2816 278 2843 2.
364 2818 388 2851 ιι)
407 2821 477 2845 XVII
496 2819 519 2853 2.
