2259 3164
473 189 629 216 RUDOLFI
649 189 751 215 REGIS
771 188 1089 216 CONSTITUTIONES.
1128 190 1200 217 12⁵5.
1237 192 1283 217 Nr.
1297 192 1354 217 365.
1368 192 1425 218 366.
1438 193 1496 218 3⁶57.
1736 195 1797 225 349

169 277 386 320 apostolorum
410 276 499 307 Petri
523 279 555 307 et
577 276 681 314 Pauli,
705 286 762 317 pro
788 276 940 307 tribunali
965 276 1154 308 sedentibus
1179 288 1220 308 ex
1244 280 1333 319 parte
1358 279 1550 310 venerabilis
1569 279 1677 311 Sifridi
1702 280 1795 311 Colo-

169 329 290 360 niensis
314 327 556 369 archiepiscopi,
574 327 726 369 principis
743 327 844 357 nostri
862 327 1133 366 reverendissimi,
1158 329 1319 369 quesitum
1336 331 1443 361 extitit
1460 342 1564 362 coram
1581 332 1687 362 nobis:
1714 332 1797 373 quod

170 391 240 412 cum
269 380 338 422 ipse
370 379 449 418 diei,
481 389 576 420 quam
602 378 723 409 civibus
747 378 980 409 Nussiensibus
1010 379 1203 420 prefixerat,
1235 384 1366 421 propter
1395 382 1624 423 impedimenta
1653 384 1796 424 legitima

170 435 277 463 nostra
301 434 333 462 et
356 431 496 472 imperii,
522 430 637 471 quibus
662 430 702 460 ad
726 440 859 471 presens
883 430 1006 461 utiliter
1030 435 1219 472 occupatur,
1244 443 1306 462 non
1331 433 1438 464 valeat
1462 435 1673 475 personaliter
1696 436 1795 466 inter-

133 498 142 515 5
170 494 251 522 esse,
276 483 302 514 si
326 483 422 513 alium
447 482 643 513 substituere
668 482 775 512 valeat
798 482 868 512 loco
894 482 953 514 sui.
1041 482 1083 512 Et
1100 483 1158 513 fuit
1176 484 1404 514 sententiatum
1431 496 1448 515 a
1464 486 1673 527 principibus.
1700 487 1796 516 comi-

169 536 260 573 tibus,
285 534 458 569 nobilibus,
483 533 656 564 baronibus
682 536 715 564 et
738 534 808 564 aliis
832 534 948 564 nostris
974 537 1006 564 et
1030 534 1154 575 imperii
1177 535 1343 574 fidelibus,
1376 537 1428 577 qui
1463 540 1631 577 presentes
1655 537 1796 575 aderant,

170 586 252 628 quod
275 586 344 616 loco
369 586 417 616 sui
441 588 551 627 posset
575 585 673 615 alium
698 584 885 626 subrogare.
933 584 1037 620 Quam
1063 586 1257 616 sententiam
1288 590 1398 628 utpote
1429 588 1652 620 rationabilem
1682 600 1796 630 appro-

169 638 292 676 bantes,
317 648 388 668 eam
413 637 610 678 presentium
634 636 813 667 litterarum
837 637 1020 667 testimonio
1045 637 1279 668 confirmamus.

273 697 392 728 Datum
418 697 596 738 Maguntie,
621 697 672 727 die
696 697 852 738 predicto,
877 697 1050 728 indictione
1074 697 1169 735 XIII,
1194 709 1277 729 anno
1297 698 1424 729 Domini
1443 699 1657 731 MCCLXXX
1677 701 1796 742 quinto,

119 761 141 780 ιο
167 750 256 791 regni
280 760 355 780 vero
379 749 480 780 nostri
504 759 587 780 anno
612 748 683 779 XII.

244 920 319 953 366.
343 922 605 953 SENTENTIA
628 921 696 952 DE
720 921 909 952 CH'IBIYS
932 921 1276 953 NUSSIENSIBUS
1298 921 1569 953 PI‘NJENDJS.
1615 921 1675 952 [az.
1695 924 1722 952 7.

272 990 498 1031 Auffeyraphon
536 989 688 1020 {amalarii
723 989 801 1029 regyie'
834 989 1126 1028 thsseldoffliensls
1165 990 1265 1020 denuo
1310 989 1505 1020 contulimus.
1557 989 1700 1028 Sz'qillnm
1734 990 1798 1027 fere

167 1042 307 1073 illacswn
325 1042 439 1083 pendet
462 1042 524 1073 Zoro
547 1042 783 1073 membranaceo.
809 1060 849 1063 -—
872 1041 1017 1079 Bolemer,
1042 1041 1115 1081 Rey.
1134 1042 1208 1080 hup.
1229 1041 1282 1078 VI,
1302 1042 1389 1072 1921.
1507 1041 1558 1080 (P.
1584 1041 1690 1081 deest.)

271 1145 337 1176 Nos
361 1145 518 1177 Rudolfus
536 1145 599 1177 Dei
625 1146 727 1187 gratia
744 1145 960 1176 Romanorum
986 1156 1043 1176 rex
1068 1156 1197 1187 semper
1221 1148 1376 1186 augustus
1401 1148 1511 1175 tenore
1538 1145 1734 1185 presentium
1759 1144 1798 1175 ad

119 1206 141 1225 15
168 1198 387 1229 universorum
412 1202 476 1229 tam
501 1199 698 1240 presentium
724 1208 818 1238 quam
842 1198 1020 1228 futurorum
1046 1198 1196 1228 noticiam
1220 1198 1365 1227 volumus
1390 1197 1573 1238 pervenire,
1599 1195 1683 1236 quod
1707 1196 1799 1227 nobis

167 1261 222 1291 pro
245 1250 397 1282 tribunali
422 1249 607 1281 sedentibus
632 1260 730 1291 prope
745 1249 949 1280 VVetflariam
974 1250 1005 1280 in
1030 1250 1144 1281 castris
1169 1249 1209 1280 ad
1234 1250 1417 1280 instantiam
1436 1247 1628 1279 venerabilis
1654 1248 1686 1278 S.
1704 1247 1796 1278 Colo-

167 1302 285 1333 niensis
304 1302 537 1343 archiepiscopi
555 1302 710 1343 principis
728 1302 827 1332 nostri
843 1302 1005 1332 karissimi
1023 1302 1180 1342 quesitum
1206 1302 1266 1332 fuit
1290 1311 1346 1342 per
1364 1300 1562 1330 sentenciam
1587 1300 1617 1329 in
1636 1300 1799 1340 presentia

168 1354 341 1395 principum
367 1357 399 1384 et
422 1354 556 1384 aliorum
581 1356 761 1383 nostrorum
787 1352 943 1383 fidelium:
970 1363 1032 1393 qua
1055 1363 1138 1394 pena
1155 1352 1283 1394 opidani
1308 1352 1347 1383 de
1365 1352 1467 1382 Nuzia
1491 1351 1652 1393 plectendi
1681 1351 1798 1381 existe-

167 1409 250 1438 rent.
282 1405 334 1446 qui
358 1406 461 1447 ipsum
493 1405 663 1436 admittere
693 1409 724 1435 et
748 1405 961 1435 intromittere
991 1405 1107 1435 clausis
1132 1405 1231 1445 portis
1265 1408 1296 1434 et
1325 1404 1429 1434 ianuis
1459 1407 1670 1438 rennuerunt,
1694 1413 1733 1433 ne
1758 1402 1797 1433 de

119 1463 142 1482 20
170 1458 233 1488 viro
256 1457 318 1493 illo,
344 1457 395 1498 qui
421 1468 455 1487 se
480 1457 704 1498 imperatorem
729 1456 822 1486 finxit
847 1456 921 1486 dum
947 1457 1069 1486 viveret
1094 1459 1126 1486 et
1150 1456 1203 1496 qui
1228 1455 1267 1486 de
1293 1455 1432 1486 falsitate
1451 1454 1615 1484 convictus
1640 1457 1671 1484 et
1692 1453 1797 1484 heresi

169 1509 241 1549 igne
264 1509 381 1539 meruit
404 1508 610 1546 concremari,
636 1507 782 1538 iuditium
802 1510 833 1538 et
852 1507 1010 1537 iusticiam
1029 1510 1224 1537 excerceret.
1313 1506 1355 1537 Et
1372 1506 1605 1537 sentenciatum
1630 1505 1689 1535 fuit
1713 1516 1797 1535 com-

169 1560 304 1591 muniter
329 1564 360 1591 et
384 1560 563 1595 obtentum,
589 1559 803 1591 annuentibus
829 1559 976 1589 omnibus
1004 1559 1210 1600 principibuS,
1237 1558 1417 1595 comitibus,
1442 1557 1603 1587 nobilibus
1629 1561 1659 1586 et
1682 1557 1798 1587 nostris

168 1611 313 1642 fidelibus
338 1612 494 1642 universis
519 1611 571 1652 qui
596 1611 686 1642 fuere
711 1615 896 1652 presentes,
934 1611 1018 1651 quod
1043 1611 1103 1651 ipsi
1128 1610 1257 1651 opidani
1283 1610 1417 1640 eandem
1441 1619 1557 1650 penam
1590 1612 1621 1639 et
1645 1608 1797 1639 delictum

170 1663 330 1693 consimile
356 1663 555 1700 incidissent,
581 1663 665 1703 quod
690 1663 742 1693 ille
767 1663 878 1693 incidit
902 1672 995 1703 quern
1020 1662 1189 1699 fovebant,
1219 1664 1251 1691 et
1275 1661 1356 1702 quod
1381 1662 1412 1691 in
1438 1661 1504 1691 suis
1529 1660 1666 1696 iuribus,
1699 1660 1797 1690 liber-

120 1719 143 1738 25
170 1714 285 1745 tatibus
317 1717 349 1745 et
378 1715 489 1755 gratiis
520 1714 681 1756 privandis
706 1715 756 1744 vel
787 1715 882 1745 etiam
915 1714 1142 1744 conservandis
1174 1714 1213 1744 ab
1245 1714 1314 1754 ipso
1340 1713 1525 1743 Coloniensi
1556 1712 1797 1752 archiepiscopo

169 1766 268 1806 gratie
295 1766 393 1807 ipsius
418 1766 652 1807 archiepiscopi
676 1776 710 1796 se
729 1766 915 1797 submittere
934 1769 1113 1801 teneantur,
1139 1776 1232 1806 quarn
1251 1765 1386 1805 gratiam
1412 1775 1453 1795 ex
1469 1763 1669 1805 plenitudine
1693 1766 1798 1792 nostre

170 1818 336 1858 potestatis
364 1818 452 1858 regie
478 1817 538 1848 sibi
571 1817 791 1858 concedimus,
823 1817 1000 1858 predictam
1026 1817 1217 1848 sententiam
1244 1817 1388 1847 benivole
1414 1816 1638 1846 confirmantes
1661 1824 1793 1855 presen-

170 1869 246 1899 tium
270 1869 448 1900 testimonio
472 1870 661 1901 litterarum.

274 1929 394 1961 Datum
410 1930 441 1960 in
459 1930 572 1960 castris
587 1933 661 1960 ante
676 1929 890 1967 VVetflariam,
908 1928 991 1960 Non.
1005 1928 1089 1967 Iulii,
1109 1928 1172 1959 ind.
1187 1928 1279 1966 XIII,
1298 1939 1381 1958 anno
1396 1927 1523 1958 Domini
1538 1924 1798 1964 MCCLXXXV,

121 1992 145 2011 30
171 1980 259 2021 regni
280 1991 355 2012 vero
379 1981 480 2013 nostri
504 1991 588 2012 anno
611 1981 688 2013 XII.

405 2340 504 2391 367.
544 2337 929 2391 RECEPTIO
964 2335 1430 2389 FAMILIARIS
1479 2334 1554 2387 [N

258 2414 860 2469 PROTECTIONEM
898 2413 1217 2468 IMPERII
1256 2412 1624 2466 SPECIALE
1635 2412 1708 2464 M.

836 2517 943 2553 1285.
985 2517 1050 2552 Iul.
1076 2516 1131 2552 12.

275 2625 497 2665 Aulonraphmz
512 2626 607 2657 leuius
630 2627 773 2657 wrwdm‘i
789 2627 947 2665 hucusque
965 2626 1123 2662 ineditum,
1147 2625 1229 2663 qnod
1243 2626 1422 2654 assermsm·
1441 2621 1578 2653 Taurini
1595 2622 1626 2650 in
1643 2620 1795 2650 {ahalai-i«)

124 2682 146 2700 ³³
173 2675 251 2713 ''0920
274 2675 422 2715 ‘Diplomi
436 2678 593 2716 ‘imperiala'
616 2678 727 2709 Illaazo
750 2680 771 2708 2
792 2678 907 2709 721220*
931 2678 1102 2716 Simmiam„
1126 2687 1155 2706 a.
1174 2677 1265 2707 1003.
1290 2675 1517 2712 ‹lese›·1'psimas.
1566 2673 1721 2712 Seriphum
1753 2673 1796 2700 es!

172 2725 206 2754 m
227 2727 410 2758 cancellaria
433 2729 521 2768 renis,
555 2730 698 2769 Sisylllwn
721 2730 785 2760 «iam
808 2730 897 2765 deest,
921 2728 1003 2767 qaod
1018 2728 1089 2758 alim
1103 2728 1255 2766 pomiflua
1279 2727 1341 2756 loro
1359 2727 1594 2756 ›mulla-mmmv.
1634 2724 1681 2760 ‘'s-
1698 2733 1793 2760 supra

173 2776 214 2806 ad
235 2787 280 2809 ην,
297 2780 473 2811 310-329.
497 2799 536 2802 ω
560 2781 704 2819 Βό]1))ιω·,
728 2782 801 2820 Βιῃ.
820 2782 891 2819 inm.
912 2781 964 2813 VI.
983 2782 1073 2811 1025).
1507 2776 1559 2815 (Ι).
1584 2775 1689 2814 dress.)
