2259 3164
512 136 643 163 ADOLFI
664 136 766 163 REGIS
786 136 1110 165 CONSTITUTIONES.
1149 140 1221 166 1296.
1259 140 1305 166 ΝΥ.
1319 140 1376 167 560.
1396 141 1452 167 561.
1741 146 1769 173 5*

1763 145 1779 173 h)

1784 145 1801 173 =2

539 223 581 254 A.
1386 227 1426 257 B.

163 274 248 309 Otto,
291 273 518 309 Theodericus,
557 273 736 312 Heinrich
776 273 953 304 Tlieoderi-
1007 275 1177 306 Heinricus
1202 276 1370 308 Misnensis
1400 281 1431 308 et
1456 278 1627 309 Orientalis
1659 279 1800 310 marchio

161 336 215 357 cus
245 328 277 356 et
305 325 488 356 Fridericus
512 324 688 355 Misnenses
717 330 749 355 et
773 324 953 355 Orientales

161 376 359 408 marchiones

131 449 142 468 ⁵
161 437 214 478 qui
231 447 286 467 eas
310 439 343 467 et
359 446 396 467 ea
420 436 460 467 ab
479 436 613 477 imperio
638 435 810 466 feodaliter
826 435 1038 471 obtinebantf,
1064 437 1168 468 cidem
1185 440 1378 470 monasterio
1397 439 1555 470 Oellensig
1580 439 1800 470 tradiderunth

162 493 194 519 et
218 487 438 525 donaverunt&
463 497 534 517 cum
558 486 703 517 omnibus
726 487 932 527 pertinenciis
957 487 1143 527 eorundem,
1168 495 1261 529 prout
1285 490 1314 520 in
1339 490 1513 530 privilegiis

538 551 578 582 A.
1387 554 1426 584 B.

160 603 356 646 prefatorum
380 603 607 643 imperatorum
638 606 669 633 et
699 613 810 643 regum
833 602 952 633 Roma·
1008 603 1124 643 prefati
1147 603 1302 635 Friderici
1329 605 1529 644 imperatoris

160 665 273 686 norum

119 723 143 742 10
160 725 256 756 super
283 714 343 745 hiis
371 714 524 745 confectis
548 713 672 755 plenius
697 716 745 744 est
769 724 967 755 expressum,
991 725 1049 744 nos
1073 714 1196 744 devotis
1220 715 1440 755 religiosorum
1457 716 1594 746 virorum
1619 742 1649 747 ..
1674 717 1799 748 abbatis

160 771 192 798 et
215 791 246 798 ..
272 770 445 797 conventus
468 766 652 797 monasterii
684 765 838 796 antedicti
867 765 1157 806 supplicacionibus
1188 766 1406 797 favorabiliter
1433 767 1586 803 inclinati,
1620 768 1799 809 predictum

159 819 385 850 monasterium
411 828 482 848 cum
507 817 650 858 personis
667 817 814 848 omnibus
837 816 975 848 Domino
994 817 1221 848 famulantibus
1246 818 1276 847 in
1294 817 1418 853 eodem,
1443 828 1514 848 cum
1539 819 1683 849 omnibus
1700 820 1798 854 bonis,

160 880 221 911 que
256 870 526 910 inpresenciarum
551 869 633 899 iuste
658 868 822 909 possident
846 874 878 899 et
902 872 1066 909 prestante
1090 869 1228 899 Domino
1254 870 1284 899 in
1308 869 1447 900 futurum
1471 871 1559 900 iustis
1582 871 1684 901 modis
1708 875 1799 912 pote-

160 927 231 953 runt
247 921 389 962 adipisci.
415 922 445 951 in
469 925 609 951 nostram
635 926 666 951 et
683 921 764 951 sacri
788 921 914 961 imperii
931 921 1163 961 protectionem
1188 922 1358 961 recipimus
1375 921 1547 962 specialem
1572 932 1608 952 ac
1624 923 1799 963 prescripta

119 984 141 1003 ιε
160 974 325 1015 privilegia
536 1016 567 1046 A
1386 1015 1417 1045 B

159 1067 375 1109 predictorum
399 1067 627 1108 imperatorum
651 1071 683 1097 et
706 1076 817 1107 regum
834 1066 954 1097 Roma·
1008 1066 1167 1107 quondam
1192 1066 1347 1097 Friderici
1371 1067 1571 1107 imperatoris

159 1129 270 1150 norum

161 1182 192 1210 et
215 1180 320 1210 omnia
336 1182 484 1210 contenta
510 1180 540 1209 in
561 1180 607 1209 eis
623 1189 746 1210 necnon
763 1180 992 1214 eoncessiones,
1018 1178 1219 1217 donaciones,
1244 1179 1310 1208 iura
1336 1184 1368 1209 et
1391 1178 1556 1209 libertates
1573 1189 1590 1209 a
1609 1178 1799 1219 quibuscun-

118 1241 142 1260 20
160 1241 221 1273 que
244 1231 313 1262 aliis
336 1231 381 1262 eis
398 1230 499 1262 factas
516 1234 548 1261 et
564 1230 764 1269 concessask‚
788 1234 883 1271 prout
898 1231 958 1261 rite
976 1234 1008 1260 et
1025 1230 1157 1271 provide
1174 1230 1259 1260 facta
1284 1234 1315 1260 et
1340 1240 1489 1261 concessa
1506 1234 1587 1269 sunt,
1612 1231 1799 1260 auctoritate

160 1283 247 1324 regia
271 1284 466 1319 innovamus,
491 1282 685 1312 ratificamus
709 1285 742 1312 et
766 1281 968 1323 presentibus
992 1281 1225 1312 confirmamus.
1316 1281 1362 1322 (3)
1387 1281 1434 1311 Eo
1459 1286 1566 1312 tamen
1582 1281 1799 1312 moderamine

159 1335 319 1372 adhibito,
349 1334 434 1375 quod
464 1334 570 1375 quoad
592 1333 677 1364 bona
699 1334 954 1364 ministerialium
984 1337 1016 1363 et
1039 1333 1274 1364 infeodatorum
1298 1334 1423 1374 imperii
1450 1333 1513 1363 iam
1537 1333 1689 1373 acquisita
1715 1332 1798 1362 dicto

159 1387 351 1417 monasterio
381 1385 563 1416 huiusmodi
595 1388 701 1416 nostra
734 1385 936 1415 confirmacio
965 1384 1184 1415 tantummodo
1215 1395 1248 1415 se
1279 1384 1433 1415 extendat
1459 1392 1491 1415 et
1519 1384 1604 1425 quod
1628 1384 1667 1414 de
1691 1385 1798 1424 gracia

159 1441 265 1468 nostra
289 1437 392 1468 adhuc
416 1441 543 1468 centum
567 1448 745 1468 marcarum
769 1436 913 1467 redditus
937 1437 967 1466 in
991 1436 1081 1467 bonis
1105 1436 1285 1467 huiusmodi
1302 1436 1387 1467 licite
1411 1436 1538 1467 valeant
1554 1435 1696 1476 adipisci.
1721 1446 1798 1476 quos

118 1499 141 1519 2⁵
161 1493 266 1520 tamen
297 1489 462 1520 reemendi
491 1488 663 1519 secundum
696 1488 823 1519 solitum
853 1498 978 1518 cursum
1007 1491 1091 1518 terre
1121 1498 1177 1518 nos
1207 1492 1239 1518 et
1262 1497 1461 1518 successores
1489 1488 1587 1517 nostri
1610 1488 1640 1517 in
1664 1488 1797 1528 imperio

159 1540 345 1572 facultatem
368 1540 460 1571 nobis
483 1541 618 1571 liberam
643 1551 852 1571 reservamus.
946 1540 992 1580 (4)
1017 1539 1173 1570 Preterea
1197 1543 1232 1570 ut
1255 1539 1456 1570 affluenciam
1479 1544 1585 1569 nostre
1610 1539 1715 1579 gracie
1740 1539 1798 1569 sibi

159 1593 288 1624 uberius
312 1593 455 1623 senciant
470 1592 609 1632 affuisse,
632 1592 779 1622 volumus
796 1592 984 1622 auctoritate
1010 1591 1210 1632 presencium
1227 1594 1413 1630 statuentes,
1437 1594 1471 1621 ut
1494 1591 1599 1631 quoad
1615 1591 1798 1629 vixerimus,

160 1644 262 1675 nullus
294 1644 505 1675 officiatorum
538 1654 594 1674 seu
624 1643 764 1674 iudicum
787 1648 967 1674 nostrorum
996 1643 1118 1683 aliquas
1142 1646 1257 1679 sturas‚
1290 1649 1435 1673 vecturas
1459 1653 1516 1673 seu
1541 1642 1724 1672 exactiones
1749 1642 1798 1672 vel

160 1695 220 1726 alia
250 1697 434 1737 gravamina
464 1695 650 1736 imponendi
682 1696 781 1736 ipsius
812 1695 997 1726 monasterii
1030 1695 1119 1725 bonis
1143 1694 1282 1735 aliquam
1312 1693 1432 1724 habeat
1455 1693 1655 1729 facultatem,
1691 1698 1797 1723 nostra

119 1760 144 1779 30
161 1750 267 1778 tamen
290 1748 322 1778 in
345 1748 404 1778 hoc
430 1747 515 1778 salva
546 1748 577 1777 in
602 1747 748 1778 omnibus
772 1750 941 1788 potestate.
1031 1746 1118 1776 Nulli
1147 1756 1222 1786 ergo
1252 1746 1414 1776 hominum
1443 1745 1553 1783 liceat,
1582 1745 1663 1775 hanc
1691 1751 1796 1775 nostre

161 1800 380 1839 concessionis
405 1800 668 1835 confirmacionis,
692 1799 914 1829 ratificacionis
937 1798 1087 1838 paginam
1104 1798 1276 1838 infringere
1294 1797 1343 1827 vel
1363 1797 1392 1827 ei
1409 1807 1487 1827 ausu
1504 1797 1610 1837 aliquo
1630 1797 1795 1826 contraire,

161 1851 253 1886 Quod
287 1852 340 1892 qui
371 1855 564 1892 attemptare
597 1852 842 1892 presumpserit,
874 1861 1004 1891 gravem
1031 1854 1136 1880 nostre
1161 1849 1392 1890 indignacionis
1420 1849 1573 1879 offensam
1607 1859 1639 1878 se
1674 1849 1797 1878 noverit

160 1903 364 1933 incursurum.
474 1903 511 1933 In
555 1904 643 1933 cuius
687 1903 733 1933 rei
779 1902 995 1933 testimonium
1042 1912 1173 1942 presens
1217 1902 1367 1941 scriptum
1413 1900 1529 1931 exinde
1570 1900 1727 1930 conscribi
1766 1904 1797 1930 et

160 1954 333 1985 maiestatis
356 1958 463 1985 nostre
488 1954 591 1995 sigillo
617 1954 749 1985 fecimus
773 1954 970 1984 communiri.

119 2015 142 2034 35
265 2005 338 2036 Dat.
361 2007 392 2036 in
408 2006 618 2047 Aldemburg,
642 2006 766 2036 XVIII.
785 2005 856 2036 Kal.
881 2005 967 2045 Maii,
992 2004 1099 2035 indict.
1123 2015 1215 2036 nona,
1240 2015 1320 2034 anno
1339 2004 1467 2034 Domini
1491 2004 1658 2034 millesimo
1678 2003 1796 2033 (lucen-

161 2058 271 2089 tesimo
294 2058 501 2098 nonagesimo
526 2062 628 2092 sexto,
654 2059 743 2098 regni
768 2068 842 2088 vero
867 2057 965 2087 nostri
990 2067 1071 2087 anno
1096 2063 1218 2096 qimi-to.

217 2250 458 2301 561—564.
502 2247 1060 2301 CONFIRMATIO
1095 2245 1740 2300 SENTENTIARUM

491 2320 533 2372 C
542 2320 644 2373 ΟΝ
654 2321 740 2373 SE
749 2321 952 2373 RVAT
961 2319 1116 2373 ORU
1128 2320 1188 2372 M
1230 2318 1399 2371 PACI
1410 2318 1456 2371 S.

733 2406 838 2440 1Q96.
877 2406 955 2440 Iun.
982 2405 1172 2440 14.—1ul.
1195 2404 1227 2439 02.

119 2504 143 2522 ιο
181 2493 255 2526 561.
290 2495 555 2527 SENTENTIA
583 2496 913 2545 CONSlERVATOR
921 2496 993 2528 muz
1012 2496 1071 2526 ΡΑ
1079 2496 1147 2526 czs
1171 2494 1264 2525 PER
1290 2494 1600 2526 fflz‘fflxcfflu
1618 2492 1769 2523 PRIOR.

904 2548 976 2578 Iun.
996 2549 1043 2577 14.
1179 2584 1181 2586 q

263 2601 336 2633 Duo
360 2604 555 2643 autoyraplza
578 2605 642 2641 fere
665 2604 788 2633 omniuo
814 2604 892 2633 inter
914 2614 945 2633 se
968 2603 1187 2633 concordmzlia
1212 2601 1362 2631 tabularii
1382 2600 1533 2640 marrolis
1552 2599 1792 2639 Gzcelliuhgsz‘uni

160 2651 359 2684 benivolenter
385 2654 515 2685 contulit
543 2655 590 2685 'vir
619 2654 653 2685 cl.
684 2654 719 2685 P.
745 2655 975 2685 Zimmermanu
1007 2654 1100 2684 eidem
1131 2653 1286 2683 tabulario
1308 2652 1497 2691 J»·‹ccf}·cz‘zts.
1554 2651 1789 2681 Transmmtam

156 2703 280 2740 praebet
302 2705 486 2735 ”candalum
512 2706 591 2744 reqe's
617 2706 700 2742 infra
725 2716 772 2735 nr.
791 2706 860 2735 5154.
1521 2702 1573 2740 (P.
1598 2703 1684 2739 461¹.)

119 2786 143 2805 45
263 2780 329 2806 560.
348 2781 370 2811 s)
389 2783 517 2807 obtinebat
537 2782 568 2806 Β.
658 2787 681 2808 ἕ)
702 2783 837 2806 k'cllcnsi
857 2782 923 2805 deest
940 2781 970 2804 l).
1064 2779 1086 2809 lt!
1106 2781 1233 2804 tradidit
1256 2781 1283 2803 ln
1377 2779 1380 2795 5
1413 2787 1439 2803 et
1459 2780 1651 2803 donaverunt
1675 2779 1740 2802 almis!
1761 2779 1782 2801 lt

163 2819 186 2852 k)
205 2823 238 2846 sic
257 2823 280 2847 A
300 2828 321 2848 et
340 2825 370 2848 B.
