2259 3116
435 131 495 159 420
741 126 897 153 RUDOLFI
916 126 1019 153 REGIS
1039 126 1359 153 CONSTITUTIONES.
1397 126 1468 153 1290.
1506 126 1623 153 Nr.431.
1636 127 1695 154 432.
1707 127 1765 154 433.

544 272 620 305 431,
645 273 921 305 MANDATUM
944 273 1175 305 PROTECTI
1178 273 1239 304 ΟΝ
1241 273 1259 304 I
1259 273 1283 304 S
1304 273 1327 303 Ι
1330 272 1417 304 URA
1424 273 1461 303 N
1460 272 1509 303 TI
1514 272 1582 303 HM
1603 271 1771 304 PACEM.
1816 274 1890 306 Iun.
1908 274 1957 306 12.

547 334 729 373 chelz'wms
751 334 927 371 editionem,
951 345 1046 373 (lucem
1069 346 1083 365 e
1106 334 1226 365 duobus
1249 334 1398 372 copim-iis
1421 332 1574 363 tabularii
1600 333 1811 365 Goslariensis
1828 335 1958 373 paravit
1984 334 2071 366 Bode

438 386 704 417 ¹Urhnndenlmeh
733 386 787 416 der
809 385 901 417 Stadt
931 386 1054 417 Goslar'
1078 387 1125 423 Il,
1141 387 1204 416 393
1231 397 1278 416 m:
1296 386 1367 416 391.
1418 384 1464 423 (ff.
1488 395 1587 423 supra
1610 396 1658 417 ur.
1675 386 1745 416 425.
1768 387 1841 417 426.
1865 405 1906 408 —
1928 386 2073 424 Bo'lmner,

437 437 510 476 Ray.
527 438 601 476 stup.
622 437 781 475 11:2324.
1782 437 1836 477 (P.
1860 438 1967 476 deest.)

542 532 735 574 Rudolphus
763 532 826 563 Dei
855 533 964 574 gracia
992 532 1209 564 Romanorum
1238 542 1295 563 rex
1331 542 1459 573 semper
1489 534 1646 573 augustus
1675 531 1834 563 universis
1863 532 2071 574 principibus,

438 584 621 623 comitibus,
646 584 817 623 nobilibus,
843 584 1030 623 baronibus,
1055 575 1328 623 ministerialibus,
1353 583 1538 614 civitatibus
1554 583 1613 614 sub
1630 594 1709 625 pace
1726 584 1871 625 generali
1889 584 2071 616 constitutis

437 636 579 677 graciam
604 647 693 667 suam
718 640 750 667 et
773 647 866 668 omne
890 636 1017 667 bonum.

544 687 612 719 Vos
638 689 808 719 universos
840 691 872 719 et
901 688 1044 730 singulos
1074 690 1186 719 tenore
1221 687 1425 729 presencium
1456 686 1604 718 volumus
1639 697 1701 718 non
1735 687 1851 726 latere,
1887 687 1973 729 quod
1995 698 2071 730 pru-

437 739 553 771 dentes
578 740 636 770 viri
660 740 746 771 cives
771 739 997 771 Goslarienses
1022 739 1135 771 fideles
1160 740 1261 770 nostri
1286 739 1394 770 dilecti
1422 749 1529 770 coram
1559 742 1668 770 nostre
1698 739 1875 770 maiestatis
1904 740 2072 781 presencia

438 791 644 822 iurisiurandi
674 795 912 823 sacramentum
941 792 1154 834 prestiterunt
1182 801 1278 833 super
1301 791 1390 833 pacis
1415 790 1626 822 observancia
1650 791 1820 832 generalis,
1846 791 1949 833 parati
1972 790 2011 822 de
2036 802 2070 822 se

437 842 679 883 querelantibus
703 843 948 885 quibuscunque
974 843 1098 874 iusticie
1123 843 1259 874 reddere
1284 843 1567 884 complementum,
1592 842 1737 874 volentes
1762 843 1876 880 eciam,
1901 842 1985 884 quod
2009 843 2072 874 eis-

437 894 509 925 dem
538 894 577 926 de
607 895 668 926 sibi
698 895 924 926 iniuriantibus
953 895 1008 926 fiat
1036 895 1163 925 iusticia
1191 895 1259 936 pari
1284 894 1395 926 forma.
1442 893 1549 929 Quare
1573 897 1714 925 vestram
1738 893 1928 925 fidelitatem
1952 894 2072 925 fervido

440 957 572 988 precum
597 946 702 977 studio
729 947 922 988 requirimus
947 950 979 978 et
1002 956 1163 988 rogamus,
1188 947 1340 988 quatinus
1364 957 1420 977 vos
1448 946 1591 977 universi
1619 949 1651 977 et
1679 945 1796 987 singuli
1820 946 1923 977 dictos
1952 949 2073 976 nostros

442 998 527 1028 cives
553 1001 585 1028 et
609 998 734 1039 imperii
758 998 797 1029 de
822 998 970 1029 Goslaria
994 998 1025 1028 in
1050 998 1195 1029 omnibus
1220 998 1285 1028 suis
1311 998 1404 1029 factis
1428 1001 1460 1028 et
1484 998 1627 1039 negociis
1651 997 1828 1039 dirigentes
1853 997 1982 1028 eosdem
2006 1000 2072 1028 stu-

437 1049 540 1081 deatis
565 1050 741 1081 efficaciter
765 1060 968 1092 promovere,
994 1051 1025 1080 in
1049 1050 1110 1080 hoc
1134 1053 1244 1081 nostre
1270 1049 1452 1081 celsitudini
1477 1049 1660 1091 graciosum
1684 1049 1874 1091 obsequium
1898 1050 2071 1091 inpensuri.

548 1101 666 1132 Datum
692 1101 851 1140 Erfordie,
875 1102 919 1132 II.
937 1102 1012 1132 Idus
1037 1102 1131 1138 Iunii,
1157 1101 1334 1132 indictione
1358 1101 1419 1140 III,
1443 1112 1526 1133 anno
1550 1100 1680 1132 Domini
1697 1100 1956 1139 MCCLXXXX,
1982 1101 2071 1143 regni

438 1164 515 1184 vero
541 1154 641 1184 nostri
666 1164 748 1185 anno
773 1154 909 1195 septimo
933 1153 1069 1186 decimo.

859 1298 936 1331 432.
960 1299 1237 1331 MANDATUM
1260 1299 1500 1331 ALTERUM.
1545 1299 1607 1331 Iul.
1625 1301 1654 1332 6.

552 1360 647 1391 Dedit
671 1360 742 1390 ‘item
758 1359 847 1390 Rode
870 1359 888 1391 Z.
907 1370 929 1390 c.
947 1370 983 1399 p.
999 1361 1062 1389 399
1084 1371 1132 1391 mn
1150 1361 1212 1390 399
1236 1371 1273 1390 er
1289 1360 1480 1399 autoyrapho
1497 1360 1632 1391 eiusdem
1649 1360 1800 1391 tabulario?
1817 1360 1976 1400 ‘Domstift
1993 1361 2072 1394 108⁹.

440 1411 584 1451 Sigyillum
612 1412 700 1442 dorso
724 1412 908 1450 ‹improssmn
932 1414 1005 1442 erat.
1057 1412 1135 1442 Cam
1167 1415 1270 1442 (vectem
1294 1412 1327 1442 ίφι
1351 1412 1546 1443 membranae
1566 1414 1661 1451 parte
1679 1413 1846 1451 posteriori
1872 1412 1938 1443 alia
1960 1424 2072 1444 manus

442 1466 611 1502 appareas,
635 1463 669 1493 al
691 1463 773 1502 quod
795 1463 972 1502 antiquitus
995 1464 1147 1502 sori'ptma
1169 1466 1235 1494 erut
1258 1463 1388 1494 deletum
1411 1464 1464 1500 sit,
1488 1464 1578 1494 verba
1601 1466 1703 1495 textus
1726 1464 1763 1494 ab
1786 1475 1847 1495 usu
1871 1464 2072 1495 cancellariae

441 1516 625 1554 discrepent,
657 1515 744 1545 illam
769 1518 891 1554 partem
918 1515 1265 1557 Precipue—speciali
1285 1516 1455 1554 maumam
1478 1526 1540 1547 esse
1566 1516 1619 1547 vix
1650 1516 1842 1546 crediderim.
1867 1535 1907 1538 —
1928 1516 2071 1554 Bo‘lzmer,

440 1567 512 1607 qu.
530 1568 603 1606 imp.
626 1566 677 1604 VI,
691 1568 784 1597 2341.
1786 1567 1838 1608 (Ρ.
1861 1568 1967 1608 deest.)

550 1636 706 1667 Rudolfus
724 1636 787 1667 Dei
812 1636 915 1677 gratia
932 1636 1150 1667 Romanorum
1175 1647 1233 1667 rex
1257 1647 1386 1678 semper
1409 1639 1563 1678 augustus
1579 1637 1694 1667 illustri
1712 1636 1749 1668 O.
1767 1637 1874 1668 comiti
1896 1637 1934 1668 de
1951 1636 2072 1668 Anhalt

442 1688 609 1729 capitaneo
636 1691 899 1719 conservatorum
924 1688 1012 1729 pacis
1036 1698 1094 1730 per
1119 1688 1306 1728 Saxoniam,
1337 1689 1471 1730 principi
1501 1699 1558 1720 suo
1590 1688 1721 1729 dilecto,
1758 1689 1893 1730 gratiam
1923 1699 2012 1719 suam
2040 1691 2071 1720 et

442 1750 534 1770 omne
560 1740 688 1771 bonum.

553 1791 776 1822 Sinceritatem
803 1794 889 1821 tuam
915 1792 1091 1822 affectuose
1117 1802 1279 1833 rogamus,
1305 1793 1455 1833 quatinus
1480 1792 1651 1823 ecclesiam
1676 1792 1918 1824 Goslariensem
1942 1792 2069 1823 studeas

442 1843 471 1873 in
503 1844 650 1873 omnibus
674 1854 873 1885 promovere,
898 1854 961 1874 non
986 1844 1171 1885 permittens
1196 1845 1297 1885 ipsam
1323 1845 1353 1874 in
1378 1845 1467 1875 bonis
1491 1845 1557 1875 suis
1582 1855 1639 1886 per
1663 1844 1835 1876 advocatos
1859 1853 2070 1886 quoscumque

441 1894 583 1925 indebite
629 1895 809 1936 aggravari.
870 1894 1029 1936 Preeipue
1080 1895 1205 1926 nobiles
1249 1895 1289 1927 de
1337 1896 1662 1928 Hademmersleiben
1706 1896 1746 1927 ab
1793 1907 1902 1927 eorum
1946 1896 2068 1937 magnis

442 1947 568 1976 iniuriis
596 1947 767 1977 autoritate
800 1947 888 1988 regia
920 1958 1123 1988 compescas,
1161 1948 1265 1978 sciens
1292 1948 1430 1978 ‘eandem
1461 1948 1630 1979 ecclesiam
1658 1951 1690 1978 et
1722 1948 1890 1979 canonicos
1919 1947 2010 1978 nobis
2039 1950 2070 1977 et

443 2009 533 2029 sacro
559 1998 693 2039 imperio
719 2009 789 2029 csse
814 1998 961 2029 dilectos.
997 1998 1120 2029 [dcirco
1147 1999 1232 2041 ipsos
1257 2002 1288 2029 et
1304 2000 1473 2031 ecclesiam
1493 2000 1715 2041 amplectimur
1731 1999 1906 2031 devocione
1930 1998 2068 2041 speciali.

551 2049 670 2080 Datum
696 2050 856 2089 Erfordie,
883 2050 923 2081 ΙΙ.
942 2050 1051 2081 Nonas
1076 2050 1157 2090 Iulii,
1182 2052 1273 2092 regni
1296 2052 1397 2082 nostri
1420 2062 1503 2083 anno
1527 2051 1636 2082 XVII.

561 2194 636 2226 433.
661 2195 898 2226 LITTERAE
918 2196 983 2226 ΑΙ)
1006 2196 1244 2227 ABRATEM
1262 2196 1548 2228 LUTRENSEM
1569 2196 1636 2228 DE
1657 2196 1958 2229 PROTECTORE

1027 2248 1325 2280 RECJPIENDO.
1372 2249 1499 2280 lates.

556 2307 751 2337 (innodamus
781 2308 909 2338 maiorm
940 2308 1126 2338 l’arisinunt
1158 2308 1210 2339 lat.
1238 2310 1321 2338 5138
1347 2310 1401 2347 sol.
1427 2312 1480 2346 07,
1508 2310 1561 2340 uti
1589 2320 1685 2340 omma
1717 2320 1794 2341 saec.
1816 2309 1905 2341 XVI.
1938 2319 1982 2340 ex.
2020 2307 2067 2338 Ex

444 2360 602 2390 tabulario
639 2360 790 2390 Lutrcnsi
821 2360 1011 2398 rarvwnplatar*
1044 2363 1127 2391 Slwl.
1182 2360 1231 2401 (Ἰ).
1262 2361 1330 2399 [ἔνη.
1354 2362 1426 2400 imp.
1459 2361 1512 2399 VI,
1534 2362 1624 2392 2357.
1654 2380 1692 2384 —
1725 2361 1873 2398 Riihmer,
1903 2360 1974 2400 Regy.
1999 2360 2066 2399 imp.

451 2412 504 2448 VI,
521 2412 613 2442 23:30.
1786 2412 1837 2451 (P.
1861 2412 1966 2449 deest.)

551 2498 617 2528 Nos
647 2498 833 2539 Rudclphus
863 2498 924 2528 Dei
953 2498 1056 2539 gratia
1086 2498 1305 2529 Romanorum
1339 2510 1395 2530 rex
1429 2510 1556 2541 semper
1584 2503 1738 2541 augustus
1767 2499 1826 2530 ad⁸‘
1852 2499 2065 2530 universorum

445 2550 527 2580 sacri
552 2549 690 2580 Romani
716 2550 840 2591 imperii
865 2549 1005 2580 fidelium
1031 2550 1175 2580 notitiam
1201 2551 1344 2582 volumus
1377 2552 1559 2592 pervenire,
1586 2551 1674 2593 guod
1704 2562 1760 2582 nos
1790 2551 1933 2582 sollicitis
1956 2547 2065 2580 animis

2098 803 2122 822 10

2099 1060 2120 1078 15

2097 1425 2120 1444 2⁰

2096 1699 2118 1718 25

2094 1957 2118 1977 ³0

2092 2318 2114 2338 35

444 2601 483 2630 ol)
515 2601 739 2642 omnipotentis
769 2601 829 2631 Dci
861 2602 1073 2632 reverentiam
1106 2606 1137 2632 ct
1165 2602 1317 2633 honorem
1346 2603 1569 2644 religiosorum
1599 2602 1910 2634 incommoditatibus
1942 2604 1973 2632 ct
2000 2599 2062 2630 dis·
2088 2606 2110 2625 ⁴⁰

444 2652 567 2693 pendiis
592 2653 736 2683 volentes
761 2652 862 2683 modis
889 2653 1035 2684 omnibus
1060 2664 1252 2695 precavere,
1282 2658 1316 2685 ut
1341 2655 1572 2696 tranquillitate
1605 2655 1800 2696 respirantes
1833 2654 1939 2685 divino
1970 2650 2064 2683 cultui

546 2746 611 2773 4:33.
631 2748 654 2779 ¹¹)
675 2749 699 2772 in
719 2758 739 2773 e.
