2259 3116
404 140 463 170 350
732 134 888 162 RUDOLFI
908 133 1011 162 REGIS
1030 133 1350 162 CONSTITUTIONES.
1388 134 1461 160 1285.
1497 132 1545 158 Nr.
1558 131 1616 159 367.
1630 132 1709 159 3683„

510 224 667 255 Rudolfus
695 223 758 254 Dei
788 222 896 264 gracia
924 222 1143 254 Romanorum
1176 233 1234 253 rex
1266 231 1393 262 semper
1420 222 1576 261 augustus
1607 219 1767 250 universis
1799 220 1880 251 sacri
1903 219 2039 251 Romani

403 277 530 319 imperii
553 275 702 307 fidelibus
727 278 895 317 presentes
918 275 1042 306 litteras
1067 274 1259 315 inspecturis
1283 273 1424 314 graciam
1447 282 1537 302 suam
1561 274 1593 302 et
1617 281 1711 302 omne
1734 271 1862 304 bonum.

511 336 704 378 Spectabilis
739 336 786 366 vir
814 335 1005 366 Ludewicus
1040 345 1146 365 comes
1176 333 1337 365 Sabaudie
1369 333 1473 364 fidelis
1509 335 1618 362 noster
1652 331 1790 363 dilectus
1822 342 1924 374 nuper
1954 332 2040 374 apud

404 389 608 430 Magunciam
632 399 691 418 nos
715 387 851 418 accessit
875 390 907 418 et
931 397 1001 417 cum
1027 386 1199 427 diligencia
1230 388 1340 415 nostre
1371 383 1551 415 celsitudini
1582 383 1792 425 supplicavit,
1821 387 1856 414 ut
1879 384 1984 425 ipsum
2008 384 2039 414 in

406 441 595 471 servitorem
621 443 652 470 et
676 439 866 470 familiarem
891 442 1033 469 nostrum
1059 438 1201 479 recipere
1226 437 1440 478 dignaremur.
1484 435 1552 466 Nos
1577 439 1682 466 autem
1706 435 1852 466 videntes
1876 435 2040 477 prelucide
2081 447 2091 465 ει

405 492 555 523 affectum
581 501 672 522 suum
697 491 900 532 purissimum
930 493 962 521 et
988 489 1061 520 fidei
1085 489 1272 531 puritatem,
1302 488 1416 530 quibus
1440 498 1497 518 nos
1529 487 1734 528 prosequitur
1761 487 1977 525 incessanter,
2009 489 2041 517 et

404 544 550 574 volentes
575 542 712 574 obinde²
736 542 797 573 sibi
822 543 853 572 in
878 541 1027 572 omnibus
1052 541 1118 578 suis
1142 540 1312 571 desideriis
1337 539 1463 581 placide
1487 539 1689 580 conplaeere,
1713 539 1818 580 ipsum
1843 539 1875 569 in
1898 541 2042 569 nostrum

405 595 594 626 familiarem
612 594 783 635 recipimus
800 594 946 624 hilariter
964 596 995 624 et
1012 592 1151 633 benigne
1176 603 1212 622 ae
1229 592 1259 622 in
1278 591 1510 633 protectionem
1528 594 1670 621 nostram
1696 593 1728 620 et
1749 589 1891 621 eiusdem
1916 589 2042 631 imperii

407 647 593 689 specialem.
644 646 686 678 Et
715 646 789 687 quia
817 645 902 676 idem
934 655 1042 676 comes
1071 645 1163 675 nobis
1194 644 1279 675 bona
1310 643 1372 674 fide
1403 643 1549 684 promisit
1577 652 1669 672 suum
1701 642 1869 672 servicium
1903 641 2042 672 fideliter

406 699 573 737 exhibere,
600 708 658 729 nos
684 698 744 728 sibi
768 700 920 738 tanquam
946 697 985 735 ei,
1011 707 1105 737 quem
1131 696 1161 726 in
1186 695 1359 737 specialem
1385 697 1528 725 nostrum
1547 693 1736 724 familiarem
1761 697 1794 724 et
1809 692 2041 735 protectionem

405 751 620 792 suscepimus,
652 750 856 791 promisimus
892 749 960 779 vice
997 758 1105 787 versa,
1138 747 1222 788 quod
1252 747 1330 783 sibi,
1363 746 1444 777 sicut
1481 745 1566 776 fideli
1595 749 1704 776 nostro
1735 749 1884 776 tenemur
1917 744 2042 784 merito,

407 803 540 834 consilio
574 805 606 833 et
630 801 749 832 auxilio
774 801 913 832 fideliter
937 800 1125 831 assistemus
1151 803 1182 830 et
1205 800 1310 840 ipsum
1335 797 1546 829 defendemus
1570 808 1606 828 ac
1630 797 1912 828 manutenebimus
1935 799 2044 827 contra

405 855 613 885 iniuriatores
646 857 677 884 et
701 852 863 894 quoslibet
886 852 1080 883 turbatores.
1126 851 1168 881 Et
1192 851 1266 892 quia
1290 851 1391 881 multa
1415 850 1535 881 debent
1558 850 1748 881 inmunitate
1773 849 1877 881 fulciri
1901 849 1961 887 hii,
1991 848 2045 890 qui

407 909 481 937 sunt
506 906 593 947 regie
619 905 844 936 familiaritatis
868 904 1058 945 participes,
1090 902 1177 933 vobis
1204 903 1364 933 universis
1391 905 1422 933 et
1447 902 1579 943 singulis
1604 901 1716 932 damus
1740 901 1800 932 hoc
1825 901 1929 932 edicto
1956 901 2044 942 regio

407 958 540 988 firmiter
562 958 592 988 in
617 956 794 996 mandatis,
826 956 975 997 quatinus
1006 955 1109 996 ipsum
1135 955 1284 985 comitem
1309 957 1419 984 contra
1443 956 1551 984 nostre
1576 954 1786 995 protectionis
1812 957 1956 984 tenorem
1981 962 2044 983 non

409 1009 602 1051 presumatis
634 1008 816 1050 aliqualiter
847 1007 1050 1049 perturbare,
1087 1006 1143 1037 sed
1178 1017 1236 1036 nos
1269 1007 1301 1036 in
1332 1006 1403 1047 ipso
1429 1005 1615 1047 specialiter
1637 1005 1819 1041 honoretis,
1851 1005 1877 1036 si
1900 1007 2043 1036 nostram

411 1061 667 1102 indignacionem
686 1060 852 1090 volueritis
871 1059 1002 1090 evitare.
1083 1058 1119 1088 In
1138 1058 1228 1088 cuius
1247 1058 1292 1089 rei
1306 1058 1527 1088 testimonium
1545 1067 1680 1099 presens
1698 1057 1851 1098 scriptum
1868 1056 2044 1087 maiestatis

410 1116 520 1144 nostre
545 1112 648 1153 sigillo
673 1112 804 1142 fecimus
829 1110 1017 1141 conmuniri.

515 1172 635 1203 Datum
652 1172 834 1213 Maguncie,
853 1171 928 1201 IIII.
944 1170 1018 1201 Idus
1036 1171 1118 1209 Iulii,
1137 1170 1310 1201 indictione
1327 1170 1420 1209 XIII,
1439 1180 1523 1201 anno
1541 1169 1671 1200 Domini
1688 1168 1907 1200 MCOLXXX
1924 1169 2044 1210 quinto,

409 1225 500 1266 regni
526 1235 599 1255 vero
624 1224 725 1255 nostri
749 1234 831 1254 anno
857 1223 1056 1254 duodecimo.

485 1538 585 1590 368.
626 1535 1070 1590 SENTENTIA
1110 1534 1434 1589 CONTRA
1475 1534 1980 1589 FALSATORES

1025 1613 1428 1667 MONETAE.

1083 1717 1190 1753 10285.
1236 1718 1302 1752 Iul.
1327 1718 1382 1753 13.

1031 1816 1096 1847 368
1104 1826 1133 1848 a.
1159 1817 1433 1848 SENTENTIA.

523 1878 748 1917 Auloglraplmn
766 1877 918 1908 tabularii
936 1877 1226 1917 chssrltlorp[ensis
1249 1877 1417 1909 ‘Clam-cidiz
1432 1878 1503 1907 305ι
1527 1878 1640 1909 <iterum
1658 1877 1854 1909 contulimus
1890 1876 2050 1915 Scriptum

415 1932 458 1959 es!
487 1930 521 1959 rin
551 1929 737 1960 canrellrtria
765 1931 854 1968 reglis.
900 1929 1044 1969 Siyillum
1074 1931 1138 1967 sere
1166 1930 1308 1960 illapsum
1335 1930 1449 1969 pendet
1480 1929 1543 1961 loro
1574 1930 1814 1961 membranaceo.
1839 1947 1878 1952 —
1907 1928 2051 1964 Rolmcer,

418 1981 490 2020 Regl.
508 1982 581 2021 {mlh
609 1981 658 2018 ΓΙ,
681 1983 769 2013 1924.
1780 1981 1834 2021 (P.
1857 1982 1946 2020 446.)

524 2075 681 2106 Rudolfus
716 2076 778 2107 Dei
809 2077 917 2117 gracia
947 2077 1165 2108 Romanorum
1195 2089 1252 2108 rex
1283 2088 1410 2119 semper
1439 2080 1596 2117 augustus
1627 2077 1784 2107 universis
1815 2077 1895 2107 sacri
1925 2076 2051 2118 imperii

418 2126 551 2157 Romani
576 2127 722 2158 fidelibus
748 2134 914 2169 presentes
939 2130 1061 2160 litteras
1086 2130 1279 2171 inspecturis
1303 2130 1445 2169 graciam
1471 2140 1561 2160 suam
1586 2132 1617 2159 et
1642 2139 1736 2159 omne
1762 2128 1891 2159 bonum.

529 2188 771 2219 l'residentibus
797 2190 885 2220 nobis
911 2190 1023 2220 iudicio
1048 2191 1079 2221 in
1105 2191 1154 2221 dic
1180 2191 1275 2221 beate
1300 2190 1483 2231 Margarete
1509 2190 1637 2229 virginis
1661 2190 1808 2231 proxime
1832 2199 1916 2219 nunc
1940 2192 2046 2231 prete-

422 2240 481 2269 rita.
505 2240 589 2281 apud
612 2240 815 2281 Magunciam
841 2243 999 2283 quesitum
1026 2243 1084 2272 fuit
1107 2253 1165 2284 per
1183 2243 1379 2273 sentenciam
1405 2253 1422 2273 a
1440 2242 1648 2284 principibus,
1674 2242 1855 2278 comitibus,
1880 2241 2051 2282 nobilibus,

420 2292 680 2322 ministerialilnis
699 2298 730 2323 et
747 2294 816 2324 aliis
834 2295 947 2324 nostris
966 2294 1113 2325 fidelibus
1131 2295 1289 2325 universis
1315 2295 1367 2336 qui
1391 2298 1557 2336 presentes
1583 2294 1729 2325 aderant:
1755 2304 1816 2335 qua
1840 2304 1924 2335 pena
1948 2293 2051 2335 puniri

420 2343 560 2374 debcant
585 2344 704 2375 falsarii
732 2346 782 2386 qui
808 2346 920 2376 falsam
946 2350 1104 2376 monetam
1130 2346 1249 2377 cudunt
1273 2351 1304 2377 et
1331 2346 1466 2386 faciunt,
1491 2357 1528 2376 ac
1554 2346 1597 2376 hii
1622 2346 1674 2387 qui
1698 2356 1756 2387 per
1780 2345 1916 2376 eandem
1942 2354 2051 2375 mone-

421 2398 484 2424 tam
509 2400 657 2425 exercent
682 2398 871 2427 commercia
897 2397 945 2427 vel
971 2398 1070 2438 ipsam
1096 2408 1136 2428 ex
1161 2402 1247 2428 certa
1271 2398 1411 2428 sciencia
1436 2402 1645 2435 conservant,
1672 2397 1721 2428 vel
1746 2397 1866 2427 domini
1891 2407 1948 2438 per
1972 2405 2050 2437 quos

421 2446 554 2486 predicti
580 2447 609 2477 in
635 2448 700 2477 suis
724 2449 958 2479 municionibus
983 2450 1203 2480 confoventur.
1294 2449 1335 2480 Et
1360 2450 1596 2480 sentenciatum
1630 2449 1737 2480 extitit
1767 2448 1939 2480 eorundem
1965 2449 2050 2489 prin-

422 2497 527 2538 cipum
552 2502 615 2528 tam
641 2499 858 2544 spiritualium⁴
883 2510 976 2541 quam
1008 2501 1215 2535 secularium,
1251 2502 1414 2535 comitum,
1446 2501 1602 2532 nobilium
1635 2512 1672 2531 ac
1703 2501 1843 2532 omnium
1872 2503 2052 2531 nostrorum

423 2549 561 2579 fidelium
592 2551 644 2591 qui
678 2551 796 2583 ibidem
826 2552 956 2582 fuerunt
992 2553 1208 2594 applaudente
1233 2564 1406 2584 consensu:
1443 2553 1526 2594 quod
1558 2553 1707 2584 falsarius
1744 2553 1858 2583 falsam
1891 2554 2052 2583 monetam

423 2600 542 2630 cudens
567 2602 617 2632 vel
643 2602 819 2636 fabricans.
851 2604 875 2633 si
900 2603 1120 2645 deprehensus
1147 2605 1256 2644 fuerit,
1290 2605 1330 2635 sit
1360 2605 1555 2636 decoctionis
1580 2616 1663 2647 pena
1687 2604 1887 2645 plectendus.
1932 2603 1974 2634 Et
1995 2602 2051 2640 illi,

423 2652 475 2692 qui
510 2663 579 2683 cum
612 2653 725 2684 cadom
757 2658 887 2685 moneta
917 2656 1056 2686 scienter
1092 2659 1223 2687 exercet
1258 2657 1447 2688 commercia
1474 2657 1524 2688 vel
1557 2658 1659 2699 ipsam
1693 2659 1862 2689 conservat
1892 2666 1934 2687 ex
1967 2657 2053 2686 certa

525 2745 588 2772 3⁴37.
607 2750 628 2772 “i
648 2758 661 2770 (ι
681 2757 745 2772 corr.
765 2757 795 2772 m*
814 2757 824 2771 s
844 2759 880 2774 or.

2071 700 2093 719 10

2072 960 2094 978 15

2074 1235 2098 1253 20

2077 1887 2100 1906 25

2075 2196 2098 2216 ³0

2078 2454 2100 2472 ³5

2077 2749 2101 2769 ⁴0
