2259 3116
288 2014 349 2033 Febr,
365 2018 383 2034 2.

386 129 446 158 362
753 126 908 152 RUDOLFI
930 127 1032 153 REGIS
1053 126 1372 154 CONSTITUTIONES.
1409 128 1482 153 1286.
1518 128 1636 154 N1·.381.

385 214 508 254 quidem
531 214 720 253 exemplaria
743 215 1046 254 archiepiscoporum
1070 215 1252 254 Moyzmtz'ni
1275 217 1302 245 et
1325 214 1581 254 Salisburyensis,
1605 215 1757 246 Ludovici
1779 216 1899 247 comitis
1914 216 2012 248 Pala-

386 266 459 303 tini,
490 265 579 296 ducis
602 265 796 297 Karintha‘ae
818 267 923 297 omma
948 265 1136 306 ‘Wirrebury
1160 266 1318 305 Hoclzstz'ft
1342 266 1576 297 Reichssachen'
1599 267 1677 304 fasc.
1693 268 1727 304 2,
1756 266 1902 299 Heiurici
1924 268 2013 299 ducis

385 318 565 354 Bmvariae,
589 318 669 357 reyz's
691 317 861 349 Bolccmc'ae
884 318 1007 349 ‘Meum
1028 318 1174 356 Erxstift'
1194 318 1277 358 fasc.
1295 320 1518 348 Masso-reatu.
1559 318 1743 357 Eoeemplari
1757 318 1902 350 Heiurici
1924 320 2013 351 ducis

385 369 557 400 Bawariae
585 369 620 400 in
649 370 790 409 margine
813 370 968 410 superiori
991 370 1143 408 iuscripta
1165 373 1240 400 suut
1262 370 1350 400 haec:
1373 370 1440 400 Ista
1462 373 1511 400 est
1535 372 1688 408 correcta,
1713 370 1753 401 ad
1775 369 1903 413 i[n]star
1919 371 2010 402 istius

387 422 586 462 corrigantur
611 421 683 452 alie.

494 482 579 521 Quae
607 481 794 513 concordant
824 492 894 513 cum
924 491 972 512 ur.
995 483 1044 519 77,
1074 482 1145 512 ‘item
1174 482 1256 521 typis
1285 481 1457 512 minoribus
1488 491 1618 512 excussa
1647 484 1730 513 suut.
1783 481 1832 523 Cf.
1863 483 2006 521 Bo'hmer,

386 532 459 572 Req.
478 533 549 572 imp.
572 532 625 570 VI,
640 534 734 564 2023.
1093 574 1101 577 ³
1719 533 1772 573 (P.
1798 534 1905 575 deest.)

496 645 659 677 Honorius
685 646 854 688 episcopus
879 657 989 677 servus
1014 656 1175 678 servorum
1201 645 1262 676 Dei
1288 644 1544 676 venerabilibus²³
1566 645 1718 676 fratribus
1734 647 1892 678 universis
1910 647 2013 678 archi-

388 697 550 739 episcopis
576 702 608 729 et
632 698 792 740 episcopis
818 699 849 728 in
874 698 1006 740 imperio
1035 709 1092 739 per
1116 696 1339 728 Alamaniamb
1370 700 1402 728 et
1425 696 1586 727 Slaviamc
1609 698 1788 729 constitutis
1822 700 1959 731 salutem
1984 703 2015 731 et

388 749 599 790 apostolicam
624 750 890 781 benedictionem.

495 809 542 851 (l)
567 815 757 841 Sacerdotium
788 817 816 841 et
839 815 1008 849 imperium*
1031 813 1134 840 mutuis
1164 813 1293 840 auxiliis*
1323 813 1481 848 indigere
1510 814 1671 841 alterutrius
1701 821 1809 842 eorum
1840 816 2015 843 considerata

389 867 513 893 carentia
542 867 685 893 evidenter
714 867 839 893 insinuat
868 868 896 893 et
926 866 1099 900 emergentia.
1128 865 1227 891 exinde
1251 865 1411 891 discrimina
1434 865 1624 893 manifestant.
1670 867 1820 901 Imperium
1843 877 1963 902 namque
1986 868 2015 895 in

388 919 541 953 apostolice
559 919 631 945 sedis
648 919 793 945 vacatione
810 928 869 945 suo
887 918 1050 945 destituitur
1066 904 1202 950 directore
1221 917 1328 949 salutiS,
1352 917 1469 944 ecclesia
1485 927 1549 945 vero
1566 918 1595 944 in
1611 919 1705 945 throni
1721 920 1876 947 cessatione
1893 921 2016 947 cesarei*

388 968 515 1009 proprio
545 971 690 998 defensore
720 971 854 1005 privatur.
901 970 1002 997 Curare
1032 970 1128 1003 itaque
1157 970 1273 1001 debent,
1304 978 1399 996 curare
1427 978 1601 1004 summopere
1629 971 1817 1005 gubernantes
1845 971 1964 1006 imperia
1988 973 2016 999 et

388 1033 474 1059 regna
490 1025 627 1058 regentes,
652 1018 703 1049 utd
727 1024 857 1049 ecelesias
882 1024 910 1049 et
926 1031 1059 1057 personas
1077 1022 1279 1048 ecclesiasticas
1303 1022 1426 1053 foveant,
1450 1022 1595 1049 libertates
1619 1024 1647 1049 et
1668 1023 1730 1049 iura
1745 1024 1878 1050 tueantur
1892 1024 2017 1058 ipsarum

389 1078 418 1103 et
440 1075 607 1109 temporalia
634 1075 688 1101 hiis
712 1075 875 1102 fulcimenta
904 1084 960 1101 non
990 1074 1169 1106 subtrahant,
1197 1082 1214 1100 a
1241 1073 1340 1107 quibus
1369 1073 1554 1108 spiritualiter
1582 1073 1748 1107 fulciuntur,
1777 1075 1861 1102 immo
1888 1076 1918 1102 in
1941 1075 2016 1102 omni

389 1127 609 1162 promptitudine
637 1127 830 1161 temporaliter
863 1135 910 1153 eos
943 1126 1146 1158 communiant,
1184 1134 1301 1159 quorum
1332 1125 1452 1159 presidio
1482 1125 1640 1160 spiritualia
1669 1126 1809 1161 recipiunt
1835 1128 2016 1155 munimenta.

391 1179 443 1206 Sed
465 1188 516 1206 nec
538 1179 628 1205 minus
652 1179 699 1212 qui
724 1179 902 1205 ecclesiarum
927 1178 1117 1213 gubernacula
1139 1179 1241 1212 gerunt
1265 1186 1371 1204 summa
1394 1186 1453 1204 esse
1478 1186 1543 1204 cura
1566 1178 1694 1210 solliciti,
1723 1179 1798 1205 omni
1820 1179 1923 1206 debent
1945 1180 2016 1214 ope‘⁵

390 1233 531 1265 satagere,
562 1232 593 1257 ut
625 1240 702 1265 reges
733 1231 872 1264 ceterique
905 1230 1036 1257 catholici
1066 1230 1206 1264 principes
1229 1229 1322 1256 debite
1346 1230 1472 1264 polleant
1494 1229 1659 1264 integritate
1689 1231 1829 1264 potentie,
1861 1233 1951 1258 status
1974 1232 2017 1258 sui

391 1283 566 1317 plenitudine
591 1282 774 1317 integrentur.
819 1282 950 1309 Consulte
974 1291 1094 1315 namque
1117 1282 1172 1308 illis
1195 1281 1344 1313 assistitur,
1369 1290 1486 1315 quorum
1510 1282 1613 1308 cedit*
1638 1283 1809 1316 prosperitas
1832 1283 1860 1309 in
1883 1283 2018 1310 auxilium

391 1334 558 1362 assistentis=
603 1334 712 1361 Debent
735 1334 838 1368 quippe
863 1336 923 1360 toto
947 1334 1000 1360 niti
1024 1333 1176 1365 conamine,
1201 1335 1232 1359 ut
1255 1342 1341 1367 regna
1364 1342 1431 1367 pace
1454 1333 1609 1366 refloreant,
1634 1335 1710 1361 statu
1727 1335 1840 1369 pacifico
1858 1335 1973 1369 vigeant
1988 1336 2016 1362 et

392 1386 598 1421 tranquillitate
623 1387 750 1412 fruantur
775 1388 880 1420 optata.
926 1387 957 1412 In
980 1387 1033 1413 hoc
1062 1386 1135 1412 enim
1164 1386 1287 1412 ecclesiis
1315 1386 1370 1420 ipsi
1392 1386 1495 1419 quietis
1523 1387 1552 1412 et
1583 1386 1659 1420 pacis
1686 1387 1802 1414 comoda,
1824 1389 2016 1421 procurantur.

393 1435 439 1476 (2)
465 1434 585 1465 Horum
611 1444 688 1464 sane
714 1433 965 1464 consideratione
984 1433 1181 1469 deducimur,
1204 1436 1239 1463 ut
1263 1433 1303 1464 ad
1320 1433 1593 1464 consumationem
1612 1434 1784 1475 imperialis
1808 1435 1839 1465 in
1865 1435 2017 1465 carissimi

394 1488 425 1518 in
450 1486 575 1517 Christo
599 1485 655 1515 filii
680 1486 778 1516 nostri
804 1485 964 1527 Rodulphi
990 1485 1074 1525 regis
1090 1485 1305 1515 Romanorum
1330 1485 1463 1515 illustris
1488 1495 1624 1526 persona
1648 1485 1778 1526 fastigii,
1802 1496 1897 1527 quem
1921 1486 1961 1517 ad
1986 1486 2017 1516 id

393 1542 558 1580 acceptata
581 1538 643 1568 iam
672 1531 730 1579 pei·
758 1537 935 1568 Romanam
966 1537 1134 1568 ecclesiam
1163 1537 1292 1567 vocavit
1322 1536 1452 1573 electio,
1481 1536 1617 1568 sollicite
1649 1537 1868 1572 intendamus,
1901 1537 1932 1567 in
1964 1537 2017 1568 illo

395 1594 573 1632 sperantes,
600 1589 630 1619 in
657 1590 745 1619 cuius
770 1600 866 1619 manu
890 1589 1070 1630 principum
1096 1588 1192 1619 eorda
1217 1589 1406 1625 consistunt,
1432 1588 1514 1629 quod
1539 1588 1639 1629 ipsius
1663 1589 1788 1629 imperii
1807 1589 1949 1629 regimen
1974 1599 2016 1619 ex

394 1642 452 1672 hoc
485 1641 644 1671 salubrius
675 1640 829 1680 dirigetur
863 1640 994 1681 eiusque
1026 1640 1158 1670 directio
1187 1650 1297 1681 pacem
1328 1640 1483 1682 producet
1514 1640 1545 1670 in
1575 1640 1701 1681 populis
1734 1643 1766 1670 et
1797 1640 1857 1671 Dei
1888 1640 2019 1671 servitia

396 1693 594 1723 executionis
620 1691 735 1722 exinde
762 1692 966 1733 promptioris
993 1692 1170 1722 sarcientur
1197 1692 1357 1723 effectum.
1445 1691 1493 1733 (3)
1510 1696 1603 1730 Nuper
1618 1696 1713 1729 itaque
1731 1692 1906 1723 venerabili
1922 1692 2020 1722 fratre

396 1750 502 1775 nostro
527 1743 852 1784 lI.Mzigu11tin(e11si)
879 1743 1135 1784 archiepiscopo,
1168 1747 1242 1773 tunc
1273 1743 1424 1785 episcopo
1450 1743 1623 1774 Basiliensi
1651 1750 1766 1782 propter
1788 1748 1840 1774 hoe
1863 1748 1897 1774 ab
1920 1744 2020 1785 ipsius

398 1797 480 1837 regis
505 1799 711 1833 magnific-entia
734 1799 900 1831 destinato,
924 1799 953 1825 in
976 1801 1071 1826 nostro
1095 1801 1123 1826 et
1146 1800 1263 1825 fratrum
1287 1798 1464 1825 nostrorum
1489 1800 1630 1833 presentia
1654 1796 1722 1826 eius
1738 1799 1850 1826 nomine
1875 1805 1946 1825 cum
1970 1795 2018 1825 in-

395 1849 519 1879 stancia
544 1847 743 1888 postulante,
769 1848 827 1888 ipsi
853 1848 919 1888 regi
944 1852 979 1877 ad
1004 1848 1196 1879 unctionem.
1223 1850 1496 1877 consecrationem
1523 1850 1554 1877 et
1579 1847 1816 1878 coronationem
1842 1846 1881 1877 de
1904 1846 2020 1877 nostris

396 1900 595 1941 recipiendas
625 1899 789 1929 manibusf
811 1904 959 1930 terminum
983 1904 1134 1938 assignari,
1164 1912 1214 1930 nos
1238 1912 1299 1930 cum
1323 1903 1425 1930 eisdem
1450 1903 1582 1929 fratribus
1608 1898 1751 1939 diligenti
1775 1903 1924 1930 collatione
1947 1908 2019 1940 pre-

396 1956 493 1982 habita
516 1951 598 1981 dicto
623 1952 689 1991 regi
718 1956 751 1981 ad
776 1955 879 1989 petitas
903 1956 1077 1987 unctionem,
1110 1955 1347 1982 consecrationem
1378 1957 1406 1982 et
1437 1955 1666 1982 coronationem*
1694 1955 1722 1981 in
1750 1955 1866 1981 basilica
1888 1954 2020 1988 principis

398 2008 590 2042 apostolorum
615 2007 642 2033 in
666 2007 739 2033 Urbe
763 2007 934 2041 recipiendas
959 2015 977 2034 a
1001 2003 1101 2038 nobis,
1126 2007 1244 2033 Domino
1269 2007 1381 2033 favente
1405 2006 1534 2038 sermoni,
1559 2006 1660 2033 festum
1679 2002 1908 2043 purificationis
1927 2002 2020 2032 beate

397 2055 541 2095 Virginis
566 2059 654 2092 primo
679 2060 826 2085 venturum
852 2065 909 2085 seu
934 2054 1021 2085 aliud
1046 2054 1160 2085 deinde
1187 2059 1323 2095 tempus,
1348 2054 1431 2095 quod
1457 2054 1591 2093 elegerit
1607 2054 1667 2084 sibi
1685 2055 1786 2095 magis
1804 2053 2019 2091 accomodum,

399 2107 547 2137 duximus
581 2106 824 2145 assignandum,
862 2106 1077 2137 venerabilem
1113 2107 1242 2136 fratrem
1277 2110 1419 2137 nostrum
1451 2105 1476 2135 Ι,
1506 2105 1690 2147 episcopum
1719 2105 2019 2146 Tusculan(ensem)

398 2159 533 2200 probate
559 2158 667 2198 utique
692 2158 894 2188 discretionis
920 2158 1028 2195 virum,
1055 2158 1191 2188 scientia
1208 2157 1368 2198 preditum
1394 2160 1425 2188 et
1442 2158 1569 2189 virtute.
1595 2167 1689 2198 quem
1714 2158 1794 2188 inter
1811 2157 1890 2188 alios
1907 2157 2020 2187 fratres

399 2214 521 2241 nostros
546 2209 719 2250 specialis&
743 2210 921 2239 affectionis
953 2209 1090 2239 brachiis
1120 2209 1356 2250 amplexamur,
1389 2214 1423 2239 ut
1453 2208 1536 2239 dicto
1567 2210 1632 2249 regi
1661 2209 1701 2239 ab
1731 2209 1815 2239 invio
1846 2218 2020 2249 precavens

400 2263 467 2292 eius
499 2265 596 2302 ponat
620 2272 750 2301 gressus
775 2262 805 2291 in
830 2262 881 2291 via
906 2261 1073 2301 ipsumque
1102 2261 1131 2291 iu
1160 2261 1223 2291 suis
1248 2260 1518 2301 oportunitatibus
1549 2261 1678 2291 consilio
1708 2260 1824 2301 dirigat
1848 2264 1879 2291 et
1902 2259 2020 2290 auxilio

400 2313 510 2343 fulciat
534 2312 673 2347 efficaci,
699 2312 737 2343 ad
763 2324 819 2343 sue
844 2313 1008 2354 petitionis
1033 2313 1215 2343 instantiam
1248 2312 1387 2352 legatum
1412 2312 1442 2342 in
1467 2312 1636 2342 Alamanie
1665 2323 1701 2342 ac
1733 2313 1803 2343 aliis
1833 2310 2020 2353 quibusdam

399 2364 543 2405 partibus
580 2364 781 2406 deputantes,
868 2364 914 2404 (4)
946 2364 1087 2405 Ideoque
1119 2365 1360 2394 universitatem
1392 2363 1553 2393 vestramh
1585 2374 1749 2404 rogamus,
1783 2362 1961 2394 monemusi
1989 2365 2021 2393 et

400 2416 564 2446 hortamur
588 2419 721 2453 attente,
746 2416 893 2456 quatinus
920 2415 1092 2456 prudenter
1110 2415 1324 2454 attendentes,
1349 2415 1431 2456 quod
1456 2415 1636 2445 huiusmodi
1654 2416 1816 2446 coronatio
1841 2418 1873 2445 et
1896 2415 2020 2455 plenam

405 2467 581 2508 opitulante
606 2467 742 2497 Domino
767 2467 1025 2497 reformationem
1050 2467 1174 2507 imperii
1199 2471 1229 2497 et
1254 2467 1453 2508 negotiorum
1478 2466 1635 2497 Altissinii
1665 2467 1871 2497 efficatiorem
1895 2474 2020 2507 promo-

503 2569 567 2595 3Sl.
587 2570 609 2599 ¹²)
630 2570 798 2593 venerabibus
819 2569 868 2598 la:
893 2570 1019 2601 inscriptio
1040 2570 1064 2593 in
1083 2570 1110 2594 ⁵2.-
1136 2570 1232 2594 dilectis
1251 2570 1308 2594 liliis
1327 2570 1454 2594 nobilibus
1474 2570 1532 2594 viris
1552 2571 1676 2595 universis
1695 2571 1802 2595 ducibus
1822 2568 2021 2600 (vorum—duci

400 2614 426 2637 iu
446 2614 562 2641 rasura),
583 2613 779 2641 marchionibus,
799 2613 944 2643 langraviis,
965 2613 1090 2644 palatinis,
1110 2613 1243 2637 comitibus
1263 2619 1287 2637 ot
1306 2613 1362 2637 :iliis
1381 2613 1507 2637 nobilibus
1527 2617 1568 2637 stc.
1655 2612 1678 2641 b)
1698 2613 1875 2638 Alainanniam
1896 2613 1944 2639 lb:
1965 2612 2021 2636 Ale-

400 2657 526 2680 mannium
546 2656 568 2680 2.
686 2660 707 2687 ⁶)
732 2656 857 2679 suaviam
882 2664 947 2679 corr.
969 2664 998 2679 cr
1019 2656 1168 2679 Seluvininm
1189 2656 1211 2680 2.
1327 2655 1349 2685 ¹¹]
1368 2660 1391 2679 et
1415 2656 1445 2684 2:
1472 2660 1500 2680 nt
1524 2665 1590 2680 corr.
1610 2664 1639 2680 ea:
1662 2660 1687 2680 ct
1711 2656 1754 2680 lb.
1867 2656 1889 2685 ⁰)
1908 2663 1972 2679 corr.
1991 2662 2020 2679 ex

400 2708 474 2730 opero
497 2699 543 2726 la:
561 2708 634 2731 opere
656 2698 697 2722 lb.
792 2697 809 2729 s)
828 2699 944 2723 manibus
964 2699 1118 2731 recipiendas
1137 2698 1160 2723 2,
1274 2698 1300 2730 Β)
1319 2700 1429 2730 sequitur
1448 2707 1541 2722 rasura
1562 2698 1604 2723 la.
1721 2698 1745 2730 l¹)
1766 2702 1873 2724 vestram
1892 2699 1957 2724 deest
1976 2697 2018 2722 la.

401 2742 419 2772 i)
439 2743 504 2767 deest
522 2743 545 2767 ἱ.)-

2043 760 2066 778 10

2043 1029 2066 1047 15

2045 1291 2069 1310 20

2044 1550 2067 1569 25

2045 1808 2069 1827 ³0

2047 2064 2069 2083 35

2047 2322 2071 2340 40

2046 2615 2068 2633 45
