2259 3116
413 160 474 190 534
669 155 801 182 ADOLFI
822 156 925 182 REGIS
946 155 1268 182 CONSTITUTIONES.
1307 156 1379 182 1297.
1419 155 1492 181 1298.
1529 154 1578 180 Nr.
1591 154 1649 180 568.
1668 154 1725 180 569.
1744 154 1801 181 570.

412 244 504 274 vobis
533 243 655 274 dantes.
707 242 749 274 Et
776 243 851 283 quia
878 246 1024 283 paratam
1053 243 1222 283 pecuniam
1253 253 1315 273 non
1344 242 1515 281 habemus,
1546 240 1636 271 vobis
1665 240 1878 282 quadraginta
1901 239 2052 272 librarum

412 295 614 326 Hallensium
649 294 793 325 redditus
828 293 1026 335 colligendas
1061 297 1094 324 et
1128 294 1331 335 accipiendas
1366 294 1455 324 annis
1489 292 1620 334 singulis
1654 291 1694 322 de
1730 291 1842 322 officiis
1876 292 1989 322 nostris
2022 293 2054 323 in

412 345 568 386 Laupach
599 348 631 376 et
658 346 690 375 in
706 345 881 376 Wisebaeh
911 345 1091 386 obligamus
1123 345 1288 376 habendas
1316 348 1381 375 tam
1410 344 1478 381 diu,
1514 353 1679 384 quousque
1708 343 1799 374 vobis
1828 353 1886 384 per
1915 353 1972 374 nos
2000 347 2054 374 aut

413 401 537 428 nostros
559 398 590 427 in
607 397 741 438 imperio
759 407 960 428 successores
984 397 1024 427 de
1049 396 1140 428 dietis
1155 397 1395 438 quadringentis
1411 396 1500 426 libris
1516 395 1717 426 Hallensium
1734 394 1831 425 fuerit
1847 394 2052 426 satisfactum.

415 448 537 483 Quibus
568 447 649 478 datis
681 458 735 478 eas
765 448 958 479 convertetis
986 448 1017 478 in
1046 448 1158 488 predia
1182 448 1334 478 castrensi
1364 446 1459 477 feodo
1484 445 1687 487 possidenda.
1733 446 1941 477 Presencium
1964 447 2053 477 testi-

414 500 520 530 monio
543 499 730 530 litterarum.

520 559 593 589 Dat.
619 559 650 589 in
675 558 890 599 Confluencia,
914 570 996 590 anno
1012 559 1141 590 Domini
1158 558 1483 597 MCCLXXXXVII,
1507 557 1566 588 IX.
1583 557 1655 588 Kal.
1672 557 1856 597 Novemb1·.,
1872 558 1962 599 regni
1978 568 2053 589 vero

413 612 511 642 nostri
536 622 616 642 anno
642 614 742 641 sexto.

625 740 700 772 569.
736 739 970 771 RECEPTIO
993 739 1185 771 NOBILIS
1208 739 1276 770 DE
1296 738 1550 771 ISENBURG.
1598 739 1690 769 1297.
1723 739 1801 769 Nov.
1820 740 1848 769 5.

520 801 720 840 Aatoyraphi
744 801 778 831 in
800 800 901 831 eodem
925 800 1081 831 tabulario
1105 801 1257 831 asservati
1279 800 1445 839 imaqmem
1460 799 1721 839 heliam-aphicam
1739 799 1891 838 praebent
1914 798 2053 829 ‘Ka-iser-

416 852 581 883 urkmzden
603 852 638 882 in
660 851 888 891 Abbildzmyen'
912 851 1007 888 VIII,
1032 852 1091 882 tab.
1110 853 1151 881 16
1157 862 1186 883 a.
1237 851 1340 891 Siyc'lbe?
1362 852 1572 890 fraymentum
1589 851 1704 890 pendet
1727 851 1792 882 loro
1814 850 2053 882 membranaceo.

415 903 463 935 De
486 903 682 935 eschatocollo
705 914 731 935 v.
756 903 774 935 l.
797 914 821 934 c,
846 903 944 934 ‘Tem'
962 914 1036 943 pay.
1053 904 1123 934 279.
1147 923 1187 926 —
1209 903 1354 940 Bo'hmer,
1379 903 1453 943 Rey.
1477 903 1539 934 Aa.
1556 904 1629 934 378.
1766 901 1818 941 (P.
1843 901 1949 942 deest.)

522 998 587 1029 Nos
604 998 741 1029 Adolfus
757 998 819 1029 Dei
836 999 944 1039 gracia
960 998 1207 1039 Roiii(a1101um)
1224 1009 1282 1029 rex
1299 1008 1426 1039 semper
1442 1001 1595 1039 augustus
1612 997 1653 1028 ad
1670 998 1888 1028 universorum
1906 996 2055 1027 noticiam

416 1050 560 1080 volumus
584 1051 761 1091 pervenire,
787 1050 871 1091 quod
896 1061 953 1080 nos
975 1050 1115 1081 nobilem
1140 1051 1240 1080 virum
1258 1050 1430 1081 Gerlacum
1455 1050 1493 1080 de
1511 1050 1679 1091 Iselnburg
1702 1048 1793 1080 nobis
1817 1051 1850 1079 et
1865 1049 2000 1089 imperio
2024 1048 2055 1078 in

415 1101 550 1132 liberum
568 1104 763 1132 castrensem
780 1102 1015 1142 acquisivimus,
1039 1102 1083 1132 ita
1101 1101 1186 1142 quod
1201 1101 1286 1142 apud
1304 1101 1476 1132 Sinczeche
1493 1101 1625 1132 feodum
1642 1112 1733 1132 suum
1757 1103 1918 1131 castrense
1936 1099 2054 1130 debeat

416 1153 587 1191 deservire,
612 1153 738 1193 quando
763 1154 954 1184 necessitate
978 1154 1147 1194 ingruente
1173 1153 1268 1184 fuerit
1291 1154 1471 1194 requisitus.
1515 1153 1735 1184 Promittimus
1751 1156 1859 1183 autem
1882 1162 1940 1192 pro
1957 1151 2051 1182 feodo

414 1204 483 1244 ipso
508 1203 661 1235 ducentas
684 1215 808 1235 marcas
833 1204 1035 1235 denariorum
1062 1204 1299 1236 Coloniensium
1322 1216 1379 1235 nos
1403 1205 1463 1235 sibi
1487 1205 1628 1244 daturos⁷
1652 1215 1709 1246 pro
1734 1204 1848 1245 quibus
1871 1203 1969 1243 lucra,
1994 1213 2054 1244 que

416 1256 456 1285 (le
480 1255 588 1286 Iudeis
612 1256 675 1286 iam
698 1256 911 1287 residentibus
935 1256 1022 1297 apud
1047 1256 1155 1287 villam
1179 1267 1268 1287 suam
1293 1256 1466 1298 Hohingen
1490 1257 1541 1287 vel
1565 1267 1644 1297 quos
1666 1257 1698 1287 in
1722 1256 1863 1286 futurum
1888 1255 2055 1295 contigerit

415 1307 556 1337 residere
584 1307 703 1338 ibidem
732 1311 882 1348 poterunt
910 1307 1062 1347 derivari,
1094 1308 1179 1339 idern
1210 1308 1325 1339 nobilis
1356 1311 1388 1339 et
1410 1308 1548 1339 heredes
1571 1309 1619 1339 sui
1642 1307 1784 1338 habeant
1811 1310 1844 1337 et
1866 1306 2054 1348 percipiant,

416 1369 579 1399 quousque
603 1359 680 1399 ipsis
711 1358 750 1389 de
781 1359 925 1390 ducentis
956 1360 1071 1389 marcis
1106 1370 1164 1400 per
1196 1370 1253 1390 nos
1284 1360 1335 1391 vel
1362 1363 1486 1390 nostros
1516 1360 1547 1390 in
1570 1360 1705 1401 imperio
1734 1369 1934 1390 successores
1960 1358 2055 1388 fuerit

417 1410 622 1441 satisfactum.
662 1409 806 1441 Solutam
830 1414 937 1441 autem
960 1412 1063 1451 ipsam
1088 1413 1256 1452 pecuniam
1281 1415 1467 1443 convertent
1489 1412 1520 1442 in
1538 1412 1738 1453 empcionem
1761 1411 1917 1441 bonorum
1933 1410 2053 1440 haben-

417 1462 529 1492 dorum
552 1472 571 1492 a
594 1461 685 1491 nobis
716 1465 748 1491 et
770 1462 904 1502 imperio
936 1473 993 1502 pro
1023 1462 1118 1493 feodo
1143 1462 1311 1503 prelibato.
1401 1463 1437 1493 In
1466 1464 1555 1494 cuius
1578 1464 1623 1494 rei
1648 1463 1865 1493 testimonium
1890 1464 2054 1502 presentes

417 1513 539 1544 litteras
563 1513 657 1543 scribi
681 1515 713 1543 et
735 1513 912 1543 maiestatis
936 1517 1042 1544 nostre
1067 1514 1171 1554 sigillo
1196 1514 1329 1545 fecimus
1353 1515 1550 1545 communiri.

523 1572 597 1603 Dat.
628 1571 713 1612 apud
737 1571 959 1612 Wysebaden,
994 1572 1075 1603 Non.
1106 1573 1280 1604 Novembr.
1311 1574 1401 1614 ‘regni
1428 1575 1526 1604 nostri
1555 1585 1637 1605 anno
1669 1577 1777 1614 sexto,
1813 1584 1894 1604 anno
1926 1573 2054 1604 Domini

417 1624 587 1655 millesimo
614 1623 831 1654 ducentesimo
855 1625 1064 1665 nonogesimo
1088 1625 1235 1665 septimo,
1258 1625 1366 1656 indict.
1383 1625 1442 1656 XI.

628 1760 703 1791 570.
738 1760 967 1792 RECEPTIO
990 1761 1180 1793 NOBILIS
1202 1762 1269 1793 DE
1289 1762 1517 1794 LIMPURG.
1564 1763 1656 1793 1:298.
1688 1763 1779 1794 Febr.
1795 1764 1847 1794 23

523 1820 750 1859 Autoyraplion
783 1823 858 1851 tuuc
891 1821 1036 1852 Berolim'
1068 1825 1262 1853 asservatum
1296 1823 1329 1853 in
1364 1822 1521 1853 tabulario
1553 1824 1635 1863 regyio
1668 1823 1852 1862 exemplavit
1887 1823 1951 1853 iam
1984 1822 2054 1853 olim

418 1871 457 1902 R.
477 1871 640 1903 Wilmans.
679 1872 835 1903 Peizdebat
851 1873 986 1912 siyillam
995 1884 1116 1912 param
1133 1873 1250 1905 laesum
1270 1874 1334 1905 loro
1353 1875 1593 1905 membranaceo.
1639 1874 1689 1905 De
1712 1877 1902 1905 transsumto
1926 1877 2055 1913 tempore

417 1922 563 1953 Heinricz'
585 1922 656 1954 VII.
681 1923 885 1955 cancellariae
909 1925 1010 1963 seyme
1027 1929 1178 1965 porrecto,
1201 1926 1284 1964 quod
1305 1929 1486 1956 asservatur
1500 1926 1587 1956 Pisis
1610 1926 1645 1957 in
1667 1926 1824 1957 tabulario
1847 1925 2055 1957 nobilissimae

417 1975 560 2011 familiae
596 1974 762 2012 Romiomss,
797 1986 822 2006 υ.
851 1986 951 2014 szwra
983 1987 1032 2008 izr.
1053 1978 1115 2007 335
1146 1980 1174 2008 et
1203 1977 1317 2008 Fictor
1349 1978 1413 2008 loeo
1446 1978 1488 2008 ad
1520 1988 1569 2009 nr.
1590 1978 1655 2008 258
1690 1978 1784 2008 citato
1811 1988 1845 2016 p.
1870 1978 1910 2007 50
1944 1988 1992 2008 nr.
2013 1978 2054 2008 26

418 2028 473 2063 (z
489 2025 535 2057 W.
552 2026 616 2057 SR.
635 2037 670 2064 p.
688 2028 774 2066 186).
799 2046 838 2048 —ss
862 2027 1006 2064 Bo‘hmer,
1031 2028 1104 2068 Req.
1128 2029 1190 2060 Aa.
1208 2030 1280 2060 3912.
1767 2029 1819 2068 (P.
1843 2029 1950 2069 deest.)

526 2118 592 2149 Nos
608 2120 744 2150 Adolfus
761 2121 821 2151 Dei
845 2123 953 2161 gracia
970 2122 1189 2154 Romanorum
1213 2134 1270 2154 rex
1295 2134 1422 2164 semper
1437 2127 1590 2164 augustus
1607 2124 1648 2154 ad
1672 2125 1890 2155 universorum
1907 2124 2053 2154 noticiam

419 2170 562 2200 volumus
587 2173 768 2211 pervenire,
803 2173 887 2213 11111111
912 2174 1019 2205 inclite
1044 2175 1277 2205 recordacionis
1302 2175 1429 2205 Rudolfi
1454 2175 1671 2206 Romanorum
1695 2176 1780 2216 regis
1808 2176 1936 2206 illustris
1959 2175 2054 2206 nostri

421 2222 655 2261 predecessoris
690 2223 831 2254 litteras¹
861 2236 918 2265 per
951 2226 1091 2256 nobilem
1128 2227 1228 2257 virum
1257 2227 1432 2257 Iohannem
1466 2227 1628 2257 dominum
1660 2227 1700 2258 de
1727 2227 1883 2268 Lirnpurg
1916 2230 2054 2258 nostrum

420 2273 573 2303 sororium
608 2274 698 2303 nobis
734 2275 892 2306 exhibitas
927 2276 1079 2317 vidimus,
1115 2278 1312 2308 continentes
1343 2277 1480 2308 eundem
1509 2288 1618 2319 regem
1646 2278 1819 2309 Rudolfum
1856 2278 1952 2309 nobili
1988 2278 2053 2308 viro

420 2324 578 2364 quondam
611 2325 745 2355 Gerlaco
777 2326 903 2357 domino
936 2328 976 2358 de
1005 2329 1175 2369 Limpurg,
1213 2329 1310 2370 ipsius
1334 2329 1484 2360 Iohannis
1513 2330 1662 2370 genitori,
1694 2330 1811 2361 Iudeos
1842 2331 1872 2361 in
1901 2330 2054 2370 Limpurg

421 2386 475 2415 pro
502 2376 581 2405 OOC
606 2378 719 2407 mareis
743 2380 877 2417 argenti,
913 2390 990 2419 quas
1026 2381 1055 2410 ei
1090 2391 1146 2420 pro
1182 2380 1277 2411 feodo
1307 2381 1456 2411 castrensi
1487 2381 1696 2411 deserviendo
1725 2381 1810 2422 apud
1835 2381 1998 2412 Calsmunt
2020 2391 2052 2411 se

420 2427 566 2457 (laturum
597 2429 754 2468 promisit,
785 2435 877 2469 prout
905 2431 934 2460 in
965 2431 1078 2462 litteris
1107 2443 1202 2473 super
1226 2432 1284 2462 hoe
1310 2432 1480 2462 confectis¹
1512 2433 1690 2464 continetur
1714 2433 1851 2474 plenius,
1887 2433 2052 2474 obligasse.

423 2478 485 2508 Nos
509 2479 617 2519 itaquo
642 2479 815 2511 Iohannem
841 2482 880 2512 de
905 2483 1059 2524 Linipurg
1083 2484 1236 2514 sororium
1262 2488 1402 2514 nostrum
1424 2485 1638 2525 supradictum
1665 2488 1794 2525 propter
1811 2485 1976 2525 probitatis
1999 2494 2052 2514 sue

420 2540 518 2570 opera
548 2534 579 2560 et
608 2531 680 2561 fidei
712 2533 897 2571 puritatem,
928 2534 1041 2574 quibus
1074 2535 1286 2565 circu-uselnire
1311 2536 1482 2566 dinoscitur
1505 2536 1757 2573 multiformiter,
1786 2536 1958 2577 graciosius
1982 2546 2052 2576 11111-

420 2582 508 2621 sequi
533 2581 746 2622 disponentes,
771 2585 909 2623 graciam
935 2587 1070 2625 genitori
1095 2597 1150 2616 suo
1175 2598 1232 2627 per
1257 2587 1373 2617 dictum
1399 2598 1507 2627 regem
1524 2587 1697 2619 Rudolfuni
1720 2590 1861 2619 nostrum
1885 2587 2052 2628 predeces-

421 2643 524 2663 sorem
549 2633 587 2664 de
614 2634 762 2673 obligatis
786 2635 893 2666 Iudeis
917 2637 975 2666 sibi
1000 2637 1116 2668 factam
1141 2638 1198 2668 sub
1223 2639 1325 2669 modis
1356 2643 1387 2669 et
1411 2639 1663 2679 condicionibus,
1697 2639 1810 2680 quibus
1834 2639 1958 2679 genitor
1981 2648 2052 2668 suus

421 2696 475 2712 eos
500 2684 647 2715 habuisse
673 2686 843 2717 dinoscitur
864 2687 1031 2727 obligatos,
1056 2690 1268 2720 convertimus
1292 2690 1331 2720 ad
1357 2691 1504 2726 eundem,
1531 2691 1589 2721 sibi
1614 2692 1643 2721 in
1668 2694 1874 2731 augmentum
1898 2691 1944 2720 sui
1969 2688 2052 2720 feodi

524 2779 547 2805 11
568 2779 657 2811 Supra
680 2788 717 2805 ur.
733 2784 790 2806 ἰωή

2073 808 2097 827 10

2073 1108 2096 1127 1⁵

2072 1633 2095 1652 25

2072 1989 2096 2009 80

2072 2289 2095 2308 85

2070 2545 2094 2563 40
