2259 3164
85 759 107 778 10

85 1013 104 1031 15

83 1267 106 1286 20

83 1655 105 1675 25

83 1912 106 1930 ³0

84 2168 106 2188 35

86 2422 109 2441 40

87 2760 109 2779 ⁴5

439 195 596 222 RUDOLFI
615 195 718 221 REGIS
738 194 1059 221 CONSTITUTIONEs.
1098 196 1168 222 1280.
1207 197 1394 224 N1·.‘244.‘245.
1409 199 1465 225 246.
1710 202 1771 232 239

135 295 193 315 nec
224 283 263 314 de
294 282 478 313 hominibus
506 282 632 324 imperii
664 282 763 323 possit
794 282 914 313 servire
943 283 1039 312 alicui
1071 286 1183 313 contra
1212 295 1267 314 nos
1297 296 1355 315 nec
1388 285 1426 317 de
1456 286 1640 318 hominibus
1669 288 1768 329 ipsius

135 335 220 377 regis
243 333 380 365 Francie
406 333 525 364 servire
553 333 654 374 possit
678 334 772 364 alicui
797 335 907 363 contra
932 333 1045 374 ipsum.
1092 334 1129 364 In
1154 336 1318 376 premissis
1344 338 1532 369 auctoritate
1558 349 1594 369 ac
1618 341 1768 371 mandato

134 386 269 419 Romani
292 385 452 426 pontificis
478 387 510 415 et
534 384 619 415 sedis
637 385 814 426 apostolice
834 395 961 425 semper
986 385 1094 416 salvis.
1184 386 1252 426 (10)
1278 387 1370 422 Quod
1397 389 1421 418 si
1446 389 1530 429 quod
1554 390 1637 420 absit
1661 392 1768 433 aliqua
1791 409 1808 423 c.
1827 406 1857 424 μ.

136 437 291 470 discordia
320 437 403 466 inter
427 446 484 466 nos
516 439 548 466 et
572 435 679 467 Sicilie
705 446 815 477 regem
840 436 976 466 oriretur
1000 437 1153 477 eundem,
1186 448 1267 468 unus
1296 449 1358 469 non
1390 440 1529 470 movebit
1553 445 1683 482 propter
1707 443 1767 473 hoc

133 499 279 531 guerram
304 488 358 518 alii
381 498 439 518 nee
465 490 582 518 terram
608 487 659 518 vel
685 487 842 518 vassallos
868 487 1001 518 alterius
1030 488 1233 529 aliquatenus
1265 490 1456 522 molestabit.
1504 491 1606 523 Salvis
1631 495 1767 525 auctori-

135 544 200 572 tate
231 550 267 570 ac
298 538 450 569 mandato
481 538 644 580 predictis.
691 538 755 569 Sed
790 549 847 569 nos
883 542 915 569 et
950 538 1051 569 dictus
1082 551 1140 570 rex
1170 540 1278 571 Sicilie
1308 541 1346 571 ad
1374 542 1551 573 Romanum
1586 545 1767 585 pontificem

133 601 332 622 recurremus
357 592 390 621 et
415 600 512 631 super
536 589 719 620 huiusmodi
744 589 913 620 discordiis
939 600 996 620 nos
1022 593 1052 621 et
1071 591 1140 632 ipse
1164 602 1222 622 rex
1240 592 1347 623 Sicilie
1365 594 1520 624 stabimus
1537 594 1621 626 dicto
1645 607 1766 627 memo-

133 643 193 674 rati
215 641 351 672 Romani
376 642 546 682 pontificis,
576 641 735 683 silforsan
754 641 836 671 inter
861 652 918 671 nos
937 642 1176 682 nequiverimus
1194 643 1396 676 concordare.
1485 646 1553 686 (11)
1580 646 1682 688 Super
1707 648 1766 679 hiis
1789 662 1807 675 c.
1823 657 1855 676 23.

133 697 239 725 autem
264 693 412 724 omnibus
443 695 475 723 et
499 692 634 733 singulis
666 693 810 734 plenarie
840 693 1053 723 observandis
1085 694 1232 725 absolute
1263 706 1298 725 ac
1324 696 1423 726 libere
1449 696 1594 727 Romano
1625 700 1767 739 pontifici

133 748 164 777 et
200 744 407 786 spiritualiter
447 748 478 775 et
513 744 737 785 temporaliter
772 755 829 775 nos
865 747 975 775 tenore
1012 746 1211 786 presentium
1251 746 1400 777 duximus
1437 748 1680 781 submittendos.
1732 751 1767 782 Iu

133 797 278 828 omnibus
302 799 409 827 autem
435 799 467 827 et
492 796 626 836 singulis
651 795 846 837 supradictis
871 797 1089 827 consentimus
1115 808 1270 838 expresse
1303 802 1335 828 et
1364 799 1394 829 in
1420 799 1540 830 eisdem
1567 802 1713 832 omnibus
1737 806 1768 833 ct

133 848 267 889 singulis
291 847 470 889 ple-nariam
488 847 785 888 interpretationem
811 850 841 877 et
859 847 1108 878 declarationem
1127 849 1232 880 eidem
1250 849 1394 880 Romano
1412 851 1553 891 pontifici
1578 852 1616 882 ad
1633 864 1766 893 presens

133 904 164 931 et
187 900 217 930 in
241 902 405 941 posterum
429 901 653 935 reservantes,
683 899 753 929 eius
783 899 1082 940 interpretationem
1109 911 1166 931 seu
1192 900 1440 932 declarationem
1465 902 1645 933 faciendam
1670 905 1765 935 etiam

132 951 268 993 simplici
286 951 384 982 verbo
409 961 467 981 nos
493 954 678 981 servaturos
704 950 888 992 specialiter
905 951 1093 982 auctoritate
1111 953 1309 993 presentium
1328 953 1520 994 obligamus.
1601 956 1668 994 (12)
1686 955 1765 986 Pro·
1789 972 1806 986 c.
1825 969 1854 987 io.

132 1003 291 1033 mittentes
316 1002 558 1041 nichilominus,
584 1002 728 1043 predicta
757 1002 864 1032 omnia
893 1005 925 1033 et
949 1003 1086 1043 singula,
1111 1007 1282 1045 postquam
1306 1005 1472 1045 imperiale
1497 1005 1645 1037 diadema
1669 1006 1764 1038 dante

130 1053 267 1084 Domino
301 1054 556 1095 susceperimus,
588 1063 743 1084 renovare
773 1053 812 1083 ad
843 1054 998 1084 maiorem
1029 1057 1060 1085 et
1089 1059 1279 1096 perpetuam
1311 1056 1505 1088 firmitatem.
1594 1058 1662 1097 (13)
1687 1058 1763 1089 Pre-

132 1106 226 1136 missa
250 1115 324 1136 vero
353 1105 460 1136 omnia
483 1108 515 1136 et
540 1105 665 1146 singula
692 1105 872 1135 iuramento
898 1106 1107 1146 corporaliter
1135 1107 1270 1148 prestito
1294 1107 1509 1148 promittimus
1535 1108 1762 1140 inviolabiliter

130 1156 308 1188 observare.

234 1207 350 1239 Actum
383 1211 415 1239 et
445 1208 555 1239 datum
578 1208 734 1246 WViennc,
759 1208 817 1239 VI.
840 1208 1006 1240 Kalendas
1031 1210 1169 1251 Aprilis,
1200 1210 1373 1241 indictione
1398 1211 1494 1251 VIII,
1523 1222 1607 1242 anno
1636 1212 1765 1243 Domini

131 1259 217 1291 MCC
241 1260 471 1301 octuagesimo,
496 1260 587 1300 regni
613 1270 687 1290 vero
713 1261 812 1290 nostri
837 1261 983 1301 septimo.

130 1404 203 1437 245.
226 1405 523 1437 DECLARATJO
546 1405 614 1436 DE
635 1404 913 1436 PRJVILEGIO
936 1404 1158 1435 REGJNAE
1184 1406 1422 1438 FJMNGJAE
1446 1407 1763 1440 CoNc*l‹.'D]2'ND(›.

793 1458 885 1487 1:380.
925 1457 1024 1489 Mart.
1042 1457 1094 1489 27.

234 1517 329 1548 Dedit
352 1517 610 1548 Kalama-mmo}-
633 1517 651 1547 l.
669 1528 694 1548 c.
711 1518 773 1547 249
797 1527 844 1548 nr.
864 1517 935 1553 III7
961 1517 1052 1547 cetius
1075 1517 1238 1548 editionem
1263 1518 1438 1555 rqmtimus.
1488 1518 1536 1555 Cf.
1561 1519 1603 1549 καὶ
1625 1530 1672 1549 ur.
1690 1521 1762 1552 ΞΗ,

129 1587 168 1591 ——
189 1568 331 1606 Bc‘hm-cr,
355 1569 427 1609 Rey.
448 1569 518 1608 imp.
540 1569 594 1606 VI,
613 1570 703 1600 1178.
1471 1570 1524 1609 (P.
1548 1570 1655 1608 deest.)

233 1645 392 1677 Rudolfus
417 1646 480 1677 Dei
504 1646 610 1687 gratia
634 1646 853 1676 Romanorum
877 1656 935 1676 rex
960 1656 1088 1687 semper
1112 1649 1268 1686 augustus
1293 1647 1463 1686 magnifico
1486 1647 1624 1689 principi
1642 1648 1761 1679 Karolo

131 1696 244 1727 illustri
267 1698 335 1738 regi
361 1697 482 1737 Sicilie,
508 1698 609 1728 amico
635 1698 758 1728 sineere
784 1697 912 1734 dilecto,
938 1697 1076 1727 salutem
1101 1700 1132 1727 et
1157 1707 1249 1727 omne
1274 1697 1403 1729 bonum.

238 1748 284 1790 (1)
310 1748 390 1779 Cum
414 1749 539 1780 litteras
566 1749 759 1790 infrascripti
785 1750 904 1779 tenoris
929 1748 1056 1779 domine
1082 1748 1264 1789 Margarcte
1290 1749 1401 1789 regine
1426 1749 1622 1781 Francorum
1646 1751 1761 1781 illustri
1785 1756 1816 1795 ¹¹5
1832 1752 1876 1797 {³⁷-

133 1799 312 1831 duxerimus
337 1800 577 1838 concedendas,
609 1804 716 1831 tamen
741 1800 914 1841 puritatem
939 1800 1127 1830 intentionis
1153 1805 1260 1830 nostre
1285 1811 1379 1841 quam
1404 1801 1510 1832 inesse
1535 1801 1629 1832 decet
1645 1803 1761 1843 regali-

129 1850 186 1881 bus
209 1852 331 1883 actibus
356 1852 577 1890 declarantes,
602 1852 836 1894 promittimus,
863 1851 1076 1889 declaramus,
1102 1851 1297 1891 ordinamus,
1322 1852 1524 1883 decernimus
1545 1856 1576 1883 et
1593 1854 1763 1884 statuimus

132 1905 162 1933 et
184 1903 243 1934 hoe
267 1914 324 1934 nos
349 1904 490 1935 facturos
515 1908 546 1934 et
571 1907 739 1934 curaturos
766 1914 921 1944 expresse
947 1914 983 1934 ac.
1002 1903 1186 1944 specialiter
1204 1904 1394 1944 obligamus,
1419 1904 1503 1944 quod
1527 1904 1762 1945 pci·predi‹1=tas

131 1953 247 1985 litteras
272 1958 303 1986 et
327 1965 388 1996 que
413 1956 617 1986 continentur
649 1956 679 1985 in
704 1955 782 1996 ipsis
806 1955 928 1985 nullum
954 1956 1082 1985 omnino
1106 1955 1318 1996 preiudiciuin
1343 1956 1398 1985 fiat
1422 1955 1511 1985 vobis
1537 1959 1568 1985 et
1592 1956 1762 1986 heredibus

133 2006 243 2036 vestris
267 2007 318 2038 vel
342 2007 373 2037 in
398 2007 464 2037 iure
490 2007 653 2048 preterito,
679 2007 763 2048 quod
788 2007 879 2037 vobis
904 2009 935 2036 et
958 2007 1036 2047 ipsis
1060 2007 1091 2036 in
1116 2007 1269 2037 comitatu
1295 2009 1326 2037 et
1350 2006 1569 2037 marchionatu
1593 2007 1760 2038 Provincie

136 2066 172 2087 ac
196 2058 345 2088 comitatu
368 2058 577 2089 Folkalkerie
604 2058 810 2099 competebat
835 2068 891 2088 seu
917 2059 1079 2099 competit,
1104 2058 1156 2088 vel
1181 2058 1212 2088 in
1231 2058 1470 2088 confirmatione
1495 2061 1527 2088 et
1544 2059 1761 2097 concessione,

134 2117 210 2148 quas
234 2120 334 2151 nuper
356 2110 448 2141 vobis
472 2110 607 2141 fecimus
634 2121 690 2141 seu
714 2110 849 2141 facimus
875 2109 914 2140 de
933 2110 1065 2140 eisdem.
1155 2109 1202 2150 (2)
1227 2110 1263 2140 In
1282 2110 1428 2140 omnibus
1446 2112 1552 2140 autem
1578 2113 1609 2141 et
1627 2111 1761 2151 singulis
1785 2128 1803 2142 c.
1819 2126 1849 2143 2³.

133 2160 319 2201 supradictis
337 2162 514 2203 plenariam
539 2162 837 2203 interpretationem
862 2164 893 2191 et
910 2161 1158 2192 declarationem
1175 2161 1320 2191 Romano
1344 2161 1486 2202 pontifici
1510 2161 1549 2191 ad
1574 2173 1706 2203 presens
1731 2166 1762 2192 et

132 2210 162 2241 in
186 2215 345 2253 posterum
370 2216 585 2252 reservantes,
611 2214 679 2244 eius
704 2213 1003 2254 interpretationem
1029 2224 1086 2243 seu
1104 2213 1353 2243 declarationem
1371 2212 1549 2243 faciendam
1567 2213 1661 2243 ctiam
1686 2214 1759 2244 sini-

133 2261 203 2302 plici
232 2263 328 2294 verbo
360 2274 417 2295 nos
448 2267 630 2295 servaturos
662 2264 846 2305 specialiter
876 2264 1066 2294 auctoritate
1098 2264 1296 2304 presentium
1325 2264 1515 2304 obligamus.
1609 2264 1657 2305 (3)
1680 2265 1758 2295 Pro-
1784 2282 1802 2295 ς.
1821 2278 1849 2296 19.

134 2313 290 2345 mittentes
314 2315 549 2355 nichilominus,
574 2316 719 2357 predicta
744 2316 848 2345 onmia
875 2318 907 2346 et
933 2315 1075 2355 singula,
1106 2318 1277 2356 postquam
1302 2315 1468 2356 imperiale
1495 2315 1641 2346 diadema
1665 2316 1760 2346 dante

133 2362 264 2396 Domino
288 2368 534 2408 susceperimus,
559 2377 717 2397 renovare
742 2367 781 2398 ad
807 2367 959 2397 maiorem
986 2370 1017 2397 et
1040 2370 1229 2408 perpetuam
1255 2366 1449 2398 firmitatem.

238 2415 285 2456 (4)
308 2417 412 2448 Tcnor
436 2421 542 2448 autem
568 2418 745 2449 litterarum
772 2417 946 2448 earundem
971 2418 1043 2448 talis
1069 2421 1133 2449 est:

236 2466 401 2499 ‘Rudolfus
426 2468 486 2500 Dei
510 2469 871 2510 gratia—perpetuam
896 2469 1098 2501 firmitatcm'.
1140 2469 1227 2510 iufra
1252 2480 1298 2499 ην.
1316 2469 1388 2499 247.

236 2518 351 2550 Actum
376 2524 408 2551 et
432 2520 540 2551 datum
558 2520 718 2560 Wienne,
742 2521 798 2552 VI.
817 2521 983 2552 Kalendas
1011 2522 1149 2563 Aprilis,
1177 2520 1351 2551 indictione
1376 2522 1499 2557 octava,
1523 2530 1605 2549 anno
1631 2519 1759 2550 Domini

135 2566 220 2599 MCC
244 2572 450 2612 octogesimo,
474 2573 563 2613 regni
587 2583 662 2603 vero
687 2573 784 2603 nostri
809 2583 892 2603 anno
916 2572 991 2603 VII.

373 2697 447 2730 246.
471 2699 765 2732 INFEUDATIO
789 2701 931 2731 REGIS
954 2700 1170 2732 SICILIAE.
1217 2702 1309 2731 1260.
1347 2700 1513 2731 M<‹1<s.:.›5·.

235 2756 329 2788 Dedit
352 2758 607 2791 Kaltcubmnner
637 2760 654 2791 l.
676 2772 700 2791 c.
723 2762 785 2791 5345
810 2772 858 2793 nr.
877 2761 908 2799 Ι,
938 2761 1029 2791 cm'cs
1059 2761 1222 2791 editionem
1255 2760 1429 2799 1·q›c¹tt'}12?(s.
1478 2760 1525 2796 (ss.
1551 2759 1593 2788 ml
1616 2768 1662 2787 Ην.
1683 2759 1754 2787 241.

137 2821 170 2826 —
194 2805 333 2847 Bb'lcmer,
358 2809 430 2849 Rcy.
447 2811 519 2850 ivn).
538 2811 591 2850 VI,
609 2814 699 2844 1179.
876 2845 878 2850 ,
1466 2810 1518 2849 (P.
1544 2809 1649 2846 (local)
