2259 3116
423 153 483 183 234
776 148 933 175 RUDOLFI
953 147 1056 174 REGIS
1076 147 1397 174 CONSTITUTIONES.
1434 147 1507 174 1280.
1544 147 1591 172 Nr.
1604 146 1662 172 242.
1675 145 1734 172 243.

531 236 703 277 Magnifice
737 235 873 277 principi
909 238 941 267 et
975 235 1078 266 amico
1115 234 1280 265 carissimo
1315 234 1442 265 domino
1466 233 1504 264 R.
1530 233 1592 264 Dei
1625 233 1729 273 gratia
1759 233 1826 274 regi
1850 232 2069 264 Romanorum

424 289 540 320 illustri
564 288 715 319 Matheus
750 287 957 318 miseratione
991 287 1099 317 divina
1130 286 1249 317 Sancte
1278 285 1380 316 Mario
1413 286 1445 316 in
1474 284 1606 315 Porticu
1642 284 1796 315 diaconus
1831 283 2002 315 cardinalis
2038 287 2070 316 et

423 339 622 372 Benedictus
647 339 686 370 de
711 339 862 380 Anagnia
884 338 1005 369 domini
1029 348 1113 380 pape
1138 338 1281 368 notarius
1307 338 1445 368 salutem
1474 337 1505 366 in
1531 346 1577 373 ec,
1603 346 1661 377 per
1684 346 1779 377 quem
1804 346 1898 377 reges
1922 339 2068 377 regnant.

531 399 578 440 (1)
604 398 786 429 Placuisset
809 398 1013 428 sanctissimo
1043 398 1125 439 patri
1155 400 1186 428 et
1215 397 1342 427 domino
1372 400 1480 427 nostro
1511 396 1640 426 domino
1665 395 1704 426 N.
1729 395 1836 426 divina
1866 395 2070 437 providentia

422 461 504 492 pape
529 450 594 485 ΙΙΙ,
625 450 650 480 si
674 450 874 481 consumatio
907 460 1031 486 eorum,
1066 459 1126 490 que
1157 450 1240 480 inter
1268 459 1325 479 vos
1361 452 1392 479 et
1415 448 1620 489 magnificum
1645 447 1821 488 principem
1847 447 2010 478 dominun]
2035 447 2068 479 C.

424 501 534 532 Sicilie
558 511 668 541 regem
694 501 863 537 illustrem,
889 501 971 531 sicut
995 501 1108 539 nostis,
1135 499 1283 542 [tractata
1309 502 1382 530 sunt
1406 499 1573 537 hactenus,
1599 509 1661 529 non
1686 499 1802 530 fuisset
1826 509 1864 530 ea
1888 499 2068 539 occasione,

423 564 517 594 quam
542 553 627 584 idem
657 553 806 583 dominus
838 551 1162 593 noster-'percepisse
1195 551 1384 590 dinoscitur,
1417 550 1596 589 retardata,
1627 561 1698 581 cum
1733 551 1805 581 talis
1836 551 1962 582 occasio
1992 551 2069 583 satis

422 604 588 636 videretur
605 605 674 636 sine
699 605 763 635 alia
779 604 989 645 requisitione
1016 614 1075 634 sua
1092 603 1237 644 potuisse
1258 602 1404 642 subduci,
1430 603 1519 633 salvo
1538 602 1790 643 dispensationis
1808 603 1954 643 articulo,
1974 613 2070 645 super

424 667 485 698 quo
516 656 673 687 debuerat
698 656 852 686 hactenus
876 655 1037 697 provideri
1074 666 1133 685 nee
1168 655 1268 696 ipsius
1292 654 1432 695 provisio
1459 654 1489 684 in
1515 656 1661 695 tempora
1684 654 1745 684 ista
1770 654 1900 686 differri.
1947 654 2069 686 Tamen

424 708 528 739 dictus
554 708 700 738 dominus
726 710 832 738 noster
857 707 896 738 ad
923 710 1078 737 tractatus
1103 705 1285 737 huiusmodi
1312 717 1370 736 sua
1396 705 1503 736 studia
1526 706 1667 747 benigne
1693 709 1884 737 convertens
1902 717 1939 737 ac
1956 707 2066 738 volens

422 759 590 801 providere
616 760 764 798 sollicite,
788 770 828 790 ne
854 762 900 790 tot
925 758 1195 790 sollicitudinibus
1220 761 1252 788 et
1276 757 1440 788 laboribus
1466 758 1498 788 in
1523 758 1690 799 premissis
1716 757 1869 789 adhibitis
1895 769 2069 790 concursus

423 815 617 842 tractatuum
650 810 825 842 eorundem
855 811 983 841 labores
1015 810 1150 841 ulterius
1183 810 1405 849 conculcaret,
1437 810 1511 850 quia
1541 812 1674 850 propter
1706 810 1907 851 emergentia
1929 810 2070 851 undique

424 864 564 904 negotia,
590 873 650 904 que
668 862 811 904 gerenda
828 863 969 893 humeris
987 862 1054 893 eius
1073 862 1271 899 incumbunt,
1297 871 1412 891 vacare
1431 860 1599 891 commode
1624 861 1866 902 presentialiter
1890 862 1975 893 circa
1997 872 2068 903 pre-

423 915 522 945 missa
538 914 702 956 nequibat,
727 915 885 945 commisit
902 913 1001 947 nobis,
1027 917 1061 944 ut
1085 913 1170 954 quod
1188 912 1372 943 huiusmodi
1398 913 1563 953 negotium
1593 923 1633 943 cx
1659 913 1811 943 eminenti
1837 923 1895 944 sua
1916 914 2068 955 qualitate

425 967 613 1007 requireret,
639 970 760 997 attente
778 965 1072 1007 circumspectionis
1091 965 1195 995 studio
1215 964 1407 995 videremus.
1489 964 1536 1005 (2)
1561 964 1645 1006 Ipsis
1662 965 1770 1006 itaque
1796 965 1987 996 tractatibus
2012 976 2069 1007 per

424 1029 481 1049 nos
507 1029 577 1049 cum
603 1019 703 1049 multa
727 1018 957 1049 deliberatione
983 1016 1180 1059 discussis]²‚
1211 1027 1308 1058 super
1332 1016 1409 1049 hiis,
1441 1026 1501 1057 que
1526 1027 1584 1057 per
1608 1027 1664 1047 vos
1690 1020 1722 1047 et
1747 1016 1883 1047 eundem
1908 1016 2069 1048 dominum

424 1080 533 1111 regem
560 1080 596 1100 ac
613 1069 754 1100 nobilem
779 1070 880 1099 virum
906 1069 1068 1099 dominum
1087 1068 1122 1099 C.
1140 1069 1319 1110 principem
1346 1068 1587 1099 Salernitanum
1610 1068 1861 1110 primogenitum
1886 1069 1987 1110 ipsius
2012 1068 2067 1100 do-

425 1121 502 1151 mini
527 1122 612 1162 regis
643 1121 791 1152 facienda
815 1124 970 1152 tractatus
995 1121 1056 1161 ipsi
1082 1120 1257 1161 requirunt,
1282 1123 1374 1151 notas
1401 1123 1432 1151 et
1457 1120 1591 1150 forman]
1615 1123 1647 1151 et
1669 1119 1807 1159 modum,
1833 1123 1927 1162 prout
1951 1120 2072 1161 negotii

426 1173 563 1213 qualitas
598 1173 715 1213 exigit,
746 1172 863 1213 quibus
894 1173 935 1202 sit
963 1172 1002 1202 ad
1036 1172 1312 1202 consumationem
1343 1171 1465 1212 negotii
1490 1170 1745 1212 procedendum,
1779 1174 1873 1213 prout
1896 1171 2011 1202 vestris
2034 1181 2070 1202 ac

426 1223 526 1264 ipsius
551 1223 669 1254 domini
696 1223 781 1264 regis
807 1223 934 1253 nunciis
959 1223 1017 1253 l'uit
1042 1223 1144 1253 visum
1170 1222 1359 1264 expediens7
1385 1223 1597 1264 explicantes³
1622 1222 1661 1253 de
1685 1223 1875 1254 nunciorum
1899 1222 2070 1254 eorundem

426 1285 576 1314 assensu,
605 1275 680 1305 licet
709 1274 748 1304 ad
773 1274 803 1305 id
828 1274 1013 1305 mandatum
1048 1274 1144 1305 iidem
1177 1274 1283 1304 nuncii
1307 1284 1370 1304 non
1395 1274 1572 1313 haberent,
1604 1275 1673 1306 fieri
1703 1285 1760 1305 seu
1785 1274 1915 1305 formari
1938 1274 2071 1306 fecimus

427 1329 459 1357 et
482 1337 523 1357 ex
548 1327 593 1356 cis
618 1327 701 1363 illas‚
726 1326 764 1357 (le
789 1326 903 1367 quibus
930 1336 986 1368 per
1010 1337 1065 1357 vos
1091 1326 1203 1356 confici
1230 1326 1398 1367 privilegia
1423 1327 1580 1363 convenit5
1607 1326 1664 1357 sub
1690 1326 1803 1367 sigillis
1829 1326 1947 1357 nostris
1973 1336 2070 1357 vene-

426 1378 517 1409 rabili
548 1379 578 1408 in
609 1378 737 1408 Christo
766 1379 847 1419 patri
880 1377 1005 1408 domino
1039 1378 1072 1408 P.
1107 1378 1258 1419 episeopo
1289 1378 1488 1419 Tripolitano
1518 1378 1765 1409 transmittimus
1798 1378 1829 1408 in
1863 1378 1951 1419 regia
1975 1377 2069 1419 privi-

423 1430 512 1470 legia
535 1429 744 1470 redigendas,
781 1433 874 1470 prout
907 1430 936 1459 in
968 1430 1083 1460 litteris
1114 1430 1232 1460 nostris
1261 1440 1340 1471 quas
1370 1430 1430 1461 sibi
1455 1430 1703 1461 transmittimus
1732 1431 1858 1472 plenius
1882 1430 2070 1461 continetur.

425 1483 472 1522 (3)
497 1481 564 1511 Vos
590 1482 697 1522 itaque
724 1481 884 1522 premissa
909 1484 940 1512 ct
966 1482 1116 1512 affectum
1140 1481 1276 1522 predicti
1308 1481 1427 1512 domini
1459 1482 1557 1513 nostri
1588 1492 1625 1512 ae
1656 1482 1778 1523 negotii
1802 1481 1988 1522 qualitatem
2012 1490 2071 1511 nec

425 1533 527 1563 minus
552 1533 682 1563 lionoris
710 1533 809 1563 vestri
834 1533 1013 1563 decentiam
1038 1533 1258 1573 advertentes,
1284 1533 1410 1564 faciatis
1435 1534 1459 1564 si
1484 1534 1601 1575 placet,
1626 1533 1709 1575 quod
1734 1534 1839 1564 omnia
1863 1536 2016 1575 quantum
2039 1532 2071 1562 in

425 1585 514 1615 vobis
543 1588 591 1615 est
619 1595 676 1625 per
706 1595 761 1615 vos
790 1585 820 1614 in
852 1595 890 1615 ea
920 1585 1119 1626 perfectione
1155 1596 1217 1626 qua
1241 1586 1390 1616 convenit
1426 1586 1662 1627 compleantur,
1693 1586 1738 1616 ita
1761 1585 1846 1626 quod
1869 1584 1992 1626 prefato
2015 1583 2070 1614 do-

426 1637 511 1666 mino
535 1639 645 1666 nostro
671 1636 788 1666 exinde
814 1637 926 1666 merito
952 1637 1108 1677 placcatis
1134 1642 1165 1667 ct
1189 1637 1280 1668 vobis
1297 1637 1402 1668 laudis
1428 1637 1580 1668 adveniat
1602 1638 1846 1668 incrementum.
1892 1635 2071 1667 Attenden-

425 1687 499 1718 dum
525 1691 573 1718 cst
598 1687 711 1726 ctiam,
743 1688 845 1718 visum
876 1688 943 1718 fore
980 1688 1157 1730 expediens
1188 1689 1313 1719 nunciis
1345 1689 1555 1731 supradictis,
1588 1688 1672 1730 quod
1697 1689 1727 1719 in
1753 1688 2018 1730 promissionibus
2041 1689 2072 1718 et

426 1739 627 1769 firmitatibus
662 1739 819 1769 faciendis
851 1750 913 1769 una
945 1750 1014 1769 cum
1046 1741 1310 1781 procuratoribus
1341 1741 1381 1771 sit
1405 1741 1538 1771 tabellio
1563 1740 1725 1782 publicus,
1757 1740 1810 1782 qui
1834 1740 1873 1771 de
1897 1739 1976 1782 ipsis
1998 1748 2071 1780 pro-

426 1791 634 1821 missionibus
661 1793 692 1820 οἵ,
716 1790 918 1821 firmitatibus
944 1791 1093 1821 conficiat
1118 1792 1488 1833 publicainstrumenta,
1513 1792 1720 1834 concipiendo
1738 1803 1774 1823 ac
1792 1791 1957 1823 formando
1975 1790 2071 1822 verba

427 1842 669 1883 promissionum
704 1846 734 1872 ct
762 1843 1003 1884 stipulationum
1039 1848 1102 1873 tam
1142 1844 1172 1873 in
1206 1854 1344 1885 persona
1374 1848 1618 1885 procuratorum
1644 1854 1737 1885 quam
1763 1844 1859 1874 etiam
1882 1844 1914 1874 in
1938 1852 2073 1884 persona

426 1903 483 1923 sua
508 1893 690 1934 recipiendo
715 1904 842 1935 semper
866 1894 993 1925 nomine
1019 1895 1103 1935 regis
1129 1898 1161 1926 et
1186 1896 1336 1937 principis
1361 1895 1588 1937 predictorum.
1636 1895 1678 1926 Et
1702 1895 1786 1926 idem
1817 1896 1873 1926 fiat
1902 1905 1958 1937 pro
1981 1897 2071 1936 parte

426 1952 533 1975 vestra
557 1945 586 1975 in
612 1946 875 1986 promissionibus
900 1946 1056 1977 faciendis
1081 1958 1099 1977 a
1122 1957 1200 1988 rege
1225 1958 1261 1978 ac
1298 1948 1443 1989 principe
1469 1947 1672 1988 supradictis

534 2004 607 2035 Dat.
635 2005 747 2043 Home,
783 2005 841 2035 ΙΙΙ,
864 2006 944 2036 Non.
969 2006 1149 2043 Februarih
1183 2018 1265 2037 anno
1302 2007 1430 2038 Domini
1458 2006 1691 2046 MCCLXXX,
1722 2007 1926 2049 pontificatus
1954 2005 2070 2037 domini

428 2055 550 2086 Nic-olai
575 2067 657 2097 pape
686 2057 742 2087 ΙΙΙ.
768 2068 851 2087 :inno
877 2058 979 2088 tertio.

502 2226 578 2258 2423.
607 2228 882 2259 le'Tlssl‘(¹'l'!()
912 2229 1177 2260 lfolel'NDJsM
1197 2230 1527 2263 INTJJRNL‘NTJO
1550 2231 1687 2262 DATA.
1734 2232 1826 2261 1:360.
1866 2230 1954 2261 Febr.
1971 2231 2002 2261 3.

536 2296 648 2326 Iulida
674 2296 766 2336 Kopp
790 2297 807 2327 l.
829 2310 852 2327 κ.
872 2301 996 2335 J»..²1'.³;.'›,
1046 2298 1159 2329 Immo
1189 2310 1258 2329 ‹wn
1289 2300 1390 2330 aulem
1416 2300 1559 2339 Ji'(ye'slt·o
1590 2300 1643 2337 fol.
1663 2302 1704 2330 92
1727 2299 1856 2330 comum
1880 2297 2069 2337 Pofflclscher.

435 2349 481 2385 ‘'l'.
507 2348 650 2384 Dolenter,
676 2348 749 2386 Ii'r‘gl.
769 2348 839 2386 imp.
865 2348 913 2385 I'J,
937 2351 1023 2380 llo-3¹5.
1779 2351 1832 2390 (P.
1858 2351 1964 2388 (locst.)

534 2442 721 2472 chcrabili
748 2443 778 2472 in
797 2442 929 2473 Clu-isto
948 2444 1029 2484 patri
1056 2448 1087 2474 ct
1111 2445 1213 2474 amico
1232 2445 1398 2475 caris-sinn)
1416 2445 1544 2476 domino
1563 2446 1598 2476 P.
1616 2445 1678 2476 Dei
1703 2446 1806 2486 gratia
1832 2445 1982 2486 episcopo
1999 2442 2067 2474 Tri-

431 2484 572 2534 politani)
586 2493 735 2523 Manu-us
755 2494 961 2525 miseratione
979 2495 1086 2525 divina
1106 2497 1222 2526 Sancto
1243 2496 1343 2527 Music
1362 2497 1391 2527 111
1414 2497 1542 2527 l’orticu
1561 2497 1714 2528 diaconus
1731 2496 1901 2527 cardinalis
1919 2495 2068 2526 013130110-

428 2545 531 2575 dictus
555 2544 594 2575 dc
619 2545 769 2584 Anagnia
793 2545 912 2575 domini
938 2557 1019 2587 pape
1045 2548 1189 2578 notarius
1217 2548 1355 2578 salntem
1385 2551 1416 2579 ct
1440 2549 1597 2579 sinceram
1622 2549 1652 2579 in
1678 2548 1815 2578 Domino
1840 2547 2014 2578 caritatem.

536 2605 582 2645 (Ι)
608 2605 787 2635 l'lacnissct
813 2606 1016 2636 sanctissimo
1045 2607 1126 2647 patri
1156 2611 1188 2637 ct
1216 2607 1344 2638 domino
1375 2612 1484 2638 nostro
1514 2608 1641 2639 domiuo
1669 2608 1802 2639 Nicolao
1833 2607 1940 2638 diviua
1965 2604 2067 2648 provi-

431 2656 540 2687 dentia
564 2667 646 2697 pape
665 2656 723 2688 ΙΙΙ,
748 2657 771 2686 si
796 2658 995 2688 consumatio
1020 2668 1140 2697 corum7
1170 2669 1230 2700 qne
1256 2659 1339 2690 inter
1364 2660 1552 2701 magnificos
1575 2660 1736 2702 principes
1760 2659 1923 2691 dominum
1947 2658 1985 2690 R.
2003 2656 2065 2687 Ro-

531 2749 595 2775 2-12.
615 2755 636 2782 ⁴³)
658 2752 696 2783 ι”χῖ
717 2761 746 2776 ςιι
765 2761 827 2783 quac
847 2752 976 2777 adnotavit
999 2753 1205 2778 lx'altsttbruntzcr
1224 2755 1239 2778 l.
1255 2763 1273 2778 c.

2096 716 2119 735 10

2098 976 2120 995 15

2097 1232 2121 1251 2⁰

2096 1491 2120 1511 2⁵

2096 1750 2120 1770 ³0

2095 2013 2118 2033 ³5

2092 2451 2116 2470 ⁴0

2090 2753 2113 2778 ⁴⁵

2184 1945 2194 2074 l

2179 2061 2191 2214 l

2175 2215 2186 2419 l

2175 2495 2179 2515 l

2170 2546 2177 2640 11

2154 2988 2259 3116 la
