2259 3116
429 120 469 148 46
811 114 968 141 RUDOLFI
988 114 1094 141 REGIS
1114 113 1437 142 CONSTITUTIONES.
1474 113 1548 139 1274.
1584 113 1633 140 Nr.
1647 113 1687 139 50.

429 202 607 244 privilegiis
640 205 672 233 et
703 202 955 232 iuramentorum
992 204 1144 232 contenta
1171 201 1340 232 tenoribus
1375 201 1521 232 eiusdem
1550 200 1637 241 regis
1667 200 1706 232 R.
1731 200 1862 231 nomine
1893 199 2076 238 ratificavit,

429 258 499 285 rata
524 258 555 284 ct
579 254 670 284 firma
695 264 728 284 se
753 253 875 284 habere
907 264 943 284 ac
975 253 1016 284 ab
1041 253 1113 284 aliis
1137 253 1249 284 haberi
1274 253 1358 284 velle
1383 252 1549 294 professus
1582 254 1631 283 est
1655 255 1687 282 et
1711 251 1825 282 eadem
1849 251 2016 282 innovavit
2039 262 2076 282 ac

429 306 469 337 de
494 316 576 336 novo
602 304 793 336 concessitd.
882 303 931 346 (3)
948 304 1101 335 Promisit
1118 304 1248 346 insuper
1265 304 1378 335 eodem
1402 304 1532 335 nomine
1557 314 1593 334 ac
1616 303 1734 334 iuravit
1757 303 1789 333 in
1813 303 1953 334 animam
1976 303 2078 344 ipsius

430 358 513 398 regis
537 357 587 395 R„
611 362 685 395 quod
709 361 769 395 ipse
793 370 850 387 rex
875 370 924 394 per
947 369 976 387 se
1000 361 1044 387 vel
1068 369 1117 394 per
1140 360 1227 386 alium
1251 369 1299 387 seu
1323 360 1393 386 alios
1417 369 1474 386 non
1491 359 1642 394 occupabit
1664 368 1716 386 nec
1732 359 1848 385 invadet
1870 359 1899 385 in
1923 361 2015 386 totum
2032 359 2077 386 vel

431 414 463 439 in
487 414 617 447 partem*
640 414 750 440 terras*
774 413 890 439 ecclesie
914 412 1038 439 Romane
1062 414 1111 438 aut
1134 414 1224 438 terras
1248 412 1433 438 vassallorum
1456 411 1529 444 eius,
1561 420 1630 445 quas
1654 411 1714 437 iure
1738 411 1813 437 feudi
1837 411 1881 437 vel
1905 411 1955 437 sub
1980 419 2078 438 census

428 467 478 491 aut
501 465 617 492 alterius
641 464 823 498 prestationis
851 464 935 490 titulo
966 464 1024 490 sive
1049 464 1104 490 alio
1128 472 1305 497 quocumque
1334 463 1416 490 modo
1446 465 1546 489 tenent
1573 463 1609 489 ab
1638 463 1701 497 ipsa
1729 462 1858 491 ecclesia.
1889 471 1941 489 nec
1964 471 2011 489 eas
2036 463 2078 489 vel

430 526 525 543 earum
548 517 673 550 aliquam
697 516 860 550 procurabit
884 513 1013 550 occupari
1038 524 1087 549 per
1115 515 1202 541 aliurn
1231 524 1278 542 seu
1313 515 1384 541 alios
1408 515 1451 542 vel
1480 515 1584 541 invadi.
1631 514 1703 546 Quin
1733 514 1819 541 etiam
1849 523 1900 541 nec
1928 514 2004 548 ipsas
2027 523 2078 541 nec

428 570 558 595 tenentes
582 569 702 600 easdem,
727 577 755 594 se
780 568 823 594 vel
848 569 937 594 terras
961 567 1037 601 ipsas
1062 566 1114 592 sibi
1138 567 1213 593 ultro
1239 567 1366 593 volentes
1390 566 1524 598 subicere,
1549 575 1601 592 nec
1629 565 1751 592 officium
1779 565 1894 599 aliquod
1918 567 1967 592 aut
1989 566 2078 600 digni-

428 622 517 647 tatem
541 621 584 646 vel
608 628 813 654 quamcumque
837 620 1009 653 potestatem
1032 618 1061 644 in
1085 618 1167 645 terris
1191 618 1296 645 eisdem
1320 620 1349 645 et
1367 618 1528 652 specialiter
1551 618 1581 644 in
1604 618 1720 645 civitate
1736 618 1863 644 Romana
1886 617 2004 651 recipiet
2027 618 2077 644 sub

429 681 604 705 quocumque
628 672 720 698 colore
744 671 804 697 sine
827 672 921 697 vestra
944 671 1148 696 vestrorumve
1173 678 1363 696 successorum
1386 670 1502 697 licentia
1526 669 1652 704 speciali.
1689 669 1726 696 Et
1750 670 1773 696 si
1796 670 1844 703 qui
1869 679 1915 697 eas
1940 678 2076 704 occupare

430 725 473 750 vel
497 724 629 750 invadere
653 724 835 757 temptarent,
860 731 916 748 non
940 722 1030 748 solum
1057 722 1209 756 denegabit
1240 722 1297 747 illis
1325 722 1474 754 auxilium,
1504 722 1653 748 consilium
1682 723 1710 748 et
1733 722 1858 748 favorem
1882 721 2025 755 publicum
2049 722 2077 747 et

429 776 576 808 occultum,
602 784 697 802 verum
718 775 805 801 etiam
829 775 864 800 ad
879 774 1093 808 requisitionem
1110 776 1233 800 vestram
1256 774 1470 800 dictorumve
1495 783 1686 800 successorum
1702 774 1814 800 adiutor
1830 773 1884 801 crit
1900 775 1998 800 contra
2013 773 2077 800 illos

429 828 457 853 in
481 827 662 854 defendendis
686 828 715 853 et
738 826 936 853 conservandis
954 826 1066 853 eisdem.
1157 821 1205 862 (4)
1230 826 1300 852 Item
1317 826 1392 859 quod
1415 825 1489 851 idem
1513 834 1561 852 rex
1578 825 1714 852 Rudolfus
1731 834 1781 860 per
1804 835 1833 852 se
1850 826 1894 852 vel
1917 835 1967 860 per
1990 826 2077 852 alium

428 888 483 905 non
508 879 630 905 offendet
654 879 789 905 vassallos
814 878 929 904 ecclesie
955 879 983 904 et
1007 877 1168 911 specialiter
1188 877 1367 911 magnificum
1389 877 1546 911 principem
1562 878 1706 904 dominum
1723 878 1855 905 Carolum
1871 887 1965 912 regem
1983 878 2077 904 Sicilie

427 931 584 957 illustreme
608 940 656 957 seu
685 931 802 957 heredes
831 930 919 964 ipsius
949 938 1000 956 nec
1025 929 1185 956 volentibus
1209 929 1301 963 ipsum
1334 929 1474 956 offendere
1505 929 1646 963 prestabit
1672 930 1835 962 consilium,
1863 930 1998 956 auxilium
2029 931 2079 956 aut

428 984 551 1009 savorem
576 983 686 1017 publice
711 983 754 1008 vel
779 982 900 1014 occulte,
931 990 981 1007 nec
1015 990 1132 1015 regnum
1156 981 1262 1013 Sicilie,
1292 982 1367 1015 quod
1394 976 1487 1008 idems
1510 990 1558 1008 rex
1582 981 1610 1007 C.
1634 981 1669 1008 ab
1701 982 1822 1008 eademg
1845 982 1972 1009 Romana
2000 983 2079 1008 tenet

428 1035 553 1067 ecclesia,
578 1035 621 1061 vel
647 1035 771 1068 aliquam
796 1034 854 1060 eius
879 1035 989 1067 partem
1013 1033 1164 1067 occupabit
1187 1035 1236 1059 aut
1259 1033 1375 1060 invadet
1399 1042 1449 1068 per
1480 1042 1509 1059 se
1534 1033 1578 1059 vel
1606 1042 1656 1067 per
1684 1033 1770 1059 alium
1803 1035 1853 1060 aut
1881 1034 2012 1068 occupari
2035 1034 2079 1060 vel

431 1087 525 1112 invadi
542 1086 712 1120 procurabit,
736 1095 787 1113 nec
804 1086 936 1112 invadere
960 1087 1010 1112 aut
1034 1094 1170 1120 occupare
1186 1085 1393 1120 temptantibus
1417 1085 1558 1119 prestabit
1580 1085 1725 1118 auxilium,
1750 1086 1897 1112 consilium
1922 1086 1979 1113 vel
2003 1085 2079 1112 favo-

429 1148 486 1164 rem
512 1139 653 1172 publicum
679 1139 721 1164 vel
745 1138 893 1164 occultum.
983 1133 1031 1174 (5)
1055 1138 1133 1164 Alios
1158 1138 1243 1164 etiam
1274 1138 1391 1164 devotos
1416 1137 1565 1170 *ecclesie,
1596 1138 1643 1171 qui
1672 1138 1782 1164 eidem*
1804 1137 1958 1164 astiterunt
1981 1139 2079 1164 contra

429 1190 584 1224 predictum
612 1190 804 1222 Frederieum,
828 1190 945 1216 heredes
969 1190 1013 1216 vel
1036 1199 1209 1216 successores
1239 1190 1339 1224 ipsius,
1369 1191 1518 1224 propterea
1552 1198 1609 1216 non
1636 1190 1780 1224 gravabit,
1810 1192 1853 1216 set
1879 1189 2078 1216 nichilominus

430 1242 623 1268 favorabiliter
652 1243 846 1275 prosequetur.
884 1241 1027 1267 Vassallos
1058 1243 1153 1268 autem
1183 1250 1246 1268 suos
1274 1243 1372 1268 contra
1402 1241 1593 1276 predictorum
1621 1241 1736 1275 aliquod
1763 1241 1899 1268 facientes
1922 1250 1973 1276 pro
1996 1250 2078 1275 posse

428 1293 502 1319 bona
533 1294 584 1319 fide
614 1295 780 1327 compescet.
826 1293 955 1319 Servabit
984 1295 1114 1327 preterea
1144 1296 1172 1320 et
1204 1294 1289 1320 faciet
1318 1293 1412 1320 omnia
1442 1295 1470 1319 et
1499 1293 1623 1327 singula,
1659 1302 1712 1327 que
1743 1293 1772 1319 in
1801 1293 1955 1320 canonibus
1978 1293 2078 1327 positis

429 1345 602 1379 sexagesima
627 1345 712 1371 tertia
737 1345 935 1377 distinctione,
964 1354 1082 1378 quorum
1106 1345 1219 1379 quidem
1249 1354 1386 1372 canonum
1419 1346 1492 1372 alter
1516 1345 1583 1379 ‘Ego
1608 1345 1789 1378 Lodowicus',
1821 1346 1894 1372 alter
1918 1354 1982 1372 vero
2007 1345 2079 1371 ‘Tibi

428 1397 540 1423 domino
565 1397 645 1430 pape*
671 1396 780 1430 incipit,
805 1392 1015 1423 eontinenturh.
1106 1392 1153 1433 (6)
1179 1397 1313 1430 Quodque
1337 1397 1411 1424 idem
1434 1406 1482 1424 rex
1500 1397 1636 1425 Rudolfus
1659 1397 1826 1431 predicta
1850 1398 1945 1424 omnia.
1967 1399 2026 1423 tam
2049 1397 2078 1422 in

428 1448 584 1482 privilegiis
614 1448 682 1482 ipsis
711 1450 845 1474 contenta
869 1457 952 1482 quam
978 1449 1033 1474 alia
1058 1448 1263 1475 inviolabiliter
1287 1449 1449 1476 observabit
1472 1458 1505 1476 ac
1528 1450 1561 1475 de
1585 1449 1729 1483 premissis
1753 1449 1882 1476 omnibus
1906 1451 1935 1476 et
1959 1448 2077 1483 singulis

429 1500 608 1526 observandis
625 1500 763 1534 prestabit
779 1500 862 1526 tactis
880 1501 1065 1527 sacrosanctis
1090 1501 1245 1535 euangeliis
1262 1502 1447 1535 corporaliter
1463 1502 1661 1534 iuramentum,
1686 1504 1715 1528 et
1730 1501 1880 1536 privilegia
1902 1510 1952 1536 per
1976 1501 2078 1532 omnia,

430 1551 521 1577 verbis
552 1554 646 1578 tamen
676 1552 857 1585 aliquibus
889 1554 1082 1586 competenter
1115 1553 1231 1579 mutatis
1262 1554 1346 1587 prout
1376 1553 1444 1579 facti
1467 1553 1591 1587 qualitas
1614 1553 1720 1587 exigit,
1754 1553 1857 1580 similia
1881 1552 2079 1588 suprascriptis

429 1603 612 1635 continentia,
631 1603 678 1635 [et]
696 1604 893 1630 nichilominus
907 1605 988 1638 plene
1006 1605 1099 1630 onmia
1115 1605 1180 1637 alia,
1197 1614 1251 1638 que
1267 1607 1362 1639 preter
1378 1605 1592 1639 privilegiorum
1607 1605 1807 1640 premissorum
1824 1607 1936 1632 tenores
1952 1605 2079 1639 superius

429 1655 631 1689 exprimuntur,
656 1665 687 1681 ac
711 1656 825 1690 insuper
848 1656 1073 1689 ratificationem,
1098 1657 1348 1689 confirmationem,
1373 1657 1585 1684 innovationem
1609 1666 1641 1684 ac
1664 1666 1767 1684 novam
1790 1657 1999 1684 concessionem
2022 1666 2077 1683 om-

430 1707 504 1732 nium
538 1707 794 1739 renuntiationum,
830 1708 1039 1741 dimissionum,
1075 1709 1305 1742 promissionum,
1342 1709 1595 1743 pollicitationum,
1630 1709 1826 1743 sponsionum,
1859 1709 2078 1741 concessionum,

429 1759 585 1785 cessionum
610 1761 643 1785 ct
659 1759 924 1792 confi1·1nationum¹⁶,
949 1756 1031 1793 quasi
1056 1760 1134 1793 [tam]
1159 1761 1249 1787 dictus
1267 1762 1450 1793 Fr(ederi)cus
1467 1762 1603 1788 secundus
1627 1771 1711 1795 quam
1734 1761 1784 1787 alii
1807 1770 1886 1795 reges
1910 1763 1939 1788 et
1961 1761 2079 1795 impera-

429 1813 504 1837 tores
539 1811 726 1837 Romanorum
761 1812 942 1845 precedentes
977 1813 1103 1839 eumdem
1138 1813 1222 1839 beato
1252 1814 1333 1840 Petro
1364 1815 1557 1848 apostolorum
1586 1813 1723 1848 principi,
1755 1813 1869 1839 summis
1898 1813 2077 1848 pontificibus

431 1862 479 1895 qui
504 1862 574 1896 p[ro]
600 1865 725 1896 tempore
750 1864 862 1889 suerunt
886 1864 928 1889 vel
953 1865 1068 1891 ecclesie
1086 1860 1225 1891 Romanei
1249 1866 1408 1899 prestitisse
1424 1868 1587 1898 noscuntur,
1612 1866 1723 1900 prefato
1740 1866 1933 1900 apostolorum
1956 1864 2077 1899 principi

430 1922 461 1939 ac
486 1914 564 1939 vobis
589 1915 765 1941 sanctissimo
796 1916 868 1949 patri
901 1916 960 1941 eius
991 1918 1143 1943 successori
1168 1918 1325 1951 ceterisque
1356 1918 1456 1944 vestris
1485 1918 1632 1944 catholicis
1661 1917 1868 1944 successoribus
1903 1919 1931 1943 et
1961 1916 2078 1943 ecclesie

430 1966 553 1991 Romane
578 1967 720 1997 concedet,
745 1967 977 2001 quandocumque
1001 1978 1050 2002 per
1075 1969 1167 1995 sedem
1185 1969 1371 2003 apostolicam
1394 1978 1477 2004 super
1501 1970 1554 1996 hoc
1578 1969 1682 1996 litteris
1700 1969 1786 1996 suerit
1803 1970 1847 1995 vel
1869 1969 1969 1995 nuntio
1986 1967 2076 2002 requi-

430 2018 507 2043 situs.
553 2017 585 2043 1⁴11
613 2018 768 2044 iuramenta
793 2019 878 2044 etiam
903 2021 1042 2053 prestabit
1066 2023 1093 2047 et
1110 2021 1220 2047 litteras
1245 2031 1328 2055 super
1349 2022 1509 2048 huiusmodi
1532 2022 1709 2055 prestatione
1734 2021 1877 2053 concedet,
1901 2022 1986 2054 prout
2008 2020 2076 2046 dicti

431 2078 509 2102 reges
535 2070 720 2096 Romanorum
747 2071 932 2104 prestiterunt
955 2081 987 2097 ac
1011 2075 1216 2099 concesserunt.
1307 2069 1353 2110 (7)
1378 2074 1531 2107 Postquam
1560 2076 1655 2100 autem
1680 2074 1797 2100 Romam
1828 2073 1863 2099 ad
1887 2072 2078 2106 recipiendum

430 2121 603 2153 unctionem,
634 2122 844 2148 coronationem
870 2132 916 2149 seu
942 2124 1086 2157 imperiale
1110 2125 1239 2151 diadema
1270 2125 1430 2159 pervenerit
1460 2126 1597 2159 ipsaque*
1621 2125 1741 2159 ceperit,
1771 2125 1908 2159 premissa
1932 2124 2026 2151 omnia
2050 2126 2078 2150 et

433 2173 543 2206 singula
568 2173 712 2199 innovabit
739 2183 786 2199 seu
810 2174 843 2200 de
861 2183 933 2201 novo
959 2176 1051 2207 saciet,
1076 2186 1108 2202 ac
1132 2177 1191 2202 sine
1216 2177 1311 2210 aliqua
1334 2177 1502 2203 difficultate
1526 2177 1686 2203 iuramenta
1709 2177 1856 2211 prestabit,
1881 2185 1934 2210 que
1958 2176 2077 2210 impera-

431 2227 505 2250 tores
531 2225 734 2251 Romanorum
759 2226 894 2252 hactenus
919 2227 1112 2260 prestiterunt.
1201 2224 1249 2265 (S)
1276 2229 1343 2255 ltein
1368 2229 1442 2262 quod
1471 2229 1562 2255 dictus
1594 2238 1641 2255 rex
1666 2229 1801 2255 Rudolfus
1832 2229 1906 2255 bona
1934 2228 1986 2254 fide
2017 2227 2077 2253 sine

431 2277 526 2302 fraude
551 2278 579 2301 et
603 2277 676 2302 malo
701 2277 813 2311 ingenio
838 2279 1014 2312 prm-uram,
1039 2280 1111 2312 qno-l
1138 2290 1233 2306 omnes
1256 2281 1397 2314 principes
1421 2281 1566 2307 Aleinanic
1596 2281 1659 2307 laici
1689 2281 1858 2314 promittent
1886 2279 1914 2306 et
1937 2279 2078 2311 iurabunt,

431 2338 458 2353 se
482 2328 555 2353 bona
580 2328 630 2353 tide
648 2330 793 2355 curaturos
817 2332 845 2355 et
863 2331 992 2362 tacturos,
1017 2332 1090 2363 quod
1116 2332 1280 2365 prefatus
1305 2342 1351 2358 rex
1371 2333 1504 2358 lludoll'us
1528 2332 1664 2366 premissa
1688 2332 1782 2358 onmia
1805 2334 1834 2358 et
1857 2332 1968 2365 singula
1990 2331 2078 2358 invio-

431 2379 555 2405 labiliter
579 2380 751 2412 observabit,
787 2383 812 2406 et
839 2381 860 2406 si
890 2382 963 2415 qnod
987 2383 1061 2408 absit
1087 2383 1144 2416 ipse
1169 2393 1214 2409 rex
1240 2384 1270 2410 li.
1297 2384 1422 2417 predicta
1453 2394 1507 2410 nou
1532 2386 1671 2415 servaret,
1702 2384 1784 2410 iidem
1810 2384 1950 2418 principes
1973 2383 2002 2409 in
2027 2384 2078 2409 hoc

431 2431 482 2463 ipsi
507 2431 687 2467 :gliquatvnus
712 2442 766 2457 non
791 2433 932 2460 assistent.

539 2486 587 2527 (a)
612 2487 719 2517 'l'enor
742 2492 849 2519 autem
875 2489 1028 2526 mandati,
1053 2490 1137 2530 quod
1163 2490 1247 2521 idem
1274 2491 1486 2522 cancellarius
1512 2491 1656 2522 ciusdem
1685 2492 1771 2532 regis
1795 2491 1921 2522 Rudolfi
1947 2491 2073 2522 nomine

433 2538 641 2579 presentavit,
667 2549 723 2578 per
749 2539 853 2568 omnia
880 2540 954 2570 talis
979 2545 1041 2570 cst:

537 2596 758 2627 ‘Sam-tissima
785 2598 814 2628 in
840 2599 1113 2631 Christo—anno
1137 2600 1258 2642 priuno'.
1297 2612 1395 2640 snpra
1420 2613 1466 2632 ην.
1485 2604 1537 2632 4⁸.

533 2692 579 2717 50.
600 2691 624 2723 ¹¹}
644 2694 669 2717 ιἰι
689 2702 782 2716 rasura
803 2703 839 2718 or.
945 2699 966 2717 ι·)
988 2704 997 2718 r
1018 2695 1041 2718 0'11
1063 2704 1156 2719 rasura
1176 2705 1213 2720 or.
1316 2697 1333 2725 ί)
1355 2697 1402 2721 ιιι)ιὶ
1424 2698 1486 2721 iden!
1508 2698 1532 2721 [ιι
1553 2707 1646 2722 rasura
1666 2708 1702 2722 or.
1800 2698 1825 2729 Κ)
1844 2700 1871 2723 C.
1891 2699 1923 2723 ab
1943 2699 2029 2723 eadem
2049 2697 2073 2722 1'11

430 2744 523 2759 ‘rasura
544 2744 580 2760 or.
670 2735 694 2766 ¹¹)
714 2737 857 2760 continetur
876 2746 910 2761 ον,
1002 2737 1020 2769 i)
1041 2747 1104 2769 quas
1125 2739 1205 2763 [lictus
1224 2753 1229 2755 <
1244 2740 1355 2763 Romam·
1374 2741 1398 2763 in
1419 2750 1513 2764 rasura
1534 2750 1570 2765 or.

2105 678 2129 696 10

2107 935 2129 953 15

2105 1192 2130 1211 2⁰

2106 1450 2130 1469 2⁵

2107 1712 2131 1730 30

2106 1971 2130 1989 :55

2104 2230 2130 2248 40

2103 2500 2127 2518 45
