2259 3116
461 109 516 138 176
766 105 920 132 RUDOLFI
941 105 1044 131 REGIS
1065 103 1386 131 CONSTl'l'UTIeNEs.
1424 103 1498 129 1278.
1535 101 1795 128 Nr.1=59.1{›0.191.

456 197 563 225 nostre
595 193 762 235 presencie
789 196 819 223 te
850 193 1013 224 acceleres
1048 195 1247 234 presentare.
1293 191 1490 222 Confidimus
1514 190 1598 221 0111111
1627 193 1659 220 01
1690 199 1856 230 speramus
1888 189 1919 219 in
1952 200 2006 227 eo,
2039 190 2091 230 qui

458 247 616 276 hactenus
641 247 750 275 nostra
775 248 807 275 et
831 244 955 286 imperii
980 244 1111 285 negotia
1135 243 1252 274 direxit
1278 243 1414 274 feliciter
1438 243 1469 273 in
1493 242 1645 279 salutem,
1677 241 1761 282 quod
1790 240 2007 271 mediantibus
2031 241 2092 272 tuis

458 302 490 329 et
514 297 659 336 aliorum,
684 296 722 326 de
747 296 863 337 quibus
882 296 1065 337 specialiter
1082 296 1305 337 presumimus,
1330 295 1456 326 auxiliis
1479 297 1512 325 et
1528 293 1666 325 consiliis
1691 293 1855 334 oportunis
1872 296 2092 324 contumacem

456 349 592 391 predicti
617 348 719 379 hostis
744 348 846 378 nostri
877 347 1079 388 superbiam,
1114 357 1177 388 qua
1206 350 1317 377 contra
1347 357 1404 377 nos
1432 346 1567 387 insurgit
1591 349 1623 376 et
1651 344 1780 375 vehitur
1802 344 2016 382 incessanter,
2050 345 2093 374 sie

456 403 604 442 potenter
627 400 812 430 succulcare
846 399 1035 438 debeamus,
1072 398 1288 429 succulcatani
1319 398 1363 429 sic
1392 397 1544 428 radicitus
1581 397 1761 438 extirpare,
1798 395 1883 437 quod
1910 395 1998 426 nulla
2032 395 2091 427 sibi

456 453 595 483 facultas
631 452 762 482 inantea
798 454 949 493 suppetat
986 454 1096 482 contra
1133 461 1190 481 1105
1227 454 1258 481 01
1286 450 1457 492 imperium
1486 449 1560 490 quid
1595 448 1788 480 contumelie
1817 448 1867 479 vel
1899 448 2091 489 gravaminis

457 499 681 546 attemptandi.
728 503 881 534 Ceterum
907 503 988 534 sciat
1011 506 1066 533 tua
1090 503 1285 533 strennuitas
1310 513 1366 544 pro
1391 502 1572 540 constanti,
1603 500 1687 542 quod
1712 501 1737 530 si
1761 499 1845 541 quod
1870 500 1955 531 absit
1979 500 2010 531 in
2034 501 2093 532 hoc

456 556 606 597 negocio,
637 566 655 586 a
687 566 748 596 quo
772 558 953 585 nostrorum
985 557 1017 586 et
1047 555 1171 596 imperii
1200 565 1237 585 ac
1265 554 1374 585 inclite
1398 553 1436 584 Α,
1464 553 1651 584 contectalis
1675 556 1798 591 nostre,
1823 554 1877 582 tue
1902 552 2033 590 sororis,
2058 563 2093 584 ac

456 608 630 639 liberorum
655 610 836 638 nostrorum
867 617 1074 638 successuum
1098 606 1242 637 felicium
1267 605 1371 647 quoad
1395 605 1562 647 presencia
1590 615 1714 636 summa
1742 603 1918 645 dependet,
1950 603 2093 635 desidem

456 664 486 691 te
511 660 679 701 prebueris
705 662 736 690 et
760 659 944 698 remissum,
978 668 1036 689 1105
1060 668 1172 688 revera
1195 658 1264 688 vice
1289 668 1382 688 versa
1406 657 1482 694 hiis,
1514 668 1575 698 que
1606 657 1668 688 tuis
1692 659 1724 687 et
1748 660 1873 687 tuorum
1898 656 2093 697 profectibus

456 712 527 743 visa
551 712 669 743 fuerint
694 711 861 752 expedire,
887 721 925 742 ea
950 710 1065 741 mentis
1089 710 1272 750 alacritate,
1303 720 1341 740 ea
1365 710 1473 751 gracie
1498 713 1606 740 nostre
1631 709 1801 740 affluencia
1825 711 1857 739 et
1880 708 1998 739 favoris
2022 719 2092 750 pre-

455 764 601 805 rogativa
626 764 707 795 sicut
730 764 888 794 hactenus
914 763 1001 793 1111110
1025 773 1177 804 umquam
1203 765 1347 804 tempore
1373 761 1587 792 intendemus

997 925 1072 958 190.
1096 925 1247 958 ALIUD
1270 925 1556 958 MANDATUM.

564 997 617 1027 En
640 997 665 1027 Τ
689 1008 738 1028 νιν.
755 998 828 1028 304.
855 1015 891 1019 ——
917 996 1062 1034 Βϋῑιφηον,
1088 996 1161 1036 Rey.
1179 996 1252 1035 inq).
1274 995 1327 1033 VI,
1346 996 1417 1026 962.
1804 995 1856 1035 (P.
1882 996 1989 1035 (locst.)

565 1093 645 1123 Cum
675 1091 848 1122 secundum
874 1092 958 1133 quod
983 1091 1211 1123 verisimilibus
1238 1090 1428 1122 coniecturis
1453 1091 1681 1132 perpendimus
1706 1093 1738 1121 et
1763 1090 1860 1120 certis
1885 1089 2009 1121 indiciis
2034 1101 2090 1121 cx-

457 1146 617 1187 perimur,
646 1144 824 1175 futurarum
850 1155 1038 1185 guerrarum
1064 1144 1249 1175 discrimina
1272 1142 1431 1174 movenda
1459 1153 1530 1173 011111
1557 1143 1666 1174 11101110
1691 1152 1766 1183 rege
1791 1141 1948 1173 Bohemie
1974 1142 2094 1173 evitare

457 1197 641 1238 aliqualiter
665 1206 727 1227 nou
751 1196 922 1238 possimus,
949 1196 988 1226 ad
1014 1195 1113 1237 quod,
1140 1195 1222 1225 510111
1245 1194 1390 1225 ν1(10111115
1415 1194 1454 1225 ad
1478 1194 1620 1232 oculum,
1645 1194 1708 1225 iam
1732 1204 1782 1224 res
1807 1204 1947 1234 congrue
1972 1204 2006 1224 se
2030 1193 2093 1224 dis-

457 1252 588 1291 ponunt,
615 1251 748 1290 experte
773 1248 937 1279 fidelitatis
962 1251 1016 1278 tue
1042 1247 1259 1278 constanciam
1290 1247 1321 1277 in
1353 1257 1390 1277 eo
1419 1246 1495 1277 fidei
1529 1246 1651 1281 debito,
1684 1256 1745 1287 quo
1776 1245 1867 1276 nobis
1899 1246 2095 1287 astringeris,

457 1302 578 1332 seriose
604 1301 795 1342 requirimus
820 1304 853 1331 01
877 1300 1071 1342 propensius
1097 1299 1324 1339 exhortamur,
1358 1302 1515 1340 quatenus
1546 1298 1571 1328 si
1605 1298 1756 1329 honorem
1790 1297 1928 1338 regium,
1962 1297 2000 1328 de
2035 1307 2095 1338 quo

458 1363 660 1394 nequaquam
679 1352 880 1393 ambigimus,
905 1351 1013 1393 diligis
1031 1352 1223 1393 prosperari,
1249 1351 1274 1381 si
1297 1351 1328 1381 in
1353 1350 1444 1381 hoste
1463 1353 1592 1381 versuto
1617 1360 1675 1380 nos
1700 1349 1865 1380 desideras
1885 1349 2093 1391 triumphare,
2121 1365 2132 1376 κ»

458 1406 485 1436 51
509 1405 548 1436 (10
574 1405 661 1446 regia
686 1404 856 1435 maiestate
881 1404 1047 1445 perpetuis
1071 1403 1290 1434 beneficencie
1315 1413 1371 1433 sue
1396 1402 1584 1433 muneribus
1610 1402 1640 1432 in
1665 1404 1696 1433 te
1722 1405 1753 1432 et
1776 1401 1839 1432 tuis
1857 1401 1998 1432 volueris
2022 1411 2094 1442 pre-

458 1457 558 1493 miari,
584 1456 623 1486 ad
649 1459 758 1486 nostra
783 1459 814 1486 et
831 1456 955 1497 imperii
974 1456 1110 1486 servicia
1134 1465 1190 1497 pro
1216 1454 1334 1486 milicia
1358 1454 1485 1486 decenti
1511 1457 1543 1485 et
1560 1464 1702 1495 congrua
1726 1453 1800 1485 totis
1818 1452 1987 1484 affectibus
2003 1453 2095 1484 totis-

459 1519 520 1550 que
545 1508 666 1538 viribus
691 1507 822 1538 studeas
849 1507 1041 1548 diligencius
1066 1507 1226 1538 laborare.
1273 1506 1418 1538 Sciturus
1443 1517 1499 1548 pro
1525 1509 1627 1544 certo,
1653 1505 1737 1547 quod
1762 1505 1787 1536 si
1813 1505 1844 1535 in
1868 1505 1927 1535 hiis
1950 1507 2094 1546 prompte

458 1560 642 1591 devocionis
670 1559 773 1590 studio
805 1559 884 1590 votis
910 1560 1027 1590 nostris
1057 1559 1208 1591 annueris
1241 1562 1273 1590 et
1301 1559 1332 1589 in
1361 1558 1421 1589 hoc
1451 1558 1672 1591 neccessitatis
1697 1557 1846 1597 articulo,
1875 1558 1906 1588 in
1936 1567 1997 1598 quo
2021 1556 2094 1587 fidei

458 1616 513 1642 tue
538 1622 694 1642 summam
715 1611 863 1641 volumus
888 1611 1038 1652 experiri,
1063 1615 1116 1642 tue
1142 1611 1306 1642 servitutis
1330 1610 1484 1652 obsequio
1501 1621 1558 1641 nos
1576 1609 1705 1641 duxeris
1722 1608 1936 1648 honorandos,
1959 1609 1990 1639 in
2007 1608 2095 1639 uberi
2122 1619 2132 1637 2²

459 1663 629 1694 affluencia
653 1663 834 1703 graciarum
859 1663 918 1693 1100
943 1663 986 1693 ita
1011 1673 1221 1704 compensare
1246 1662 1458 1704 disponimus,
1484 1662 1568 1704 quod
1595 1665 1686 1704 grata
1711 1665 1743 1693 01
1767 1665 1900 1703 accepta
1916 1659 2097 1692 huiusmodi

460 1715 594 1746 servicia
618 1718 708 1756 grato
734 1714 861 1745 domino
886 1715 1104 1755 gratulaberis
1130 1714 1337 1756 impendisse.

1000 1877 1074 1909 191.
1105 1878 1256 1910 ALIUI)
1279 1877 1564 1911 MANDATUM.
1993 1917 1998 1927 '

566 1946 723 1977 Imdilzcm
749 1947 861 1977 (sanans
885 1957 922 1977 ω·
946 1946 971 1976 Τ
997 1957 1043 1977 ην,
1061 1948 1134 1977 347.
1160 1966 1198 1969 —
1223 1947 1369 1984 Balanos,
1394 1947 1467 1987 Ray.
1484 1948 1556 1986 imp.
1584 1946 1624 1978 Vl
1648 1947 1738 1977 deest.
1806 1946 1859 1985 (P.
1885 1947 1992 1986 deest.)

568 2041 734 2072 Hactenus
771 2045 802 2072 te
837 2052 964 2083 semper
994 2052 1074 2083 pura
1104 2042 1166 2073 fide
1197 2046 1228 2073 et
1262 2042 1437 2073 devocione
1469 2043 1596 2074 sincera
1626 2042 1844 2074 indefessuma
1872 2043 1904 2073 in
1933 2042 2095 2084 obsequiis

461 2094 576 2123 nostris
602 2094 782 2124 invenimus
812 2096 843 2124 et
868 2105 925 2135 pro
950 2094 1080 2124 nostrob
1106 2098 1137 2125 01
1161 2094 1242 2125 sacri
1274 2094 1396 2125 honore
1420 2095 1545 2136 imperii
1569 2094 1747 2126 attollendo
1772 2095 1804 2125 in
1829 2105 1938 2125 omnes
1963 2097 2095 2125 eventus

462 2149 526 2175 tam
552 2156 722 2186 prosperos
751 2156 845 2186 quam
871 2145 1022 2176 adversos
1048 2146 1234 2176 accinctum.
1274 2146 1325 2177 Ex
1351 2146 1409 2177 hac
1434 2146 1531 2187 igitur
1556 2147 1682 2178 servicii
1707 2146 1957 2188 promptitudine
1981 2145 2020 2176 de
2041 2148 2096 2176 tua

461 2196 614 2227 fidelitate
648 2197 744 2237 plena
772 2197 907 2227 collecta
931 2197 1047 2228 fiducia
1072 2208 1237 2238 rogamus,
1270 2209 1439 2229 monemus
1472 2202 1504 2229 et
1536 2198 1702 2229 hortamur
1726 2198 1809 2229 omni
1841 2208 1902 2239 quo
1926 2207 2095 2239 possumus

461 2248 564 2279 studio
590 2252 621 2278 et
646 2249 773 2286 ati'ectu,
800 2252 957 2290 quatenus
983 2260 1053 2279 011111
1078 2250 1226 2280 omnibus
1252 2261 1332 2291 quos
1358 2250 1475 2281 habere
1501 2250 1619 2291 poteris
1644 2250 1676 2280 in
1699 2250 1796 2280 armis
1821 2249 1944 2280 bellicis
1963 2248 2094 2291 expedi-

463 2304 510 2329 tos
536 2300 605 2330 sine
631 2299 789 2331 dilacione
807 2311 934 2331 morosa
959 2300 997 2331 ud
1024 2312 1081 2331 nos
1100 2301 1209 2331 venias
1235 2306 1266 2332 et
1291 2312 1450 2343 appareas
1476 2302 1649 2332 honorifico
1668 2312 1774 2332 corani
1791 2301 1892 2332 nobis.
1931 2300 1990 2331 Est
2014 2300 2095 2331 enim

461 2351 500 2381 ad
528 2362 661 2392 presens
687 2352 776 2381 nobis
802 2357 858 2382 tua
883 2353 1083 2383 neccessaria
1108 2353 1286 2393 presencia.
1312 2353 1401 2384 cuius
1421 2364 1562 2389 causam,
1587 2353 1661 2384 dum
1679 2352 1717 2382 ad
1737 2362 1793 2383 nos
1811 2353 1946 2391 veneris,
1971 2351 2096 2394 plenius

463 2403 518 2433 tibi
544 2403 722 2444 pandemus
747 2404 876 2434 eraculo
902 2404 973 2434 vive
999 2404 1094 2434 vocis.

546 2465 559 2477 δ

568 2721 627 2747 1111.
647 2726 669 2748 «Ὶι
691 2723 846 2746 indust-nsum
874 2722 898 2746 T.
988 2723 1010 2744 ¹¹·
1032 2724 1075 2747 nra
1102 2723 1128 2747 T.

2122 665 2144 684 10

2122 1106 2144 1124 15

2122 2056 2145 2075 30

2121 2316 2144 2335 ³5
