2259 3164
561 179 717 206 RUDOLFI
736 178 840 206 REGIS
860 178 1178 206 CONSTITUTIONES.
1217 181 1290 207 1286.
1326 181 1373 207 Νι·.
1386 182 1443 208 375.
1754 184 1813 214 357

191 268 296 306 Stirie,
320 267 439 298 domini
465 265 624 304 Oai-niole,
648 266 791 297 Marchie
816 276 853 297 ac
877 265 1118 302 Portusnaonis,
1142 267 1303 308 principes
1330 271 1361 298 et
1385 268 1440 298 filii
1464 268 1562 298 nostri
1586 268 1704 306 dilecti,
1729 269 1813 309 apud

189 320 368 360 Augustam
394 319 425 348 in
449 321 559 348 nostra
581 318 744 359 presentia
768 317 932 348 constituti
958 317 1142 348 celsitudini
1167 321 1273 348 nostre
1298 318 1422 349 devotis
1447 319 1594 360 precibus
1619 320 1813 359 institerunt,

189 371 336 413 quatinus
360 370 572 411 principatum
598 370 665 400 sive
689 369 838 400 ducatum
863 372 947 399 terre
972 368 1152 405 Karinthie,
1183 379 1244 410 quo
1269 370 1355 410 ipsos
1379 371 1441 400 iam
1459 370 1575 401 dudum
1601 382 1671 402 cum
1697 372 1813 402 ceteris

189 422 366 461 ducatibus,
391 421 540 452 videlicet
564 421 695 451 Austrie
722 425 754 450 et
773 420 868 451 Stirie
893 420 1093 461 supradictis,
1119 420 1157 451 de
1183 431 1341 451 consensu
1365 422 1541 463 principum
1567 423 1740 453 electorum
1765 424 1813 453 ius

151 484 161 501 5·
190 475 220 505 in
250 474 406 505 electione
430 472 567 503 Romani
601 473 686 513 regis
724 472 909 502 habentium
940 472 1143 503 investivisse
1175 473 1344 503 recolimus
1375 474 1407 503 in
1436 474 1598 514 Augusta,
1635 475 1666 505 in
1702 485 1813 505 manus

140 740 163 759 10

140 997 162 1015 15

138 1257 162 1276 20

139 1519 161 1538 25

138 1775 162 1794 30

139 2032 161 2052 35

138 2289 162 2308 40

139 2544 161 2563 45

189 528 313 556 nostras
337 525 437 555 libere
463 524 660 565 resignatum
685 524 854 565 spectabili
880 523 946 554 viro
963 523 1152 554 Meinhardo
1178 524 1285 554 comiti
1302 524 1470 565 Tyr-olensi
1495 529 1526 555 et
1549 525 1721 556 heredibus
1748 526 1813 555 suis

191 577 335 608 conferre
360 587 396 607 ac
420 577 523 617 ipsum
548 575 587 606 de
612 575 724 606 eodem
749 575 972 617 sollempniter
1001 576 1152 606 investire
1184 575 1222 606 de
1248 576 1347 616 regali
1376 580 1484 606 nostra
1508 576 1678 607 clementia
1702 576 1813 617 digna-

190 639 304 660 remur.
393 627 440 669 (3)
465 627 531 658 Nos
556 627 653 668 igitur
677 627 826 669 prelibati
850 627 974 657 comitis
999 627 1127 663 merita,
1156 630 1248 668 grata
1279 637 1404 668 quoque
1429 637 1488 668 que
1512 628 1602 658 nobis
1627 631 1659 658 et
1683 628 1813 668 imperio

188 680 332 712 Romano
356 679 543 721 frequenter
567 679 723 720 impendit
746 679 903 720 obsequia
926 682 957 709 et
981 689 1042 720 que
1068 678 1171 709 adhuc
1194 678 1380 720 impendere
1398 679 1514 720 poterit
1535 679 1679 720 graciora
1702 679 1812 720 benig-

189 733 259 763 nius
288 732 450 762 intuentes
485 734 518 762 et
549 730 710 762 sollertius
742 730 965 769 advertentes,
999 730 1082 771 quod
1115 734 1281 761 crescente
1311 740 1441 761 numero
1479 731 1601 772 imperii
1637 731 1813 772 principum

188 784 402 815 Romanorum
427 782 510 813 vires
535 782 660 824 imperii
684 782 732 812 sui
756 781 879 813 roboris
896 782 1017 823 pariter
1041 785 1072 813 et
1095 781 1219 813 decoris
1237 782 1411 823 suscipiunt
1429 783 1671 819 incrementum,
1695 793 1813 813 memo-

189 837 292 866 ratum
316 833 541 866 Meinhardum
572 844 628 875 pro
661 844 695 864 se
727 836 759 864 et
788 834 854 864 suis
886 833 1058 864 heredibus
1089 833 1128 864 de
1162 833 1279 863 ducatu
1307 833 1449 874 predicto
1479 837 1561 864 terre
1585 833 1752 864 Karinthie
1783 834 1814 864 in

187 897 301 918 manus
332 890 456 917 nostras
480 896 539 927 per
561 886 643 916 filios
667 888 794 916 nostros
819 885 917 916 duces
941 885 1102 926 predictos
1127 885 1227 916 libere
1251 885 1414 926 resignato
1439 885 1477 916 ad
1502 885 1648 916 devotam
1673 885 1813 926 ipsorum

188 938 372 969 instantiam
397 937 550 968 adiuncta
573 936 812 978 sollempnitate
838 936 946 967 debita
970 942 1002 967 et
1025 939 1180 967 consueta
1204 936 1383 967 curavimus
1407 937 1559 967 investire
1584 936 1719 967 eundem
1744 947 1814 967 cum

189 990 254 1020 suis
277 989 459 1026 heredibus,
484 988 536 1029 qui
561 987 621 1018 sibi
644 988 675 1018 in
700 987 811 1019 eodem
835 987 953 1018 ducatu
978 988 1203 1026 successerint,
1228 988 1303 1025 iuri,
1328 988 1439 1018 honori
1464 991 1495 1019 et
1519 988 1610 1018 titulo
1636 992 1814 1019 ceterorum

188 1040 312 1082 imperii
336 1040 514 1082 principum
540 1043 696 1080 perpetuo
721 1039 929 1070 ascribentes.
1019 1038 1064 1080 (4)
1091 1038 1154 1070 Sed
1183 1050 1223 1070 ue
1254 1050 1294 1070 ex
1322 1039 1539 1070 infeodatione
1568 1039 1711 1081 predicta
1733 1040 1816 1070 inter

188 1092 346 1135 prefatum
377 1091 547 1122 Albertum
582 1091 679 1121 filium
714 1094 856 1121 nostrum
893 1101 1029 1131 suosque
1065 1101 1266 1121 successores
1301 1090 1332 1121 in
1366 1090 1534 1121 ducatibus
1565 1091 1630 1122 sive
1667 1091 1814 1121 dominiis

188 1143 375 1185 supradictis
407 1153 447 1174 ex
478 1153 541 1173 una
564 1146 596 1173 et
618 1142 681 1172 iam
706 1142 826 1173 dictum
849 1141 1073 1173 Meinhardum
1105 1141 1218 1173 ducem
1247 1153 1386 1183 suosque
1412 1153 1613 1173 successores
1644 1143 1674 1173 in
1699 1143 1815 1173 ducatu

188 1195 357 1226 Kariathie
382 1205 422 1226 ex
446 1198 536 1236 parte
562 1194 663 1224 altera
686 1194 751 1224 ulla
775 1194 806 1224 in
830 1197 993 1235 posterum
1018 1193 1268 1224 dissenscionisb
1292 1195 1427 1225 materia
1452 1194 1557 1225 valeat
1580 1194 1726 1231 suboriri,
1750 1198 1813 1225 tam

187 1247 248 1288 ipsi
276 1246 410 1277 Alberto
447 1256 541 1287 quam
571 1245 654 1276 dicto
683 1245 873 1276 Meinhardo
906 1256 942 1276 ac
972 1245 1214 1276 successoribus
1249 1245 1424 1276 eorundem
1454 1246 1688 1287 imperpetuum
1719 1250 1815 1276 taliter

188 1303 361 1337 providemus
384 1302 437 1329 hoc
460 1301 616 1336 expressius
640 1302 819 1332 attestantes,
844 1301 918 1334 quod
942 1310 975 1328 ex
1000 1301 1149 1328 collatione
1173 1301 1308 1328 ducatus*
1332 1303 1405 1328 terre
1422 1301 1568 1327 Karinthie
1592 1307 1649 1338 per
1673 1307 1730 1327 nos
1755 1298 1814 1338 ipsi

186 1350 257 1380 duci
280 1348 465 1379 Meinhardo
495 1359 578 1379 nunc
608 1349 693 1380 facta
724 1348 827 1380 eidem
852 1348 1040 1379 Meinhardo
1065 1349 1116 1380 vel
1145 1349 1211 1379 suis
1243 1349 1483 1379 successoribus
1512 1349 1543 1379 in
1573 1349 1683 1379 eodem
1707 1353 1814 1379 nullum

186 1405 227 1431 ius
250 1405 361 1439 penitus
389 1405 418 1431 in
441 1405 523 1431 terris
547 1404 675 1432 Carniole
706 1407 735 1432 et
763 1405 885 1431 marchie
909 1405 1089 1432 Sclavonice
1113 1414 1165 1438 que
1190 1405 1272 1439 vulgo
1292 1405 1496 1431 Windismarch
1520 1405 1622 1431 dicitur
1645 1406 1813 1439 acquiratur,

187 1457 254 1490 quin
276 1457 369 1491 potius
393 1457 466 1483 dicte
491 1458 564 1483 terre
588 1466 649 1484 cum
673 1456 911 1489 ministerialibus,
936 1457 1043 1489 castris,
1067 1456 1237 1488 civitatibus,
1262 1457 1424 1489 advocatiis,
1450 1452 1568 1493 prediis
1593 1466 1624 1483 ac
1641 1457 1740 1483 ceteris
1758 1457 1813 1482 suis

186 1508 362 1543 pertinentiis
385 1508 520 1535 universis
544 1508 630 1535 libere
655 1509 728 1542 apud
744 1509 830 1535 filium
847 1510 972 1535 nostrum
989 1509 1145 1543 predictum
1170 1515 1307 1546 suosque
1333 1515 1535 1535 successores
1560 1511 1730 1535 remaneant
1753 1518 1814 1535 cum

187 1561 261 1587 omni
283 1561 350 1587 iuris
372 1560 560 1595 plenitudine,
585 1560 657 1587 sicut
681 1556 784 1587 eidem
816 1566 870 1598 per
894 1567 952 1587 nos
983 1557 1045 1587 iam
1069 1556 1191 1598 pridem
1223 1556 1308 1598 apud
1339 1557 1517 1597 Augustam
1548 1560 1674 1598 sceptro
1705 1560 1813 1587 nostro

186 1608 274 1649 regio
308 1611 381 1638 sunt
413 1608 538 1638 collate.
585 1612 674 1638 Salvis
698 1608 923 1638 nichilominus
953 1608 1014 1649 ipsi
1037 1608 1171 1638 Alberto
1202 1612 1258 1638 filio
1288 1614 1383 1638 nostro
1416 1608 1545 1649 suisque
1570 1607 1810 1638 suecessoribus

186 1660 340 1690 universis
365 1664 471 1696 eastris,
495 1664 665 1696 civitatibus,
690 1664 920 1690 ministerialibus
944 1673 976 1690 ac
1000 1663 1099 1690 ceteris
1122 1663 1202 1690 bonis
1227 1665 1255 1690 et
1278 1663 1393 1695 iuribus,
1420 1672 1593 1697 quocumque
1616 1663 1727 1689 nomine
1751 1672 1811 1689 cen-

187 1717 305 1747 seantur,
330 1711 355 1741 si
380 1722 458 1752 quas
483 1712 534 1742 vel
558 1716 581 1742 si
604 1716 676 1749 qua,c
699 1715 727 1741 in
751 1716 832 1741 dictis
856 1716 938 1742 terris
962 1715 1090 1742 Carniole
1114 1717 1142 1741 et
1165 1715 1287 1742 marchie
1313 1711 1501 1742 Sclavonice
1526 1716 1560 1742 ab
1584 1715 1649 1742 olim
1673 1715 1812 1749 principes

187 1767 243 1793 sive
265 1767 347 1793 duces
370 1767 516 1794 Karinthie
545 1776 719 1801 quocumque
749 1767 808 1793 iure
832 1768 877 1794 vel
907 1767 990 1793 titulo
1022 1767 1217 1801 possederunt,
1249 1767 1283 1793 ad
1312 1775 1364 1800 que
1396 1767 1485 1793 dictus
1515 1762 1579 1793 dux
1604 1761 1811 1792 Meinhardus

187 1814 296 1855 suique
313 1824 515 1845 successores
531 1819 636 1845 nullum
655 1815 782 1845 omnino
800 1819 867 1845 iuris
890 1820 939 1845 aut
962 1819 1030 1845 facti
1046 1820 1202 1852 respectum
1222 1819 1393 1845 habebunt.
1471 1813 1518 1855 (5)
1543 1819 1679 1844 Ducatum
1703 1826 1812 1850 quoque

187 1869 268 1896 terre
296 1870 463 1896 Karinthie*
496 1866 560 1897 dux
590 1871 768 1897 Meinhardus
804 1869 859 1897 aut
889 1867 936 1896 sul
967 1866 1102 1897 heredes
1132 1880 1193 1896 cum
1221 1870 1348 1896 omnibus
1378 1870 1433 1896 illis
1466 1869 1571 1895 iuribus
1604 1871 1632 1895 et
1662 1869 1812 1895 honoribus

186 1921 392 1955 possidebunt,
410 1922 481 1948 sicut
497 1922 587 1956 ipsum
603 1922 725 1948 illustres
743 1922 882 1956 quondam
899 1922 1076 1948 Bernhardus
1094 1924 1122 1948 et
1138 1922 1246 1948 Ulricus
1263 1922 1345 1948 duces
1363 1921 1508 1947 Karinthie
1525 1921 1675 1947 illustrium
1693 1921 1813 1946 virorum

187 1972 317 2007 Lenpoldi
340 1975 368 2000 et
391 1974 523 2000 Friderici
546 1974 664 2000 ducum*
688 1974 800 2000 Austrie
825 1976 853 2000 et
876 1974 959 2000 Stirie
976 1974 1148 2008 temporibus
1165 1974 1355 2007 possederunt.
1391 1973 1430 1999 Eo
1454 1975 1548 1999 tamen
1565 1981 1672 2006 semper
1688 1974 1812 2005 excepto,

188 2025 259 2058 quod
288 2025 310 2051 si
339 2034 407 2059 quas
437 2025 582 2058 civitates,
606 2027 714 2058 castra,
750 2026 823 2052 bona
848 2026 890 2051 vel
919 2025 992 2057 iura,
1021 2034 1195 2059 quocumque
1219 2025 1330 2051 nomine
1354 2027 1531 2056 censeantur,
1563 2024 1644 2050 duces
1668 2024 1723 2049 iam
1746 2024 1813 2050 dicti

186 2071 353 2104 Karinthie
376 2077 405 2103 in
421 2077 503 2104 terris
520 2077 647 2104 Carnicle
666 2079 694 2104 et
710 2077 833 2103 Marchie
851 2077 1028 2111 supradictis
1052 2077 1123 2103 sicut
1140 2077 1323 2110 premisimus,
1347 2078 1506 2108 tenuerunt,
1531 2072 1621 2102 salva
1646 2076 1677 2101 et
1700 2076 1810 2109 integra

187 2127 241 2154 filio
258 2130 353 2155 nostro
371 2125 504 2155 Alberto
529 2135 565 2155 ac
584 2125 826 2156 successoribus
845 2126 908 2155 suis
925 2130 1088 2155 remaneant
1111 2130 1140 2155 et
1162 2129 1197 2155 ab
1220 2129 1281 2162 ipso
1298 2130 1434 2155 terrarum
1451 2136 1561 2154 suarum
1578 2127 1700 2154 dominio
1725 2123 1811 2153 nullo

187 2184 323 2216 unquam
346 2179 489 2218 tempore
514 2183 733 2214 sequestrentur.
823 2176 871 2218 (G)
896 2182 927 2207 In
950 2181 1053 2207 ducatu
1077 2189 1187 2214 quoque
1211 2182 1284 2207 terre
1308 2180 1455 2206 Karinthie
1479 2180 1572 2206 omnia
1594 2179 1643 2205 illa
1666 2179 1734 2211 iura,
1759 2187 1811 2212 que

187 2230 339 2265 Leupoldus
363 2233 391 2258 et
414 2232 567 2259 Fridericus
590 2233 730 2267 principes
754 2233 931 2267 supradicti
962 2234 1020 2259 tam
1044 2233 1072 2258 in
1095 2232 1254 2259 hominibus
1283 2241 1366 2266 quam
1394 2232 1423 2258 in
1452 2232 1532 2258 bonis
1560 2231 1629 2257 inibi
1653 2232 1810 2263 tenuerunt,

187 2282 257 2309 filius
279 2285 373 2310 noster
395 2284 535 2318 predictus
561 2282 673 2321 suique
698 2291 900 2311 successores
924 2281 1053 2311 Austrie
1079 2286 1110 2310 et
1134 2280 1226 2310 Stirie
1252 2279 1348 2310 duces
1373 2284 1501 2310 similiter
1530 2285 1559 2309 et
1589 2283 1649 2317 pari
1676 2283 1735 2308 iure
1764 2291 1812 2315 per

188 2335 278 2361 omnia
304 2335 510 2369 possidebunt.
599 2332 646 2373 (7)
674 2337 805 2363 Preterea
840 2332 904 2362 dux
935 2331 1141 2362 Meinhardus
1172 2336 1315 2369 predictus
1343 2336 1539 2362 ministeriales
1572 2335 1621 2360 filii
1649 2334 1760 2360 nostri*
1784 2334 1812 2359 iu

188 2394 215 2412 se
238 2388 266 2413 et
288 2387 316 2413 in
339 2388 394 2414 suis
419 2388 531 2420 castris,
560 2385 590 2414 in
615 2389 694 2415 bonis
719 2398 750 2415 ac
773 2389 891 2420 iuribus,
916 2395 976 2425 que
1000 2388 1029 2414 in
1053 2388 1202 2414 Kal-inthia
1225 2383 1408 2425 possident,
1437 2396 1491 2413 non
1514 2386 1643 2421 gravabit
1665 2386 1694 2411 in
1717 2386 1810 2418 aliquo

188 2439 282 2464 contra
304 2438 442 2466 iusticiam
465 2449 515 2466 nec
538 2440 645 2466 artabit
667 2449 717 2466 nec
741 2440 828 2467 eciam
852 2442 944 2466 castra
968 2440 1011 2466 vel
1034 2440 1222 2473 possessiones
1252 2448 1361 2471 eorum,
1391 2447 1563 2472 quocumque
1588 2447 1620 2464 ea
1644 2437 1702 2463 iure
1726 2436 1810 2470 possi-

187 2488 277 2522 deant,
300 2491 500 2524 comparabit&
538 2492 568 2517 Id
591 2492 681 2526 ipsum
705 2501 816 2525 quoque
839 2492 930 2525 quoad
955 2500 1049 2518 omnes
1073 2492 1122 2517 filii
1145 2491 1234 2518 nostri
1257 2491 1373 2517 ducatus
1397 2493 1426 2517 et
1448 2492 1536 2517 terras
1561 2486 1625 2515 dux
1649 2485 1810 2525 predictus

188 2539 303 2567 fideliter
325 2542 491 2570 observabit.
537 2543 596 2575 Qua
619 2544 680 2578 lege
704 2544 791 2570 eciam
815 2544 902 2570 filium
926 2545 1052 2569 nostrum
1076 2543 1256 2577 astringimus
1278 2543 1336 2569 vice
1361 2542 1508 2576 reciproca,
1533 2543 1564 2567 ut
1588 2549 1637 2566 nec
1661 2540 1719 2573 ipse
1739 2539 1809 2565 vide>

187 2590 252 2618 licet
282 2593 310 2619 in
339 2593 440 2621 ducatu
463 2595 610 2621 Karinthie
643 2596 832 2629 possessiones
861 2597 923 2621 aut
954 2597 1045 2621 castra
1074 2595 1301 2621 ministerialium
1325 2590 1402 2620 dicti
1426 2589 1514 2619 (lucis
1541 2587 1718 2617 Meinhardi
1744 2598 1808 2623 quo-

187 2651 300 2677 cumque
316 2645 350 2671 ad
366 2646 439 2680 ipsos
454 2647 513 2674 iure
530 2648 687 2681 spectantia
704 2656 864 2682 comparare
878 2648 1046 2681 presumat*⁸
1113 2642 1160 2683 (8)
1181 2642 1344 2672 Universis
1359 2641 1464 2681 itaque
1480 2640 1648 2671 nobilibus,
1667 2638 1807 2667 ministe-

188 2690 325 2731 rialibus,
352 2693 516 2733 militibus,
541 2695 721 2733 clientibus,
747 2695 869 2725 civibus
893 2706 930 2725 ac
947 2695 1073 2733 ceteris,
1098 2694 1151 2734 qui
1174 2693 1318 2734 predicto
1336 2692 1464 2722 ducatui
1482 2690 1644 2721 fidelitatis
1662 2689 1808 2729 homagio

285 2784 346 2812 375.
367 2787 389 2818 b)
409 2788 443 2812 sic
461 2797 497 2813 or.
585 2788 606 2819 ⁰)
627 2790 661 2814 sic
680 2798 731 2818 or.,·
750 2791 783 2823 cf.
803 2799 843 2814 nr.
858 2791 913 2814 373.

1837 1241 1871 1256 nr.
1885 1237 1923 1256 373

1849 1264 1898 1282 c.1.

1835 2187 1852 2201 c.
1869 2183 1887 2201 3.

1836 2343 1853 2359 C.
1868 2341 1886 2358 4,
