2259 3164
123 761 145 780 lo

125 1142 147 1161 15

127 1450 151 1469 20

126 1709 148 1728 25

129 1967 151 1986 30

129 2225 151 2245 ³5

130 2482 153 2500 40

132 2805 155 2824 4⁵

501 191 657 218 RUDOLFI
677 191 780 218 REGIS
799 191 1120 218 CONSTITUTIONES.
1159 193 1231 219 1285.
1269 194 1315 219 Nr.
1329 193 1386 218 370.
1401 194 1458 219 371.
1729 195 1789 225 353

167 280 306 322 speciale
337 279 520 310 mandatum
556 279 741 320 requirendi
770 281 801 309 et
832 278 1020 319 acceptandi
1049 278 1225 309 subsidium
1258 279 1475 320 pecuniarium
1505 281 1554 310 vel
1590 291 1790 321 quocumque

167 332 295 363 nomine
332 334 503 362 censeatur
532 341 587 372 pro
616 330 732 361 votivis
767 330 882 360 nostris
915 330 1116 371 processibus
1148 330 1186 360 ad
1218 331 1455 372 suscipiendum
1481 331 1519 361 de
1545 332 1659 361 vestris
1683 343 1790 362 sacro-

169 384 285 415 sanctis
309 382 457 413 manibus
480 382 618 412 Romani
642 382 766 423 imperii
790 381 947 422 dyadema
972 384 1004 412 et
1028 392 1176 412 coronam
1207 392 1335 412 cesaree
1365 382 1538 423 dignitatis,
1571 394 1693 414 necnon
1718 394 1790 424 pro-

169 434 315 466 mittendi
338 438 369 464 et
393 434 499 464 omnia
523 433 671 471 faciendi,
696 444 757 474 que
782 434 812 464 in
837 433 997 474 peticione
1022 433 1157 474 predicti
1182 433 1314 464 subsidii
1340 435 1551 474 requiruntur,
1576 446 1611 465 ac
1631 435 1790 476 obligandi

170 497 226 518 nos
250 490 280 517 et
304 486 335 516 in
359 485 495 516 animam
521 489 661 515 nostram
688 485 714 515 si
738 495 868 515 necesse
892 485 987 515 fuerit
1016 484 1139 515 iurandi
1171 484 1211 515 ad
1243 485 1505 516 observacionem
1539 487 1696 523 omnium,
1731 497 1791 527 que

171 538 296 569 racione
320 536 487 567 memorati
505 536 639 567 subsidii
662 536 702 566 ab
725 536 800 578 ipsis
818 540 924 566 vestra
947 536 1125 577 paternitas
1147 535 1275 566 duxerit
1293 537 1491 577 requirenda,
1517 547 1638 568 necnon
1654 537 1793 568 faciendi

172 592 202 621 et
225 588 408 631 perficiendi
433 588 549 624 omnia,
575 598 635 628 que
660 588 871 629 personaliter
893 598 1061 629 possemus
1086 588 1207 627 facere,
1236 588 1260 618 si
1285 592 1450 629 presentes
1474 599 1627 619 essemus.
1673 589 1791 620 Ratum

172 644 204 672 et
225 643 350 682 gratum
373 639 524 677 habituri,
548 639 694 681 quicquid
720 639 816 670 iidem
841 639 1088 681 acceptaverint,
1113 639 1316 680 promiserint
1341 650 1396 670 seu
1414 640 1548 670 fecerint
1572 641 1602 670 in
1619 641 1792 682 premissis,

169 692 368 724 Presentium
393 691 575 722 testimonio
598 691 785 723 litterarum.

275 752 394 783 Datum
418 752 599 789 Lausanne,
623 751 662 783 X.
681 751 755 784 Kal.
773 751 971 790 Decembris,
996 751 1174 783 indiccione
1198 751 1310 789 XIIII,
1336 763 1418 782 anno
1436 752 1562 783 Domini
1580 752 1793 783 MCOLXXX

171 804 288 847 quinto,
311 805 401 845 regni
424 814 500 835 vero
524 804 624 834 nostri
648 814 731 834 anno
754 803 848 834 XIII.

234 958 311 991 371.
337 958 639 992 CONSTITUTIO
669 958 850 990 VICARII
873 958 1138 989 GENERALIS
1162 958 1218 990 IN
1239 957 1411 990 TUSCIA.
1456 959 1548 988 1285.
1587 958 1662 989 Nor.
1680 960 1730 990 22.

276 1027 372 1059 Dedit
402 1027 515 1059 Ficker
545 1027 774 1067 ‘Forschzmyen
803 1037 860 1057 ἔριν
894 1026 1026 1058 Reicks-
1066 1027 1133 1058 und
1164 1027 1444 1066 Rechtsyesehichtae
1478 1026 1618 1057 Italiens'
1652 1026 1711 1063 IV,
1735 1027 1795 1057 2185

172 1090 220 1111 nr.
241 1080 305 1110 482
332 1090 369 1110 ex
396 1081 586 1110 transsumto
617 1090 646 1109 a.
671 1079 761 1109 1286.
786 1078 848 1109 Iul.
869 1080 898 1109 2.
918 1078 1020 1119 facto,
1046 1079 1102 1118 qm*
1129 1079 1219 1109 Senis
1250 1079 1281 1109 in
1309 1078 1464 1109 tabulario
1496 1079 1577 1118 roffio
1607 1081 1795 1109 asservatur.

173 1131 283 1163 Denuo
306 1142 335 1164 a.
353 1131 444 1162 1903.
469 1131 666 1162 contulimus.
710 1130 742 1161 V.
766 1141 864 1169 supra
893 1141 941 1161 nr.
958 1132 1021 1161 362
1043 1133 1071 1161 et
1102 1131 1190 1169 infra
1213 1141 1262 1161 ur.
1276 1132 1339 1161 378
1364 1131 1492 1169 itemque
1515 1141 1550 1161 ea
1573 1140 1651 1169 quac
1678 1130 1712 1160 in
1736 1129 1796 1160 Re-

171 1183 262 1223 qestis
293 1183 413 1222 imperii
435 1185 643 1222 eaponuntur.
669 1202 708 1205 —-
732 1182 875 1219 Bo'lmzer,
900 1182 975 1223 Ray.
992 1183 1066 1222 inis).
1086 1183 1138 1220 VI,
1156 1184 1248 1213 1951.
1509 1182 1560 1221 (P.
1586 1181 1691 1221 deest.)

278 1277 435 1309 Rodolfus
458 1278 521 1309 Dei
550 1279 652 1318 gratia
675 1278 891 1310 Romanorum
915 1288 973 1309 rex
997 1281 1028 1308 et
1053 1288 1181 1319 semper
1204 1280 1359 1319 augustus
1384 1277 1541 1308 universis
1567 1276 1646 1307 sacri
1672 1275 1796 1316 imperii

172 1329 308 1361 Romani
331 1329 478 1361 fidelibus
501 1341 559 1372 per
581 1329 758 1373 Tuscia[m]
786 1331 966 1362 constitutis
993 1334 1024 1361 et
1048 1329 1087 1360 ad
1112 1329 1247 1361 eandem
1276 1329 1511 1371 pertinentibus
1541 1328 1677 1370 gratiam
1708 1337 1797 1358 suam

175 1385 206 1413 et
229 1392 320 1413 omne
343 1382 472 1413 bonum.

281 1442 328 1484 (1)
353 1442 534 1485 consopitis
552 1442 690 1485 undique
707 1443 823 1474 bellice
848 1443 1049 1484 tempestatis
1075 1442 1233 1473 erroribus
1263 1445 1294 1473 et
1318 1443 1348 1473 in
1374 1442 1513 1473 redivive
1539 1439 1742 1472 iocunditatis
1767 1441 1798 1468 et

176 1495 262 1536 pacis
287 1498 404 1525 statum
429 1495 575 1526 floridum
599 1494 736 1525 Domino
766 1496 963 1536 suffragante
994 1494 1134 1525 reductis
1165 1505 1221 1535 per
1246 1494 1450 1525 Germaniam
1482 1492 1655 1528 universis,
1685 1501 1797 1521 versus

177 1545 324 1576 Tusciam
349 1547 447 1577 veluti
473 1546 512 1577 ad
537 1550 641 1577 ortum
669 1547 792 1588 imperii
810 1547 993 1588 specialem,
1020 1546 1052 1576 in
1077 1556 1137 1587 quo
1156 1545 1227 1576 dive
1246 1545 1399 1576 memorie
1417 1546 1627 1586 imperatores
1651 1545 1682 1573 et
1705 1552 1796 1582 reges

176 1597 389 1629 Romanorum
425 1598 566 1630 illustres
601 1598 847 1640 predecessores
882 1599 981 1629 nostri
1013 1600 1244 1628 consueverant
1276 1597 1397 1627 fructus
1423 1597 1529 1627 suavis
1554 1594 1798 1626 delectationisss

177 1649 362 1691 decerpere,
396 1651 495 1681 aciem
526 1650 642 1681 mentis
670 1653 778 1681 nostre
810 1650 991 1691 dirigimus,
1022 1660 1097 1680 cura
1122 1649 1268 1690 pervigili
1292 1648 1475 1679 meditando
1489 1649 1508 1686 1,
1535 1647 1669 1688 qualiter
1694 1645 1796 1676 eidem

176 1700 215 1732 de
238 1701 352 1732 vicario
377 1702 599 1743 provideamus
624 1702 762 1743 ydoneo,
797 1712 854 1743 per
878 1712 972 1742 quem
996 1701 1115 1731 ibidem
1140 1700 1177 1731 ad
1203 1701 1354 1731 honorem
1381 1704 1489 1731 sancte
1514 1699 1625 1730 matris
1650 1698 1795 1736 ecclesie,

176 1752 263 1782 cuius
287 1752 487 1784 devotionem
514 1764 583 1784 cum
609 1753 787 1784 humilitate
813 1753 956 1794 qualibet
980 1763 1020 1782 ex
1051 1751 1157 1782 debito
1182 1752 1383 1793 profitemur,
1412 1755 1443 1781 et
1473 1751 1512 1781 ad
1540 1751 1691 1781 honorem
1716 1749 1797 1779 sacri

174 1803 310 1835 Romani
341 1805 465 1846 imperii
490 1816 554 1846 pax
579 1809 610 1836 et
634 1805 756 1835 iustitia
780 1815 813 1835 se
837 1805 955 1835 mutuis
980 1805 1200 1845 constringant
1224 1804 1426 1845 amplexibus
1457 1806 1488 1834 et
1512 1803 1562 1832 via
1594 1802 1685 1832 nobis
1710 1801 1795 1831 salu-

174 1854 270 1886 briter
293 1860 491 1898 preparetur,
521 1867 583 1898 qua
608 1857 744 1888 feliciter
767 1856 978 1898 procedamus
1002 1855 1040 1887 ad
1067 1855 1305 1897 suscipiendum
1331 1854 1469 1885 Romani
1492 1854 1616 1895 imperii
1640 1852 1797 1883 diadema.

176 1906 221 1948 (2)
246 1907 328 1939 Sane
352 1918 423 1939 cum
440 1908 633 1939 honorabilis
659 1909 704 1939 vir
720 1908 867 1939 dominus
885 1908 1079 1938 Percivallus
1104 1907 1142 1938 de
1161 1907 1322 1938 Lavaniab
1341 1906 1457 1937 domini
1483 1915 1564 1947 pape
1583 1904 1797 1935 subdiaconus

178 1961 209 1989 et
231 1960 414 2001 capellanus
439 1961 631 1991 continuatis
647 1961 822 2001 legalitatis
841 1960 991 2001 operibus
1010 1960 1148 2000 insignia
1165 1969 1291 2000 semper
1308 1969 1385 1999 pure
1403 1957 1581 1988 devotionis
1599 1955 1798 1998 pretenderit

177 2012 208 2040 et
231 2021 271 2041 ex
293 2015 382 2053 parte
406 2012 481 2043 fidei
507 2023 563 2043 sue
586 2013 765 2054 prestantia
788 2012 879 2042 nobis
904 2011 1027 2042 dederit
1051 2011 1090 2042 de
1116 2012 1183 2052 ipso
1209 2020 1321 2051 gerere
1346 2009 1494 2040 fiduciam
1521 2008 1710 2050 specialem,
1741 2017 1796 2037 nos

178 2072 217 2093 ex
239 2064 398 2104 preteritis
416 2064 573 2095 industrie
591 2075 647 2096 sue
665 2064 764 2105 gestis
790 2074 846 2105 pro
864 2064 979 2094 futuris
996 2063 1209 2094 verisimiliter
1226 2065 1459 2103 presumentes,
1485 2060 1567 2102 quod
1586 2060 1625 2091 ad
1643 2060 1797 2090 honorem

176 2115 282 2146 matris
313 2115 445 2146 ecclesie
469 2120 653 2158 prenotate,
686 2116 726 2147 ad
756 2116 852 2147 decus
876 2116 1012 2146 Romani
1036 2115 1160 2156 imperii
1185 2113 1332 2156 nec[110n]
1361 2114 1401 2144 ad
1425 2116 1630 2154 augmentum
1655 2111 1742 2152 pacis
1766 2113 1797 2141 et

177 2167 402 2207 tranquilitatis
426 2167 601 2209 reipublice
626 2168 799 2198 christiane
824 2168 885 2209 ipsi
910 2171 996 2198 certe
1020 2177 1150 2209 preesse
1174 2166 1290 2197 debeat
1316 2166 1370 2204 sic,
1395 2168 1429 2195 ut
1452 2164 1584 2206 p1-0sit2,
1609 2164 1711 2204 ipsum
1736 2163 1796 2203 ipsi

177 2219 258 2248 terre
275 2217 390 2249 Tuscie
408 2219 590 2260 preficimus
615 2223 647 2250 et
662 2220 694 2250 in
712 2230 750 2250 ea
767 2220 986 2250 constituimus
1005 2222 1146 2249 nostrum
1164 2218 1314 2248 vicarium
1332 2216 1527 2258 generalem.
1608 2214 1655 2255 (3)
1674 2214 1795 2244 Dantes

177 2268 204 2298 ei
228 2270 446 2301 auctoritatem
462 2270 636 2311 plenariam
661 2275 693 2302 et
717 2271 885 2313 spetialem
910 2282 946 2302 ac
970 2271 1106 2301 liberam
1131 2272 1332 2311 potestatem,
1358 2269 1515 2302 civitates,
1541 2266 1667 2308 oppida,
1692 2266 1796 2303 villas,

177 2323 280 2351 castra
303 2324 335 2351 et
356 2321 427 2352 loca
450 2325 568 2360 cetera,
592 2323 813 2363 possessiones
838 2326 869 2353 et
892 2323 959 2353 iura
978 2322 1155 2364 repetendi,
1180 2321 1332 2362 deinceps
1350 2320 1475 2350 futuros
1501 2329 1626 2357 census,
1652 2317 1795 2348 redditus

177 2374 208 2402 et
231 2372 436 2404 obventiones
452 2374 618 2404 universas
644 2375 725 2405 sacri
750 2375 873 2416 imperii
896 2373 1060 2413 antedicti,
1085 2385 1103 2404 a
1127 2374 1367 2414 quibuscunque
1392 2375 1423 2402 et
1447 2372 1627 2411 ubicunque
1652 2370 1794 2400 locorum

177 2432 233 2463 per
258 2426 373 2455 terram
403 2425 518 2456 Tuscie
548 2430 756 2457 memoratam
782 2426 832 2456 vel
868 2426 942 2456 alibi
971 2425 1190 2464 detineantur,
1221 2424 1491 2465 requirendi‘jper
1521 2434 1554 2453 se
1579 2422 1629 2453 vel
1658 2421 1738 2452 alios
1765 2423 1796 2450 et

179 2473 216 2504 ab
239 2474 315 2516 ipsis
339 2475 591 2518 detemptoribus
615 2478 801 2516 revocandi,
831 2478 1026 2519 corporalem
1058 2478 1090 2507 in
1119 2477 1180 2507 hiis
1209 2477 1448 2518 possessionem
1480 2486 1536 2516 per
1566 2485 1599 2504 se
1624 2474 1674 2503 vel
1700 2473 1794 2503 alium

178 2526 371 2565 naciscendi,
407 2528 568 2559 fidelitatis
599 2529 741 2560 debitum
771 2529 946 2570 recipiendi
971 2533 1003 2560 et
1027 2530 1148 2566 onmia,
1182 2539 1243 2570 que
1273 2539 1313 2559 ex
1343 2528 1473 2558 obtenta
1504 2524 1733 2556 consuetudine
1765 2527 1796 2554 et

179 2576 244 2607 iure
268 2582 466 2619 competunt,
491 2580 765 2611 animadvertendi
794 2581 825 2611 in
854 2581 1049 2611 facinorosos
1061 2581 1082 2619 3,
1115 2580 1367 2616 iurisdictiones,
1397 2578 1547 2609 iudicium
1579 2580 1610 2607 et
1638 2575 1795 2605 iusticiam

180 2629 362 2668 exercendi,
393 2641 491 2672 penas
520 2631 718 2672 imponendi,
751 2643 862 2663 causas
891 2632 1071 2663 criminales
1101 2632 1151 2662 vel
1183 2632 1292 2662 civiles
1321 2629 1566 2667 determinandi,
1599 2628 1735 2658 rebelles
1764 2627 1794 2656 in

277 2723 340 2750 371.
360 2727 384 2757 ⁸)
402 2726 542 2750 dilectionis
561 2731 590 2750 tr.
681 2726 705 2758 b)
724 2728 833 2752 Laulnia
852 2732 882 2752 tr.

278 2801 303 2833 1)
325 2800 364 2833 Cf·
377 2809 488 2834 aressfflls
500 2802 717 2830 constitutionum
729 2812 811 2837 supra
829 2812 870 2830 nr.
884 2807 934 2829 100
952 2805 973 2828 et
991 2806 1044 2828 266.
1097 2804 1124 2835 2)
1146 2801 1184 2833 Cf.
1198 2810 1281 2834 supra
1299 2809 1339 2826 nr.
1356 2804 1389 2826 93
1408 2804 1430 2826 ct
1451 2804 1506 2826 266.
1570 2800 1596 2830 3)
1616 2798 1673 2830 Diy⁷
1687 2798 1726 2829 II,
1738 2802 1756 2822 1.
1771 2800 1793 2822 3.

278 2859 313 2877 ιι..
326 2860 533 2880 consu-ruricus
551 2864 584 2881 111.
899 2851 900 2854 ’
1560 2852 1592 2876 45
