2259 3164
555 129 686 154 ADOLFI
708 129 811 154 REGIS
831 129 1154 156 CONs'rI'rUTIONEs.
1195 132 1266 157 1294.
1306 132 1350 157 Nr.
1366 134 1423 158 511.
1749 137 1804 164 4501

159 226 281 255 norum,
306 215 412 256 quoad
430 215 554 249 vixerit,
576 215 755 255 spetialiter
779 219 888 245 contra
906 215 1089 256 Philippum
1116 227 1225 257 regem
1244 217 1438 249 Francorum
1465 225 1495 249 et
1520 218 1656 249 heredes
1681 230 1753 249 suos
1779 224 1811 249 ct

159 267 239 299 alios
263 277 479 308 quoscumque
498 267 657 307 principes
681 270 714 296 et
730 270 907 307 magnateS,
933 271 1134 297 sacrosancta
1152 268 1298 299 Romana
1323 270 1459 300 ecclesia
1477 270 1644 301 dumtaxat
1662 274 1809 311 excepta.

160 319 234 360 quia
257 328 315 359 per
338 328 448 358 regem
473 317 669 348 Francorum
700 321 732 348 et
761 328 833 348 suos
858 319 1079 359 progenitores
1104 323 1202 356 terre,
1241 321 1320 350 bona
1355 325 1386 351 et
1416 321 1511 351 feoda
1543 333 1600 352 sua
1632 326 1664 352 et
1693 321 1808 362 prede-

162 380 321 401 cessorum
345 380 472 399 suorum
498 370 674 400 extiterunt
698 373 730 399 et
754 373 825 400 sunt
850 370 913 400 iam
937 370 1037 400 multo
1062 375 1207 411 tempore
1232 376 1401 412 occupata.
1433 377 1581 413 potenter
1606 382 1637 403 er.
1663 378 1810 414 patenter

129 435 139 453 ε,
158 422 285 452 assistet
315 424 347 451 et
373 421 523 451 assistent
553 425 586 451 et
615 421 770 451 auxilium
794 421 951 461 prestabit
982 425 1013 451 et
1044 422 1232 462 pres-tabunt
1269 424 1332 453 suis
1364 424 1557 464 sumptibus,
1594 425 1741 465 periculis
1778 431 1809 455 et

158 473 306 514 expensis
329 473 361 502 in
377 472 605 513 prosecucione
624 473 739 503 iurium
763 483 891 503 suorum
917 476 949 503 et
966 473 1150 503 iniuriarum
1168 485 1294 504 suarum
1321 478 1351 505 et
1369 477 1617 516 recuperacione
1643 482 1808 512 terrarum,

159 525 314 556 bonorum
339 527 371 554 et
393 524 630 564 possessionum
654 524 780 564 imperii
805 535 863 564 per
887 535 980 564 reges
1007 524 1201 555 Francorum
1226 530 1463 566 occupatarum.

261 582 289 610 2.
320 580 403 610 Item
429 579 561 610 dicimus
586 583 618 610 et
641 579 835 616 ordinamus,
861 579 946 620 quod
970 580 1055 611 idem
1073 580 1219 611 dominus
1244 584 1352 612 noster
1375 592 1431 612 rex
1457 583 1573 623 Anglie
1600 583 1648 613 vel
1674 583 1809 613 heredes

161 632 208 662 sui
232 636 361 672 treugas
386 631 435 662 vel
459 642 571 672 pacem
597 642 669 662 cum
699 642 776 672 rege
810 631 1004 662 Francorum
1029 633 1127 672 ipsius
1153 632 1326 662 heredibus
1352 633 1401 663 vel
1425 634 1623 664 adiutoribus
1654 645 1709 665 scu
1740 635 1809 665 aliis

114 697 138 715 10
161 684 413 724 quibuscumque
446 682 636 713 adversariis
668 683 743 713 dicti
774 683 858 723 regis
889 683 1109 714 Romanorum
1140 684 1170 714 in
1202 685 1364 724 premissis
1395 696 1455 715 non
1488 685 1583 716 faciet
1608 686 1657 716 vel
1681 687 1808 719 facient.

157 735 248 766 inibit
278 734 329 765 vel
359 734 484 765 inibunt
513 735 579 765 sine
611 735 822 775 requisicione
848 735 923 765 dicti
948 734 1166 765 Romanorum
1196 737 1280 776 regis
1312 741 1343 766 et
1368 736 1464 776 ipsius
1491 737 1652 768 voluntate
1679 743 1710 768 et
1734 749 1808 769 con-

157 791 270 818 sensu²¹
295 796 457 826 expresso.

260 844 287 873 3.
319 842 402 872 Item
426 841 560 872 dicimus
590 846 621 872 et
645 842 843 881 ordinamus,
877 842 962 883 quod
990 843 1015 872 si
1041 842 1177 873 eundem
1204 842 1366 873 dominum
1392 848 1533 874 nostruin
1558 856 1667 885 regem
1693 847 1808 887 Anglie

156 894 206 925 vel
235 893 373 924 heredes
401 904 475 923 suos
506 897 616 924 contra
649 904 759 934 regem
791 893 987 925 Francorum
1017 898 1072 924 aut
1103 894 1240 924 heredes
1272 905 1345 925 suos
1375 905 1431 925 seu
1463 895 1571 926 hostes
1602 897 1680 927 alios
1712 898 1809 938 ipsius

114 958 137 977 ιε»
155 956 249 986 reges
264 945 483 976 Romanorum
500 945 644 975 inimicos
660 946 867 984 municiones,
893 949 993 976 terras
1018 949 1050 976 et
1067 950 1170 976 castra
1195 946 1223 975 in
1244 946 1391 976 conflictu
1416 947 1466 977 vel
1491 950 1592 986 extra,
1618 949 1809 980 coniunctim

158 1008 215 1028 seu
238 997 362 1027 divisim
388 997 574 1037 conquirere
600 997 783 1036 contigerit.
819 997 939 1028 lucrum
970 997 1010 1027 de
1035 997 1187 1037 predictis
1213 1001 1245 1028 et
1269 998 1371 1028 eciam
1403 998 1441 1027 de
1467 999 1599 1038 captivis
1625 1003 1656 1029 et
1680 1000 1808 1031 aliunde

157 1049 347 1090 proveniens
377 1047 463 1078 idem
492 1047 638 1078 domiuus
670 1052 777 1079 noster
809 1059 867 1079 rex
892 1048 1028 1089 Anglieb
1059 1052 1091 1079 et
1113 1048 1252 1079 heredes
1276 1050 1323 1079 sui
1356 1053 1387 1079 ct
1412 1060 1469 1079 rex
1494 1049 1711 1082 Romanorum
1737 1064 1808 1092 pre-

155 1100 256 1131 dictus
285 1100 442 1140 equaliter
472 1099 676 1130 condivident
708 1102 746 1139 etl
770 1101 966 1140 parcientur,
1001 1101 1057 1130 nisi
1091 1100 1172 1131 forte
1204 1104 1308 1131 castra
1339 1105 1370 1131 et
1402 1102 1599 1132 municiones
1628 1102 1809 1133 huiusmodi

157 1156 189 1183 et
213 1155 331 1182 tractus
357 1155 513 1182 terrarum
544 1151 584 1181 ab
616 1151 717 1182 altero
750 1153 890 1192 ipsorum
915 1162 1028 1192 regum
1058 1153 1125 1182 iure
1151 1152 1282 1182 dominii
1315 1152 1365 1182 vel
1396 1153 1485 1193 quasi
1516 1158 1571 1183 aut
1600 1154 1690 1184 titulo
1724 1155 1809 1185 feodi

112 1215 136 1235 πο
156 1203 391 1235 descenderent
415 1206 447 1233 et
470 1203 582 1233 haberi
607 1203 773 1234 deberent.
823 1203 892 1239 Que
917 1214 980 1234 non
997 1203 1212 1243 condivident,
1237 1208 1287 1234 set
1303 1204 1438 1244 quilibet
1462 1205 1545 1245 quod
1571 1216 1661 1235 suum
1688 1210 1734 1236 est
1758 1206 1809 1236 vel

153 1256 251 1296 ipsius
275 1265 344 1285 esse
370 1254 519 1294 deberet,
545 1265 602 1295 per
631 1266 664 1285 se
690 1256 774 1285 solus
800 1255 951 1286 retinebit
980 1259 1012 1285 et
1038 1255 1079 1285 ad
1104 1266 1194 1286 suum
1219 1266 1353 1296 regnum
1379 1260 1411 1286 ct
1435 1257 1610 1287 dominium
1637 1258 1807 1288 revocabit.

258 1319 286 1346 4.
318 1316 400 1346 Item
422 1315 556 1346 dicimus
581 1319 612 1345 et
636 1315 828 1351 ordinamus,
854 1315 939 1357 quod
964 1317 988 1346 si
1013 1316 1111 1356 aliqui
1135 1317 1382 1356 presumptuosi,
1408 1317 1600 1357 quicumque
1626 1318 1686 1347 sint
1710 1318 1754 1348 illi
1780 1319 1809 1348 in

155 1378 252 1408 regno
277 1367 393 1408 Anglie
418 1368 595 1398 constituti.
626 1368 678 1408 qui
704 1369 870 1398 occasione
901 1368 1147 1409 stipendiorum,
1180 1368 1324 1404 favoris&
1357 1369 1501 1399 amicicie
1531 1374 1584 1399 aut
1614 1371 1712 1409 gratis
1741 1372 1809 1410 regi

155 1418 349 1449 Francorum
380 1419 431 1449 vel
462 1419 635 1449 heredibus
667 1420 731 1449 suis
762 1423 817 1450 aut
848 1419 926 1450 alias
958 1420 1092 1450 inimicis
1128 1420 1213 1460 regis
1239 1419 1456 1450 Romanorum
1492 1421 1522 1450 in
1559 1422 1807 1461 recuperacione

115 1485 138 1504 25
155 1471 381 1512 premissorum
406 1471 559 1501 auxilium
584 1472 781 1511 prestiterint
812 1475 867 1502 aut
898 1472 1061 1504 iuvamen.
1094 1471 1179 1501 idem
1205 1472 1351 1502 dominus
1384 1476 1491 1502 noster
1523 1483 1579 1503 rex
1612 1478 1643 1503 et
1672 1473 1807 1503 heredes

156 1523 202 1553 sui
237 1532 389 1562 personas
426 1523 600 1553 eorundem
637 1533 708 1553 cum
743 1523 965 1563 publicacione
1002 1524 1143 1554 omnium
1179 1524 1333 1554 bonorum
1370 1534 1497 1554 suorum
1531 1525 1598 1554 sine
1628 1535 1683 1564 spe
1715 1535 1806 1554 revo-

156 1574 291 1604 cacionis
322 1578 354 1604 et
382 1575 488 1615 gracie
523 1578 679 1615 perpetuo
709 1575 868 1616 relegabit
898 1575 948 1605 vel
973 1575 1173 1616 relegabunt.
1222 1575 1325 1610 Quam
1359 1586 1475 1615 penam
1504 1575 1543 1605 ad
1574 1575 1644 1605 illos
1674 1576 1807 1606 dicimus

157 1625 407 1666 extendendam,
443 1627 495 1666 qui
520 1627 687 1657 occasione
718 1630 750 1657 et
781 1637 821 1657 ex
850 1637 946 1657 causa
977 1627 1134 1657 discordie
1160 1627 1287 1667 litisque
1315 1631 1400 1657 mote
1426 1628 1507 1657 iutcr
1532 1627 1751 1658 Romanorum
1777 1633 1808 1657 et

156 1677 350 1707 Francorum
375 1678 488 1717 regesd
513 1678 632 1708 amicos
664 1681 696 1708 et
720 1678 928 1708 auxiliatores
953 1678 1097 1708 eiusdem
1123 1678 1243 1708 domini
1269 1679 1365 1708 nostri
1394 1678 1506 1719 Anglie
1533 1682 1564 1709 et
1588 1678 1807 1709 Romanorum

115 1745 139 1764 ³0
156 1739 267 1769 regum
289 1729 462 1759 invaserint
487 1732 518 1759 et
542 1729 662 1759 directe
689 1729 739 1759 vel
763 1730 919 1760 indirecte
946 1729 1154 1761 turbaverint.
1180 1730 1349 1770 quominus
1374 1730 1405 1759 in
1425 1730 1579 1760 auxilium
1597 1741 1708 1771 regum
1734 1742 1806 1771 pre·-

156 1779 310 1810 dictorum
334 1780 462 1810 valeant
485 1791 518 1811 se
544 1781 724 1811 transferre.

258 1844 285 1871 5.
319 1841 369 1871 Ad
386 1842 541 1871 maiorem
566 1842 667 1871 eciam
689 1842 895 1872 securitatem
921 1845 952 1872 et
970 1841 1235 1872 observacionem
1260 1841 1471 1871 ordinacionis
1495 1843 1647 1882 premisse
1674 1842 1807 1873 dicimus

157 1894 188 1921 et
211 1891 407 1931 ordinamus,
437 1893 521 1934 quod
555 1893 640 1923 idem
673 1893 818 1923 dominus
850 1897 959 1923 noster
989 1904 1046 1923 rex
1072 1893 1186 1934 Anglie
1216 1904 1272 1934 pro
1302 1904 1336 1923 se
1367 1897 1399 1923 et
1423 1893 1597 1923 heredibus
1623 1895 1686 1924 suis
1710 1894 1806 1924 fidem

0 1982 1 1986 Ἰ
157 1944 310 1984 prestabit
334 1945 533 1985 corporalem
563 1950 594 1975 et
625 1945 847 1975 nichilominus
876 1956 932 1975 nos
958 1970 962 1975 .
988 1971 992 1975 .
1018 1945 1289 1985 archiepiscopus.
1317 1946 1495 1985 episcopus.
1522 1955 1629 1975 comes
1654 1950 1686 1975 et
1710 1945 1805 1986 Hugo

0 1992 4 2072 ι
115 2011 138 2030 ³⁵
157 1995 290 2035 predicti
316 1996 366 2026 vel
390 1997 442 2026 alii
466 1998 679 2027 iuramentum
709 1998 737 2027 in
769 1998 908 2027 animam
939 1998 1037 2037 ipsius
1069 1997 1187 2027 domini
1218 1998 1315 2027 nostri
1346 1997 1428 2037 regis
1457 2007 1552 2037 super
1582 1997 1669 2027 firma
1696 1997 1806 2027 obser—

157 2047 285 2077 vacione
318 2048 591 2079 confederacionis
622 2052 654 2079 et
685 2050 829 2079 amicicie
861 2048 1041 2079 huiusmodi
1073 2050 1137 2079 iam
1168 2049 1335 2089 prestitum
1368 2049 1398 2078 in
1428 2050 1595 2089 presencia
1624 2060 1696 2082 sua,
1732 2049 1806 2079 dum

1 2074 5 2124 l
157 2099 355 2139 oportunitas
372 2099 477 2136 fuerit,
503 2101 723 2131 innovabimus
749 2100 798 2131 vel
823 2100 1027 2139 innovabunt,
1053 2100 1138 2140 quod
1164 2101 1231 2141 ipse
1257 2104 1289 2130 et
1313 2100 1450 2130 heredes
1475 2101 1520 2130 sui
1539 2102 1645 2130 onmia
1663 2100 1806 2141 predicta

158 2154 189 2180 et
213 2151 346 2191 singula,
372 2162 467 2192 quam
494 2152 548 2181 diu
572 2162 629 2182 rex
653 2152 870 2182 Romanorum
896 2152 1057 2192 predictus
1082 2153 1206 2185 vixerit,
1231 2151 1370 2182 fideliter
1394 2152 1610 2182 observabunt
1641 2157 1673 2182 et
1704 2153 1805 2182 eciam

157 2201 289 2242 imperio
314 2207 384 2243 post
409 2204 506 2244 ipsius
531 2204 710 2243 decessum,
736 2204 811 2234 dum
835 2207 943 2234 tamen
967 2203 1036 2239 ille,
1067 2205 1117 2244 qui
1144 2205 1264 2243 preerit
1289 2204 1422 2244 imperio
1448 2204 1498 2233 vel
1523 2214 1639 2244 regno,
1675 2203 1805 2233 easdem

115 2266 139 2285 ιο
157 2255 326 2294 pacciones
350 2255 471 2285 eisdem
496 2266 608 2295 regum
632 2256 748 2296 Anglie
774 2256 917 2295 personis
941 2256 1069 2285 innovet
1093 2259 1124 2285 et
1149 2255 1306 2285 observet.

258 2316 285 2344 6.
322 2314 363 2345 Et
386 2315 607 2345 nichilominus
624 2327 715 2346 suum
735 2316 946 2346 voluntarium
963 2315 1131 2345 adhibebit
1148 2326 1346 2353 consensum,
1372 2315 1456 2356 quod
1474 2326 1529 2345 nos
1547 2315 1805 2355 archiepiscopus

11 2371 16 2407 ζ,
158 2369 189 2394 et
206 2366 373 2406 episcopus
392 2371 423 2397 et
440 2368 491 2397 alii
510 2367 646 2398 barones
663 2369 753 2408 regni
770 2368 898 2408 Anglie,
923 2378 1057 2408 quorum
1074 2368 1165 2407 copia
1184 2371 1215 2397 et
1232 2378 1402 2398 consensus
1420 2367 1531 2397 haberi
1549 2370 1708 2407 poterunt,
1733 2378 1804 2397 cum

158 2419 391 2456 protestacione
416 2430 472 2449 sua
489 2419 679 2449 subtrahent
699 2420 834 2449 servicia
851 2418 957 2449 eidem
975 2419 1102 2449 domino
1127 2422 1233 2449 nostro
1252 2420 1320 2459 regi
1339 2418 1453 2459 Anglie
1471 2419 1521 2448 vel
1538 2419 1604 2448 eius
1622 2419 1803 2450 heredibus.

159 2477 251 2507 quam
276 2469 328 2499 diu
353 2472 582 2501 convenciones
607 2481 679 2501 cum
708 2470 793 2501 dicto
824 2481 900 2511 rege
925 2470 1143 2501 Romanorum
1172 2471 1266 2500 initas
1298 2481 1358 2500 non
1383 2471 1571 2501 servaverit.
1603 2470 1802 2510 obligacione

116 2529 140 2548 45
158 2518 376 2551 nichilominus
399 2522 543 2562 predicta
573 2524 604 2553 in
634 2533 690 2552 suo
715 2522 829 2552 robore
859 2522 1020 2552 duratura.
1073 2521 1138 2552 Nos
1169 2523 1271 2552 eciam
1296 2522 1554 2561 archiepiscopus
1580 2526 1611 2551 ct
1636 2522 1802 2560 episcopus

159 2574 189 2600 et
212 2571 264 2601 alii
288 2571 423 2603 barones
446 2575 560 2604 nostris
584 2574 768 2614 patentibus
784 2573 897 2604 litteris
915 2574 1164 2614 protestabimur
1188 2577 1220 2603 et
1244 2573 1515 2613 protestabuntur,
1541 2572 1624 2612 quod
1650 2572 1688 2601 de
1714 2582 1801 2601 man-

160 2621 232 2652 dato
259 2624 401 2655 eiusdem
427 2625 544 2656 domini
569 2627 667 2656 nostri
692 2627 777 2665 regis
801 2625 933 2665 speciali
958 2626 1125 2655 servicium
1150 2628 1292 2655 nostrum
1317 2624 1532 2654 subtrahimus
1558 2627 1589 2653 et
1614 2623 1803 2652 subtrahunt

259 2717 322 2744 511.
342 2720 364 2750 Β)
385 2728 452 2744 corr.
472 2729 501 2744 ex
520 2729 648 2745 concensu
668 2728 704 2744 or.
787 2719 811 2749 ιἸ)
831 2720 899 2751 Angl
919 2728 987 2743 corr.
1008 2728 1083 2750 super
1104 2720 1175 2743 Alem
1195 2729 1231 2743 or.
1304 2724 1325 2743 ⁰¹7
1347 2720 1425 2742 sawr.
1442 2727 1477 2741 utu
1558 2716 1581 2746 d)
1603 2719 1665 2740 inici·
1686 2718 1802 2742 lv'rancor.

159 2764 183 2784 et
201 2761 332 2786 Romanor.
353 2771 425 2795 reges
445 2772 499 2787 cum
519 2765 588 2795 signo
609 2763 794 2794 transponendi
814 2772 850 2787 or.

1549 2810 1598 2834 *32⁴³
