2259 3116
322 392 352 406 nr.
369 388 404 406 23?

337 417 355 433 c.
372 414 392 432 4.

427 152 487 181 240
769 146 926 173 RUDOLFI
946 145 1050 172 REGIS
1069 146 1392 172 CONSTITUTIONES.
1433 146 1505 171 1:280.
1543 145 1734 172 N1·.246.247.

534 234 695 265 Rudoll'us
720 234 782 265 Dei
807 234 913 275 gratia
936 234 1155 264 Romanorum
1180 244 1238 263 rex
1263 243 1392 275 semper
1416 236 1573 274 angustus
1598 232 1768 272 magnifico
1793 232 1927 273 principi
1952 231 2071 263 Karolo

428 288 496 328 regi
521 287 629 317 Sicilie
654 286 782 323 illustri,
807 286 910 316 amico
936 286 1061 316 sincere
1086 285 1215 323 dilecto,
1241 286 1378 316 salutem
1405 288 1437 315 et
1461 295 1554 315 omne
1580 284 1710 314 bonum.

536 339 583 379 (l)
608 338 860 368 Muniticentiam
890 337 993 368 nostri
1024 337 1171 367 culminis
1201 336 1240 366 ad
1265 347 1322 367 vos
1348 339 1379 367 et
1405 336 1535 367 domum
1560 335 1681 376 regiam
1707 337 1950 373 convertentes,
1974 335 2071 366 comi—

430 394 530 421 tatum
555 393 587 421 et
611 389 866 420 marchionatum
891 389 1075 427 Provincie,
1107 387 1314 419 intendentes
1338 388 1398 418 hec
1422 388 1484 418 duo
1511 387 1651 424 nomina,
1677 386 1802 417 scilicet
1827 386 2015 417 comitatum
2040 390 2073 418 et

399 468 404 472 .
428 442 699 479 marchionatum,
730 452 802 472 esse
828 441 987 472 sinonima
1016 443 1047 471 et
1078 450 1176 470 unum
1206 450 1268 470 non
1294 439 1421 470 diversa
1446 449 1646 480 supponere,
1672 440 1704 469 et
1729 438 1915 468 comitatum
1941 437 2071 469 Folkal-

427 494 518 524 kerie
544 504 615 524 cum
641 493 789 523 onmibus
815 492 1104 527 iurisdictionilms,
1136 491 1258 521 iuribus
1289 494 1320 521 et
1351 490 1555 531 pertinentiis
1586 489 1762 520 eorundem
1794 500 1831 520 ac
1864 489 1987 529 omnia,
2012 500 2072 530 que

428 544 509 575 infra
534 545 704 575 comitatus
728 545 814 585 ipsos
840 544 1049 575 consistentia
1072 543 1290 573 Romanorum
1322 543 1534 584 imperatores
1560 552 1616 583 per
1641 552 1751 572 eorum
1776 541 1947 582 privilegia
1971 552 2072 583 quon-

427 596 500 626 dam
529 596 659 627 domino
683 596 877 637 Raymundo
902 595 1100 636 Berengario
1131 595 1238 625 comiti
1269 597 1300 625 et
1329 594 1506 624 marchioni
1538 593 1708 624 Provincie
1738 603 1775 623 ac
1805 593 1910 623 comiti
1942 592 2072 623 Folkal-

428 648 518 678 kcrie
542 648 709 689 ipsiusque
734 647 1021 689 predecessoribus
1044 646 1278 679 donaveruntl,
1312 645 1455 686 presenti
1486 645 1654 686 privilegio
1684 644 1926 679 confirmamus,
1957 654 2072 675 conce-

428 699 533 729 dimus
557 702 589 730 et
613 699 651 730 de
676 710 759 729 novo
782 703 846 729 tam
872 698 962 729 vobis
988 698 1027 729 ad
1052 698 1149 728 vitam
1174 700 1329 732 vestram,
1359 697 1383 727 si
1414 700 1539 727 tantum
1569 696 1748 734 volueritis,
1779 707 1872 738 quam
1897 695 2069 727 heredibus

428 751 559 788 vestris,
590 751 642 792 qui
667 753 897 792 processerunt
921 762 962 781 ex
996 750 1084 780 vobis
1118 753 1149 779 ct
1182 749 1268 779 clare
1298 749 1452 779 memorie
1478 748 1629 779 Beatrice
1656 749 1767 789 regina
1793 748 1902 779 Sicilie
1927 750 2072 779 consorte

428 806 545 835 vestra.
571 807 603 833 et
627 802 775 833 omnibus
800 802 974 833 heredibus
1001 807 1032 831 ct
1056 801 1299 831 successoribus
1318 799 1493 831 eorundem
1513 800 1543 830 111
1561 800 1692 830 feudum
1711 800 1769 831 sub
1788 800 1951 831 consuetis
1976 810 2074 831 censu

430 858 461 885 et
485 855 624 885 servitiis
648 854 830 896 prestandis
854 855 884 884 in
910 857 1074 895 posterum
1101 864 1119 883 a
1144 853 1236 883 vobis
1262 856 1293 882 et
1318 852 1396 893 ipsis
1421 852 1451 882 in
1476 856 1670 893 perpetuum
1696 851 1891 893 possidenda
1908 851 2074 884 donamus.

386 920 404 938 ⁴3.
430 907 476 947 (2)
503 906 542 937 Et
566 906 806 948 promittentes,
837 905 920 947 qnod
953 915 1010 946 per
1034 915 1091 935 nos
1116 905 1167 935 vel
1199 904 1295 934 alium
1321 914 1377 934 scu
1403 903 1484 934 alios
1508 903 1628 934 nullam
1653 903 1877 941 donationem,
1908 903 2074 934 confirma-

430 960 558 997 tionem,
584 959 817 996 investituram,
842 958 1085 988 concessionem
1111 957 1161 986 vel
1187 959 1385 986 contractum
1411 959 1466 985 aut
1491 955 1613 996 aliquid
1638 966 1709 986 cum
1738 955 1867 985 domina
1890 955 2073 996 Margareta

430 1011 540 1051 regina.
564 1010 701 1040 Francie
726 1010 840 1040 illustri
865 1009 915 1040 vc]
941 1010 1008 1039 eius
1034 1008 1294 1049 procuratoribus
1319 1010 1374 1037 aut
1399 1007 1523 1037 nunciis
1548 1017 1605 1037 scu
1630 1006 1702 1037 aliis
1721 1006 1976 1048 quibuscumque
1999 1017 2072 1048 per-

429 1063 515 1092 sonis
540 1061 771 1092 ecclesiasticis
797 1061 846 1091 vel
871 1061 1070 1092 secularibus
1095 1060 1242 1096 fecimus,
1268 1069 1326 1100 per
1351 1069 1412 1099 que
1438 1058 1621 1089 huiusmodi
1646 1058 1845 1088 confirmatio
1870 1061 1902 1089 et
1927 1058 1965 1089 de
1989 1068 2071 1089 novo

428 1114 559 1144 donatio
584 1113 649 1144 sive
674 1112 839 1143 concessio
864 1116 919 1142 aut
943 1111 1072 1153 aliquid,
1098 1111 1183 1152 quod
1209 1111 1239 1141 in
1266 1110 1381 1141 eodem
1408 1120 1560 1140 concesso
1585 1109 1675 1140 vobis
1701 1120 1797 1151 super
1821 1109 1881 1140 hiis
1906 1110 2072 1151 privilegio

430 1165 627 1197 continetur,
660 1164 780 1194 habere
810 1174 871 1194 non
903 1165 1002 1204 possit
1033 1164 1083 1193 vel
1115 1174 1175 1193 non
1207 1163 1325 1193 debeat
1353 1163 1538 1193 firmitatem
1570 1162 1620 1193 vel
1650 1173 1708 1204 per
1740 1173 1801 1203 que
1827 1162 2071 1202 confirmationi,

429 1217 592 1248 donationi
619 1220 650 1247 et
675 1216 873 1247 concessioni
898 1215 1050 1257 predictis
1081 1226 1117 1246 ac
1148 1216 1206 1245 hiis
1240 1226 1300 1256 que
1326 1215 1357 1245 in
1382 1215 1467 1245 dicto
1500 1215 1668 1256 privilegio
1694 1214 1914 1250 continentur,
1945 1214 2072 1255 aliquod

429 1269 535 1299 afferri
561 1268 662 1309 possit
688 1268 736 1297 vel
761 1267 879 1298 debeat
904 1270 1130 1297 nocumentum
1157 1277 1211 1297 scu
1236 1267 1455 1308 predictarum
1481 1267 1746 1302 confirmationis,
1776 1266 1972 1304 donationis,
1998 1276 2071 1297 con-

430 1320 585 1350 cessionis
611 1323 642 1350 et
666 1319 801 1349 aliorum
827 1322 1048 1349 contentorum
1073 1319 1103 1348 in
1129 1318 1297 1359 privilegio
1323 1318 1506 1359 supradicto
1533 1318 1667 1349 effectus
1685 1318 1889 1359 aliquatenus
1914 1317 2071 1359 impediri,

430 1372 514 1402 circa
538 1381 586 1407 ea,
611 1381 672 1412 que
697 1370 806 1401 forsan
832 1373 924 1401 extra
949 1370 1118 1400 comitatus
1144 1369 1276 1401 eosdem
1300 1369 1446 1411 predicta
1464 1369 1595 1400 donatio
1614 1370 1844 1411 imperatorum
1863 1369 2072 1411 comprehen-

430 1423 522 1454 deret
539 1423 724 1455 eorundcm.
750 1423 845 1453 nichil
864 1422 902 1453 ad
921 1433 1055 1464 presens
1074 1423 1201 1464 penitus
1219 1424 1381 1461 innovato,
1400 1422 1612 1461 declaramus,
1638 1422 1833 1461 ordinamus,
1858 1422 2070 1455 decernimus.

430 1476 598 1505 statuimus
624 1478 655 1505 et
680 1486 835 1516 expresse
861 1475 1002 1505 facturos
1033 1486 1069 1505 ae
1103 1478 1270 1505 curaturos
1301 1485 1360 1504 nos
1390 1475 1577 1515 specialiter
1605 1474 1801 1515 obligamus,
1834 1473 1918 1515 quod
1942 1484 2000 1515 per
2023 1484 2070 1512 ca,

431 1537 491 1566 quc
517 1527 600 1557 facta
625 1529 698 1557 sunt
722 1537 739 1556 a
765 1526 856 1556 nobis
880 1526 938 1566 ipsi
964 1526 1073 1566 regine
1099 1526 1252 1561 Francie,
1283 1525 1405 1555 nullum
1438 1526 1567 1556 omnino
1600 1526 1812 1567 preiudicium
1842 1526 1898 1556 fiat
1928 1525 2017 1556 vobis
2041 1528 2073 1556 et

430 1577 605 1608 heredibus
630 1578 744 1609 vestris
770 1578 820 1608 vel
844 1578 875 1607 in
901 1578 969 1608 iure
994 1578 1162 1618 preterito,
1188 1577 1273 1618 quod
1298 1577 1388 1608 vobis
1415 1581 1447 1608 ct
1465 1578 1509 1608 cis
1527 1578 1558 1608 in
1576 1577 1729 1619 predictis
1755 1577 1961 1608 comitatibus
1987 1587 2070 1607 com-

430 1629 564 1669 petebat
588 1640 644 1659 scu
670 1630 837 1670 competit,
864 1629 913 1660 vel
938 1629 996 1660 hiis
1023 1640 1083 1670 que
1112 1630 1141 1659 in
1168 1630 1411 1660 confirmatione
1436 1640 1473 1660 ac
1499 1630 1708 1660 concessione
1734 1629 1887 1670 predictis
1906 1629 2070 1659 continen-

404 1708 406 1710 .
431 1684 489 1711 tur.
580 1680 627 1721 (3)
654 1681 880 1711 Promittcntes
912 1681 1136 1711 nichilominus
1169 1681 1312 1722 predicta
1345 1682 1453 1711 onmia
1478 1685 1509 1711 et
1534 1681 1676 1722 singula,
1706 1684 1875 1722 postquam
1908 1680 2071 1720 imperiale

431 1732 579 1763 diadema
603 1732 697 1762 dante
721 1732 859 1763 Domino
884 1733 1138 1773 susceperimus,
1171 1743 1326 1763 renovare
1356 1732 1395 1763 ad
1430 1733 1585 1763 maiorem
1611 1736 1643 1764 et
1667 1735 1854 1774 perpetuam
1879 1732 2071 1763 firmitatem.

536 1784 653 1814 Actum
680 1788 711 1815 ct
735 1784 843 1814 datum
864 1783 1013 1816 Wionno..
1040 1785 1078 1815 V.
1096 1784 1262 1815 Kalendas
1280 1784 1410 1826 Aprilis,
1430 1784 1604 1815 indictione
1624 1784 1714 1817 VIII.
1740 1794 1823 1814 anno
1849 1784 1968 1815 domini
1985 1782 2071 1814 MCC

431 1835 638 1875 octogesimo,
665 1836 755 1876 regni
781 1846 855 1866 vero
882 1837 980 1866 nostri
1006 1847 1088 1866 anno
1114 1837 1259 1878 septimo.

459 1988 534 2019 247¹.
564 1989 884 2020 l’Ji'Il'llAsfflls'M
909 1989 1126 2020 REGINAE
1146 1990 1392 2021 FRANUIAE
1416 1990 1694 2023 CONGESSUM.
1743 1993 1834 2022 1250.
1874 1990 1973 2021 Mur.
1990 1991 2039 2020 :301

540 2049 636 2079 mli!
663 2049 918 2080 li'alteulmnmw
942 2050 959 2080 l.
977 2062 1001 2080 tf.
1027 2052 1091 2080 :347¹
1116 2061 1162 2081 nr.
1185 2051 1232 2087 II,
1263 2051 1355 2081 retius
1387 2052 1551 2082 edilionrm
1575 2051 1750 2090 rnpclinms.
1801 2051 1847 2089 Cf.
1873 2051 1915 2081 ml
1938 2051 2068 2081 maz-11.

435 2120 470 2122 m
497 2100 641 2137 Ilae'ilaemrr,
668 2101 741 2139 11211.
762 2102 830 2139 imp.
857 2101 909 2133 l'J.
933 2102 1021 2132 ΙΙΗΗ.
1783 2103 1835 2142 (Ι).
1861 2103 1966 2143 deest.)

542 2195 697 2225 liudolfus
719 2195 776 2225 l)‹=i
801 2196 902 2235 gratia
924 2196 1141 2226 Romanorum
1167 2207 1222 2227 rex
1250 2207 1379 2237 semper
1395 2202 1553 2238 augustus
1579 2197 1724 2239 preclare
1744 2197 1872 2228 domine
1890 2197 2069 2237 Margarctc

433 2247 539 2277 inclite
566 2246 760 2276 Francorum
788 2247 897 2287 regine
924 2248 981 2277 sibi
1008 2247 1124 2278 dilecte
1151 2248 1288 2278 salutem
1314 2252 1346 2279 et
1370 2260 1464 2279 omne
1490 2249 1618 2280 bonum.

540 2306 587 2346 (l)
615 2307 702 2336 Licet
732 2307 918 2337 comitatum
949 2312 980 2337 ct
1011 2308 1263 2338 marchimiatum
1294 2308 1479 2347 Provincic,
1516 2309 1718 2340 intendentes
1748 2310 1806 2340 hec
1838 2309 1900 2339 duo
1935 2307 2068 2344 nomina,

433 2358 556 2388 scilicet
581 2358 763 2387 comitatum
789 2362 820 2387 ct
845 2358 1116 2397 marchioimtum,
1149 2371 1221 2390 csse
1253 2360 1413 2391 sinonima
1445 2365 1476 2391 et
1501 2372 1599 2391 111111111
1631 2372 1692 2391 non
1723 2361 1849 2391 diversa
1879 2369 2066 2402 supponere,

432 2421 468 2439 ac
494 2410 678 2439 comitatum
707 2409 912 2439 l⁴¹oll<all<crie
938 2421 1008 2439 cum
1035 2410 1182 2440 omnibus
1209 2411 1346 2450 iuribus,
1371 2412 1646 2443 iurisdictionibus
1672 2416 1702 2443 ct
1728 2413 1929 2454 pertinentiis
1954 2420 2065 2442 eorun-

432 2460 503 2490 ‹lcm
529 2472 568 2497 aq
591 2461 711 2497 omnia,
749 2471 809 2501 quc
842 2461 923 2490 infra
954 2462 1125 2491 comitatus
1158 2462 1244 2503 ipsos
1276 2463 1487 2494 consistentia
1517 2464 1738 2495 Romanorum
1773 2465 1983 2506 imperatores
2013 2471 2068 2503 pcr

432 2522 542 2542 corum
569 2512 735 2553 privilegia
762 2512 920 2552 quondam
954 2512 1083 2542 domino
1111 2513 1300 2553 llaymundo
1327 2514 1521 2555 Bercngario
1551 2517 1657 2546 comiti
1690 2520 1740 2547 et·'¹
1767 2513 1965 2557 [inarchionil
1990 2514 2066 2544 Pro-

432 2563 534 2593 rincie
560 2574 596 2593 ac
621 2563 727 2592 comiti
753 2562 959 2593 Follmlkoric
987 2564 1150 2604 ipsiusque
1177 2564 1463 2605 predecessoribus
1489 2567 1699 2606 donaverunt,
1725 2578 1782 2609 per
1806 2567 1947 2609 speciale
1972 2563 2064 2607 privi-

533 2664 598 2690 ’.Ὶί
620 2669 643 2691 ²¹)
664 2666 769 2690 deletum
790 2676 809 2689 ‹·.

535 2752 556 2776 li
579 2750 618 2782 Cf.
640 2750 761 2782 Balatu-r,
783 2751 917 2784 Ιΐ1’]],1”υι]ι,
940 2751 966 2783 Γ,
986 2755 1056 2777 llis-S.

2100 708 2123 727 10

2100 969 2122 988 15

2099 1224 2124 1244 20

2097 1483 2119 1502 25

2097 1744 2120 1763 ³0

2091 2422 2114 2441 40
