2259 3164
485 126 615 152 ADOLFI
635 126 738 151 REGIS
758 126 1080 152 CONSTITUTIONES.
1121 128 1192 154 1294.
1231 128 1277 154 Nr.
1292 129 1350 155 520.
1369 130 1426 154 521.
1445 130 1503 155 522.
1752 132 1814 161 499

173 212 298 243 Gerlaci
324 212 466 242 canonici
492 213 648 252 Aquensis
671 212 776 242 fratris
800 212 846 242 sui
872 213 1037 252 presencia
1062 214 1090 243 in
1115 215 1253 244 animam
1279 218 1416 244 nostram
1442 215 1474 245 id
1498 215 1581 245 idem
1608 216 1713 253 iurari,
1737 216 1818 246 sicut

172 274 229 304 per
252 262 374 293 litteras
402 266 525 293 nostras
556 263 629 293 inde
658 263 839 293 confectas1
868 274 925 303 per
954 264 1189 295 ordinacionem
1222 267 1405 296 nunciorum
1437 270 1613 297 vestrorum
1645 266 1817 297 tradendas

172 318 204 345 et
227 314 434 354 assignandas
457 314 555 345 nobili
578 315 645 344 viro
674 315 780 345 comiti
804 314 978 345 Hollandie
1007 316 1131 355 plenius
1160 317 1277 356 poterit
1305 328 1472 358 apparere.
1578 319 1623 357 (3)
1654 318 1815 358 Magnitu-

172 366 276 396 dinem
302 369 440 396 vestram
464 366 639 396 affectuose
664 369 824 407 roganteS,
849 367 996 406 quatinus
1021 367 1171 407 predictis
1195 368 1366 398 Eustachio
1392 373 1424 399 et
1446 370 1598 410 magistro
1624 369 1759 400 Gerlaco
1785 370 1816 400 in

140 430 151 447 5
170 417 239 455 hiis,
263 427 324 457 que
349 427 444 457 super
468 418 630 457 premissis
653 417 743 447 vobis
768 428 808 447 ex
836 421 926 457 parte
955 422 1062 448 nostra
1094 418 1243 449 duxerint
1275 420 1481 460 exponenda,
1512 421 1608 451 fidem
1642 421 1816 462 dignemini

171 468 332 498 credulam
355 468 520 499 adhibere.

276 519 348 550 Dat.
374 520 583 560 Londffinic),
616 520 672 550 IX.
699 520 749 550 die
779 520 869 554 Nov..
898 530 980 550 anno
1005 520 1133 550 Domini
1158 520 1245 551 MCC
1270 523 1476 562 nonogesimo
1502 522 1600 561 IIII,h
1625 524 1714 564 rcgni
1739 534 1814 554 vero

169 571 265 602 nostri
289 582 370 601 anno
395 571 503 602 XXII.

239 690 315 722 5:31.
350 691 589 721 LITTERAE
609 691 832 723 EIUSDEM
854 691 1021 722 COMITI
1042 691 1353 723 HOLLANDIAE
1374 693 1555 724 MISSAE.
1603 695 1679 725 Now.
1699 696 1747 724 12.

128 763 151 781 ιο
271 751 323 781 Ex
340 751 454 781 Rotulo
479 752 619 782 ‘Almam
638 751 860 782 Bolum-31
884 751 972 782 Echo.
992 752 1026 788 Ῑ,·
1051 753 1077 781 1⁷
1102 763 1150 782 ην.
1170 754 1218 788 18,
1243 753 1297 782 ubi
1313 753 1445 783 additur
1468 754 1510 784 Et
1533 754 1592 784 fuit
1617 755 1713 785 claus.
1764 755 1812 792 Cf.

168 803 261 832 etiam
285 802 358 842 Rey.
381 803 608 833 Reichssadmn
626 805 695 833 1150.
722 804 791 834 181.
818 804 878 833 185
903 806 930 833 et
954 803 1075 855 litteras
1098 804 1178 842 reglis
1201 803 1307 842 Adolfc
1333 804 1418 841 infra
1442 815 1489 834 ur.
1510 806 1579 835 526.
1605 824 1645 827 -—
1669 805 1813 843 Bsihmer,

170 853 241 893 Rey.
269 854 352 884 1246
359 856 484 884 —1315’
509 854 734 885 Reichssnchen
760 856 829 884 184.
1528 856 1581 895 (P.
1606 857 1712 894 deest.)

273 939 346 970 Rex
370 940 468 970 nobili
492 941 558 971 viro
583 940 710 971 domino
735 940 926 980 F(lorentio)
951 941 1058 971 comiti
1076 940 1237 971 Holandie
1263 944 1295 971 et
1312 941 1464 971 Zelandie
1483 952 1519 971 ac
1538 942 1666 972 domino
1684 942 1813 982 Fris(ie)

167 992 269 1021 amieo
294 1002 350 1022 suo
375 993 536 1022 carissimo
562 992 697 1022 salutem
723 996 754 1022 et
778 992 982 1022 dilectionem
1007 993 1172 1023 sinceram.

126 1053 148 1072 15
274 1042 353 1073 Cum
377 1044 539 1074 mittamus
563 1044 603 1074 ad
628 1047 735 1084 partes
759 1047 881 1074 vestras
904 1045 1073 1085 pecuniam
1098 1044 1138 1074 ad
1162 1044 1344 1074 faciendum
1376 1045 1570 1075 solucionem
1601 1046 1669 1085 regi
1694 1045 1812 1076 Roma-

166 1105 277 1125 norum
301 1095 414 1126 illustri
439 1100 470 1126 et
493 1096 572 1131 aliis,
596 1099 691 1136 prout
714 1097 796 1126 inter
821 1106 875 1126 eos
901 1099 932 1126 ct
961 1107 1017 1126 nos
1048 1106 1106 1136 per
1133 1097 1265 1126 nuncios
1295 1107 1404 1126 eorum
1434 1100 1466 1126 et
1497 1100 1620 1127 nostros
1650 1096 1753 1126 fuerat
1782 1097 1814 1127 in

167 1147 331 1186 presencia
355 1150 458 1177 vestra
484 1151 689 1185 conventum,
714 1148 794 1178 sicut
818 1147 941 1188 plenius
964 1147 1033 1187 ipse
1057 1148 1170 1187 nostis,
1195 1158 1231 1177 ac
1256 1148 1352 1178 etiam
1383 1149 1633 1178 transmittamus
1663 1148 1813 1178 dilectum

167 1201 198 1228 et
220 1198 348 1228 fidelem
366 1203 507 1229 nostrum
524 1199 701 1229 Iohannem
718 1199 908 1229 Butetourte
925 1198 1069 1237 militem⁷
1087 1199 1221 1229 latorem
1238 1200 1449 1240 presencium,
1467 1199 1508 1229 ad
1526 1200 1626 1240 ipsam
1645 1200 1813 1239 pecuniam

167 1249 416 1289 conducendam,
505 1250 705 1281 nobilitatem
729 1254 868 1281 vestram
891 1251 1081 1291 requirimus
1106 1254 1138 1281 et
1160 1261 1321 1291 regarium,
1347 1252 1493 1291 quatinus
1517 1251 1661 1291 predicto
1679 1251 1813 1281 Iohanni

125 1308 148 1327 20
167 1304 198 1331 et
221 1301 290 1331 aliis
314 1303 483 1342 pecuniam
509 1303 645 1333 eandem
670 1303 859 1333 ducentibus
884 1303 1049 1333 consilium
1074 1306 1106 1333 et
1123 1303 1277 1333 auxilium
1295 1303 1410 1334 efficax
1428 1303 1631 1344 impendatis,
1654 1306 1689 1333 ut
1706 1303 1812 1333 huius—

166 1352 252 1382 modi
276 1354 411 1393 pecunia
441 1354 523 1384 bene
553 1354 693 1384 salvetur
721 1358 754 1384 et
782 1354 852 1384 loco
883 1365 944 1395 quo
981 1355 1067 1395 prius
1100 1358 1274 1395 reponatur
1308 1356 1339 1385 in
1373 1359 1456 1391 tuto,
1492 1365 1657 1395 quousque
1693 1354 1812 1384 solucio

164 1405 298 1444 pecunie
324 1405 467 1445 predicte
492 1405 577 1436 facta
601 1407 642 1436 sit
664 1406 735 1446 illis,
761 1406 874 1446 quibus
899 1406 967 1436 fieri
992 1406 1099 1445 debet,
1125 1410 1156 1437 et
1181 1406 1240 1436 hoc
1262 1407 1343 1437 sicut
1365 1407 1451 1447 prius
1473 1407 1503 1436 in
1525 1407 1691 1446 presencia
1708 1409 1813 1436 vestra

165 1455 228 1486 fiat.
333 1456 374 1486 Et
403 1457 538 1487 eundem
569 1457 744 1488 Iohannem
775 1461 807 1488 et
835 1457 914 1487 alios
947 1457 986 1488 (le
1017 1468 1115 1498 regno
1146 1461 1253 1488 nostro
1282 1458 1322 1488 ad
1352 1462 1460 1498 partes
1495 1460 1616 1487 vestras
1652 1457 1813 1498 predictas

166 1507 355 1538 fiducialiter
378 1508 569 1539 accedentes
592 1510 623 1539 in
646 1509 706 1539 hiis
731 1512 763 1539 et
786 1510 817 1539 in
842 1509 988 1539 omnibus
1012 1509 1091 1549 aliis,
1117 1520 1178 1550 que
1202 1520 1258 1540 nos
1283 1512 1426 1550 tangunt,
1450 1509 1571 1540 habere
1593 1509 1707 1543 velitis,
1732 1510 1813 1539 sicut

125 1566 147 1584 2⁵
166 1559 205 1589 de
229 1559 318 1590 vobis
343 1560 539 1600 confidimus,
564 1572 652 1591 more
677 1561 770 1591 solito
796 1561 1046 1591 commendatos.

271 1611 344 1642 Dat.
369 1612 455 1652 apud
479 1612 842 1652 VVestmspnasterium)7
867 1612 942 1643 XII.
961 1612 1012 1643 die
1037 1613 1210 1643 Novembr.

697 1885 790 1934 5222.
841 1881 1276 1935 OBLIGATIO

246 1958 897 2012 AROHIEPISOOPO
940 1958 1435 2012 TREVIRENSI
1478 1959 1732 2012 FACTA

418 2036 575 2089 PRO
618 2036 1173 2089 EXPEDITIONE
1216 2035 1557 2089 ITALICA.

126 2154 148 2172 30
840 2139 945 2174 10294.
986 2139 1051 2173 Iul.
1075 2140 1132 2174 023.

266 2246 378 2277 Denuo
406 2247 625 2285 descripsimus
655 2247 870 2286 autom-aphau
900 2246 1052 2277 tabularia·
1082 2246 1302 2284 Conflzmntini.
1360 2246 1481 2277 Eadem
1514 2257 1610 2276 manu
1638 2249 1674 2276 ut
1705 2256 1804 2285 supra

165 2308 210 2327 nr.
228 2300 290 2328 436
313 2298 497 2338 neyliyenter
519 2302 685 2330 exaratum
709 2302 761 2329 est.
814 2299 960 2338 Siyillum
990 2299 1108 2329 laesum
1131 2299 1247 2337 pendet
1274 2298 1338 2329 loro
1365 2298 1605 2328 membranaceo.
1657 2298 1704 2335 Cf.
1731 2297 1804 2327 obli-

163 2350 315 2387 9atz'onem
338 2351 387 2381 <lie
406 2351 605 2389 praecedenti
628 2351 734 2381 datam
758 2351 832 2390 Rey.
857 2351 918 2381 Ad.
935 2352 1007 2387 204,
1032 2351 1123 2381 cuias
1146 2351 1217 2381 item
1241 2350 1458 2389 autographon
1477 2349 1580 2380 adhuc
1594 2352 1746 2379 servatur.
1766 2367 1805 2370 —

166 2400 307 2437 Bbhmer,
332 2402 405 2441 Rey.
430 2402 491 2433 Ad.
508 2404 580 2432 205.
1520 2401 1571 2439 (P.
1597 2401 1702 2435 deest.)

125 2495 147 2515 35
270 2487 354 2517 Nosa
388 2488 526 2518 Adulfus
560 2488 620 2518 Dei
656 2489 758 2528 gratia
790 2488 1008 2518 Romanorum
1044 2487 1122 2517 rexb
1156 2497 1284 2527 semper
1317 2490 1470 2527 augustus
1509 2486 1548 2516 ad
1587 2487 1804 2516 universorum

166 2539 308 2569 notitiam
343 2540 486 2580 cupimus
517 2541 699 2580 pervenire,
735 2539 838 2580 quodc
872 2538 1047 2569 venerabili
1081 2539 1289 2569 Bocmundoc
1326 2538 1527 2568 Trevirorum
1563 2537 1803 2576 archiepiscopo

266 2623 330 2649 520.
352 2626 374 2656 b)
395 2626 504 2656 sequimi*
523 2634 589 2649 anno
608 2626 715 2649 deletum
736 2625 766 2648 If.

267 2683 330 2709 52⁸2.
350 2687 373 2717 ²²)
390 2686 548 2716 praecedunt
567 2705 591 2710 ..
612 2695 648 2709 ur.
738 2684 762 2713 h)
783 2686 808 2708 e'n
828 2685 894 2709 linea
915 2685 975 2708 add,
996 2694 1032 2708 or.
1123 2685 1144 2715 Β)
1165 2704 1190 2708 ..
1210 2684 1270 2707 add.
1291 2694 1327 2707 or.

268 2752 292 2782 1)
312 2752 399 2784 Supra
420 2761 458 2778 nr.
476 2757 522 2778 517
539 2761 559 2778 c.
577 2756 614 2777 12.

1554 2799 1601 2824 ‘33³³
