2259 3164
73 741 96 760 10

75 999 98 1018 15

75 1264 100 1283 20

78 1528 100 1547 25

78 1916 101 1935 30

80 2173 102 2193 ³5

81 2478 104 2496 «o

457 182 614 209 RUDOLFI
633 181 738 208 REGIS
758 182 1077 208 CONsTl'rUTioNEs.
1116 183 1187 208 1277.
1227 184 1271 209 Nr.
1288 185 1342 210 133.
1358 185 1412 210 134.
1692 189 1748 218 129

122 261 287 294 attendere
305 262 451 293 volumus
476 264 509 293 et
526 272 656 293 servare
681 264 746 292 tam
764 261 849 292 circa
866 261 1105 292 restitucionem
1124 262 1269 294 obsidum
1287 275 1381 305 quam
1400 264 1630 295 liberacioncm
1648 265 1748 296 eciam

123 314 316 357 captivorum
342 316 374 344 et
397 313 532 344 aliorum
557 313 782 354 quorumlibet,
807 323 869 354 que
894 313 925 343 in
950 313 1051 343 forma
1074 314 1244 345 concordie
1268 316 1479 353 continentur,
1505 320 1672 357 sperantes
1696 318 1747 347 fir-

121 367 222 405 miter,
246 364 330 407 quod
354 364 501 396 dominus
525 368 635 396 noster
658 365 883 396 serenissimus
907 375 965 395 rex
989 365 1204 396 Romanorum
1230 377 1289 397 non
1316 368 1417 398 solum
1442 378 1488 407 ea,
1514 379 1574 409 que
1600 372 1750 399 tractatafl

122 421 194 450 sunt
216 417 335 460 pariter
359 420 391 448 et
415 417 586 459 promissa,
609 417 708 448 faciet
731 417 862 448 effectui
886 417 1072 458 mancipari,
1097 428 1207 449 verum
1232 420 1334 450 eciam
1359 420 1403 450 sic
1428 431 1462 451 se
1486 420 1578 451 nobis
1603 421 1750 451 ostendat

121 469 314 510 benivolum,
339 469 382 500 sic
407 469 499 500 nobis
524 479 582 500 sua
606 469 714 510 gracia
738 469 930 509 blandiatur,
955 473 990 500 ut
1014 472 1102 501 tanto
1129 471 1269 501 strictius
1287 474 1440 513 tantoque
1459 472 1650 513 proinpcius,
1675 472 1748 502 dum

121 524 222 565 ipsum
246 532 323 562 erga
346 532 403 552 nos
426 521 607 562 graciosam
631 520 776 552 videmus
800 532 914 562 gerere
940 521 1152 559 voluntatem,
1184 522 1282 553 simus
1313 523 1451 564 expositi
1483 522 1522 553 ad
1557 524 1663 554 onmia
1693 534 1750 555 sua

122 573 323 616 beneplacita
347 576 379 604 et
402 572 563 605 mandata.
608 572 650 603 Et
674 573 750 604 licet
773 573 969 614 generaliter
999 573 1031 604 in
1057 574 1160 604 forma
1184 574 1351 605 concordie
1383 575 1423 605 sit
1452 575 1636 612 statutu1n1,
1667 575 1750 615 quod

123 636 231 658 omnes
255 625 374 666 captivi
398 624 537 656 debeant
561 635 633 656 esse
658 624 750 655 liberi
774 628 806 655 et
829 625 933 662 soluti,
960 628 1067 656 tamen
1093 626 1275 666 specialiter
1306 624 1478 668 eilus]dem
1503 625 1621 656 domini
1653 627 1749 657 nostri

123 677 351 710 excellenciam
368 677 562 718 flagitamus,
587 676 671 718 quod
689 676 824 715 ordinet,
849 679 883 707 ut
906 676 1041 708 dilectus
1066 677 1159 708 nobis
1177 676 1398 719 Chunr(adus)
1423 677 1461 708 dc
1478 677 1607 708 Pisentz
1632 688 1650 708 a
1675 688 1749 719 cap-

123 731 244 762 tivitate
269 729 446 760 dimittatur
475 729 598 760 solutus
630 732 662 759 et
686 728 769 770 quod
793 729 880 760 nulla
909 729 949 760 ab
978 729 1047 770 ipso
1080 730 1218 771 pecunia
1247 730 1434 771 requiratur.
1480 729 1625 760 Petimus
1650 731 1750 760 eciam

123 783 161 814 ab
185 781 309 821 eodem,
332 784 367 812 ut
384 781 536 812 dilectum
563 781 654 812 nobis
672 781 892 823 Hainr(icun1)
917 782 956 813 de
975 781 1172 813 Haimberch
1189 782 1386 813 hereditates
1411 792 1484 813 suas
1509 785 1540 813 et
1556 783 1641 813 bona
1664 784 1750 824 paci-

122 835 181 866 fice
204 833 370 876 possidere
394 834 573 876 permittat,
602 836 709 865 vestre
741 834 918 865 nobilitatis
944 834 1131 865 industriam
1156 835 1341 866 affectuosis
1367 835 1514 876 precibus
1543 836 1752 876 requirentes,

123 889 278 929 quatenus
302 885 406 917 eidem
430 885 557 917 domino
582 889 691 917 nostro
719 887 833 917 vestris
867 886 1147 918 exhortacionibus
1178 887 1315 918 sollicite
1345 887 1520 925 insistatis,
1545 887 1627 928 quod
1660 887 1750 917 nobis

123 938 340 971 favorabiliter
362 937 503 969 arrideat
527 939 558 969 in
575 939 737 980 premissis
763 942 794 969 et
818 939 849 969 in
868 938 1065 980 quibuslibet
1090 939 1266 970 clementer
1290 942 1321 970 et
1339 939 1489 970 benivole
1515 950 1573 970 nos
1598 943 1630 969 et
1647 942 1753 970 nostra

124 991 256 1033 negocia
280 993 505 1032 prosequatur,
530 1001 586 1032 pro
612 1001 672 1032 quo
698 990 883 1032 specialiter
907 990 998 1021 vobis
1024 991 1171 1022 volumus
1195 991 1331 1032 obligari
1355 991 1395 1022 ad
1420 1002 1466 1029 ea,
1492 1002 1552 1032 que
1577 990 1667 1021 vobis
1692 991 1752 1021 sci-

123 1044 260 1075 verimus
297 1053 368 1074 esse
404 1046 510 1084 grata,
552 1046 584 1073 et
622 1042 788 1081 affectum,
828 1053 923 1084 quem
958 1052 1035 1083 erga
1069 1053 1127 1073 nos
1162 1043 1309 1084 gessistis
1350 1046 1382 1073 et
1417 1042 1548 1083 geritisb
1582 1042 1753 1079 indefesse,

125 1095 207 1126 circa
239 1100 317 1125 vosc
351 1093 523 1125 studiosius
553 1095 740 1136 promereri.
793 1094 944 1126 Ceterum
976 1095 1058 1125 sicut
1092 1105 1149 1136 per
1183 1095 1304 1136 priores
1341 1098 1466 1125 nostras
1501 1094 1624 1125 litteras
1663 1094 1753 1125 vobis

125 1147 383 1189 significavimus,
407 1146 452 1177 sic
475 1146 590 1178 iterum
615 1146 819 1188 presentibus
844 1147 1039 1184 intimamus,
1064 1146 1148 1187 quod
1172 1147 1280 1177 statim
1305 1145 1379 1177 dum
1405 1146 1567 1177 ordinacio
1585 1145 1753 1177 concordie

124 1199 162 1231 ad
193 1202 333 1230 nostram
365 1199 514 1240 pervenit
542 1199 695 1230 noticiam
729 1210 770 1230 ex
800 1199 960 1229 relacione
989 1199 1195 1229 Zwimolonis
1230 1198 1335 1229 dilecti
1369 1198 1471 1229 tidelis
1500 1198 1614 1236 nostri,
1648 1209 1704 1229 nos
1737 1209 1755 1228 a

125 1251 268 1293 dampnis
287 1250 511 1282 Witkonidum
536 1250 780 1282 continuimus.2
817 1251 977 1282 Zewissus
1002 1261 1076 1282 vero
1100 1261 1172 1281 cum
1197 1251 1263 1281 suis
1289 1250 1506 1292 complicibus,
1532 1250 1663 1280 eciamsi
1687 1250 1754 1280 IIII

125 1302 236 1334 diebus
265 1306 339 1334 ante
375 1313 469 1344 quam
498 1302 591 1334 nobis
620 1302 681 1333 sibi
705 1302 745 1333 de
769 1302 853 1333 facto
879 1302 1048 1333 concordie
1081 1302 1166 1332 facta
1195 1302 1302 1333 fuerat
1332 1302 1505 1339 certitudo,
1534 1301 1618 1332 bona
1648 1305 1755 1332 nostra

125 1358 156 1386 et
178 1355 320 1386 fidelium
344 1358 525 1386 nostrorum
549 1364 608 1396 per
631 1354 780 1386 incendia
804 1359 959 1395 quantum
983 1354 1086 1396 potuit
1109 1354 1301 1385 devastavit.
1340 1353 1381 1384 Et
1405 1363 1500 1395 super
1524 1353 1584 1384 hiis
1608 1353 1755 1384 omnibus

125 1407 256 1449 prefatis
280 1407 457 1438 Zmilonem
482 1407 522 1438 ad
547 1406 667 1438 domini
690 1407 792 1438 nostri
815 1406 1020 1448 presenciam
1045 1406 1195 1437 duximus
1220 1405 1444 1436 destinandum
1468 1408 1633 1447 petentes,
1658 1408 1692 1435 ut
1716 1416 1753 1436 ea

125 1470 184 1501 que
208 1470 250 1491 ex
272 1462 363 1501 parte
388 1462 497 1490 nostra
520 1459 612 1490 vobis
639 1459 854 1501 proposuerit,
880 1458 1019 1489 credatis
1044 1459 1177 1489 firmiter
1201 1461 1365 1500 tamquam
1391 1458 1492 1489 nobis.

229 1520 348 1551 Datum
372 1521 405 1551 in
428 1520 521 1551 Nova
545 1519 649 1558 domo,
675 1519 775 1562 pridie
801 1519 877 1550 Idus
902 1519 990 1551 Maii.

334 1683 407 1715 134.
432 1683 660 1715 EPISTOLA
687 1683 922 1715 OTTOKARJ
944 1682 1085 1714 REGIS
1106 1681 1171 1712 AD
1194 1680 1419 1712 RURCGRA
1430 1679 1553 1711 VJUM

613 1734 1072 1767 NORIMBERGENSEM.
1118 1733 1200 1764 Mai.
1220 1735 1266 1763 κδ’.

230 1807 377 1846 Superest
408 1807 441 1837 in
467 1805 529 1837 solo
558 1805 658 1836 codice
685 1805 888 1836 Ollobonicmo
911 1804 994 1834 2155
1018 1803 1070 1841 sol,
1092 1804 1134 1833 32
1156 1813 1207 1834 nr.
1227 1803 1282 1839 -jl,
1313 1802 1404 1832 cuius
1431 1801 1594 1831 editionem
1618 1800 1758 1831 ‘ll'iencr

127 1858 402 1900 Bricfsammlzmq'
426 1869 458 1897 2).
477 1859 517 1888 93
548 1869 595 1888 ur.
614 1860 654 1888 δέ
683 1860 836 1896 paratam
864 1856 1038 1896 repetimus
1089 1855 1148 1885 Est
1182 1854 1312 1884 rubmmz
1346 1854 1418 1884 Rex
1451 1853 1566 1883 comiti.
1622 1852 1758 1883 Contulit

127 1910 319 1951 Poyatschcr,
359 1910 408 1941 Dc
428 1910 570 1949 personis
593 1921 618 1941 v.
640 1910 769 1949 Reyosta
793 1909 926 1947 imperii.
969 1908 1047 1939 Cam
1065 1906 1266 1946 praecedenti
1289 1906 1344 1936 hoc
1367 1906 1582 1936 documentum
1606 1907 1669 1934 tom
1692 1906 1759 1934 ara·

127 1962 270 2000 cohaeret,
294 1965 329 1993 ut
354 1963 386 1993 in
409 1962 521 1993 mensis
546 1961 735 1992 indicatione
751 1960 823 1991 Iulii
846 1959 925 1990 rmale
942 1970 1003 1998 pro
1020 1958 1101 1989 Iunii
1121 1959 1259 1997 positum
1275 1968 1338 1988 csse
1357 1956 1549 1996 probabilius
1572 1956 1642 1992 sitss,
1667 1966 1758 1994 «luam

129 2014 291 2045 terminum
321 2014 477 2045 obsidibus
499 2013 714 2049 restituendis,
738 2013 793 2051 qui
816 2012 898 2042 Mai.
920 2012 970 2041 23.
995 2013 1133 2041 statutus
1156 2012 1232 2046 mal,
1256 2012 1405 2049 quattuor
1427 2007 1667 2039 bebdomadibus
1685 2018 1759 2046 pro-

127 2065 281 2106 lonyatum
304 2077 380 2103 esse,
404 2068 439 2096 ut
461 2066 608 2104 opinatus
632 2068 674 2095 cst
699 2064 829 2095 Redlicb
853 2063 871 2094 l.
889 2074 915 2094 c.
960 2062 1086 2094 Similes
1109 2062 1340 2100 conquestiones
1363 2061 1399 2091 dc
1421 2059 1650 2091 conditionibus
1670 2058 1760 2097 pacis

127 2118 164 2148 ab
187 2120 318 2157 utraque
339 2120 434 2157 parto
463 2128 526 2148 nou,
555 2117 686 2147 servatis
714 2116 786 2146 ltimt
818 2115 887 2146 indo
916 2117 1014 2145 motat:
1037 2114 1130 2144 ctiam
1160 2113 1233 2152 Rea.
1256 2113 1326 2151 imp.
1352 2112 1404 2149 VI,
1423 2112 1493 2143 793.
1512 2112 1581 2141 7:09.
1599 2112 1670 2141 ooo.
1688 2111 1759 2139 sol.

129 2170 196 2201 820.
215 2172 277 2200 838
299 2173 481 2209 ίαιῑῃιιιιίιιικ
508 2188 547 2192 ——
571 2169 716 2205 Bo'lzmcr,
742 2168 814 2207 Res).
841 2168 910 2205 imp.
933 2166 985 2203 ΓΙ,
1002 2167 1070 2196 792.
1469 2163 1522 2202 (Ρ.
1547 2162 1654 2200 deest.)

233 2265 422 2307 O(takarus)
446 2265 508 2296 Dei
532 2265 640 2306 gracia
663 2274 720 2295 rex
745 2266 805 2294 etc.

233 2317 356 2349 Tenore
380 2317 598 2359 presencium,
624 2319 718 2358 prout
744 2316 882 2357 priorum
909 2314 1066 2345 continuit
1089 2313 1203 2349 serim,
1230 2314 1335 2342 vestre
1360 2309 1516 2341 industrie
1542 2309 1689 2339 duximus
1714 2308 1760 2337 in-

130 2369 318 2407 timandum‚
342 2369 427 2410 quod
453 2369 560 2400 statim
584 2371 753 2409 postquam
779 2367 863 2398 inter
886 2366 1049 2397 dominum
1074 2368 1217 2395 nostrum
1243 2362 1484 2394 serenissimum
1510 2371 1619 2401 regem
1642 2360 1760 2390 Roma-

128 2431 238 2451 norum
271 2424 302 2451 et
334 2432 391 2452 nos
427 2420 601 2452 stabilitam
633 2420 700 2450 sore
738 2419 939 2460 percepimus
973 2417 1135 2449 concordis
1169 2415 1316 2446 unionem
1346 2413 1479 2452 federis,
1518 2413 1603 2453 prior
1637 2421 1697 2451 quo
1730 2411 1761 2440 iu

131 2471 376 2503 destructionem
408 2472 657 2503 Witkonidum²
684 2474 795 2502 nostra
823 2470 970 2501 voluntas
1003 2468 1155 2506 eferbuit,
1190 2467 1316 2498 omnino
1354 2465 1472 2496 resedit
1507 2468 1539 2494 ct
1574 2464 1618 2493 sic
1650 2472 1760 2492 manus

232 2575 294 2601 133.
313 2577 337 2608 ³)
356 2577 458 2601 turbata
480 2578 508 2601 0.
598 2576 621 2607 b)
641 2577 708 2606 gotis
731 2577 757 2601 O.
846 2576 868 2605 e)
888 2574 999 2606 seqnitur
1018 2573 1143 2598 indefesse
1163 2576 1184 2596 c!
1203 2571 1227 2595 in
1248 2571 1361 2601 inarfsinc
1382 2568 1515 2601 promereri
1538 2569 1565 2590 t).

230 2670 254 2702 l)
269 2669 356 2702 Supra
374 2677 415 2695 nr.
435 2673 489 2696 129.
509 2673 555 2695 130
572 2678 591 2695 c.
607 2675 627 2696 1.
714 2670 741 2697 ⁴2)
763 2669 802 2702 Cf.
824 2668 899 2699 ιἰιΙνιι
920 2671 1014 2692 ›112141
1034 2674 1054 2692 c.
1067 2671 1087 2692 1.
1179 2667 1204 2692 3)
1226 2663 1297 2688 Huic¹
1316 2663 1491 2691 conircturac,
1511 2662 1639 2692 'stimuum
1659 2657 1762 2689 quidem

131 2718 162 2735 cat
182 2711 217 2736 eis
235 2720 303 2745 quae
320 2712 351 2737 ’ἰη
366 2715 488 2745 promptu
506 2716 566 2738 sune
586 2720 735 2745 coynoscerc
750 2712 889 2744 possimus,
909 2710 972 2735 nihil
986 2710 1076 2741 obstat,
1097 2708 1138 2733 scd
1156 2707 1312 2732 Ollolfcffum
1333 2714 1418 2737 νιῃωιι,
1438 2704 1482 2736 qni
1502 2702 1643 2728 mundant
1666 2709 1703 2724 1¹1⁴.
1723 2704 1762 2724 1.’,·.»·

131 2753 199 2780 Mai.
219 2759 254 2780 14.
274 2755 303 2780 in
321 2755 398 2781 Nora
416 2756 489 2781 domo
511 2756 676 2788 morabatur,
703 2755 762 2780 inde
778 2757 892 2787 propter
910 2756 1057 2778 stratarum
1079 2751 1247 2784 publicarum
1266 2749 1381 2774 rationes
1399 2748 1473 2779 prius
1493 2747 1623 2777 Massam,
1643 2744 1762 2774 dwzcvlns*

87 2804 110 2824 4⁵
150 2797 249 2823 demum
266 2805 351 2823 sersus
374 2798 450 2824 (ἔνθα
467 2799 595 2832 (Mat-26.
614 2802 647 2832 cf.
661 2800 667 2812 ‘
679 2799 782 2824 Wiener
802 2797 1033 2829 Briossiomnlimy'
1048 2804 1075 2828 1).
1089 2800 1119 2819 lto
1138 2802 1178 2819 φιν.
1191 2795 1234 2823 so)
1250 2793 1394 2824 prolectam
1413 2798 1462 2814 csse
1483 2788 1615 2813 scrisimilc
1635 2789 1676 2811 mi.

241 2861 276 2878 121„
290 2860 497 2878 o'ONS'l'lTUTIONEs
515 2860 547 2877 ιιι.
1531 2840 1556 2863 1⁴
