2259 3164
151 745 173 764 10

152 1003 173 1021 15

152 1260 176 1280 20

154 1520 178 1540 25

149 1776 173 1795 ³0

151 2297 174 2316 40

155 2812 178 2831 50

575 182 731 209 RUDOLFI
753 181 856 209 REGIS
876 181 1197 209 CONSTITUTIONES.
1236 184 1308 209 1283.
1345 183 1462 210 N1·.354.
1775 187 1835 217 339

286 272 336 309 (ΙΙ)
365 275 436 300 Item
464 275 538 308 quod
568 274 710 308 predictus
738 274 865 300 dominus
901 273 1047 307 episcopus
1090 274 1220 308 legatus&
1249 275 1317 300 dicti
1349 275 1453 301 domini
1482 276 1553 308 regis
1583 278 1611 302 et
1638 276 1696 303 eius
1725 277 1836 303 nomine

287 328 416 353 teneatur
439 327 604 353 confirmare
629 328 657 352 et
679 326 781 352 habere
805 326 883 351 firma
906 327 935 351 et
958 327 1019 351 rata
1045 326 1138 352 omnia
1162 328 1190 352 et
1214 326 1323 359 singula
1339 327 1494 361 privilegia,
1520 330 1610 361 pacta,
1634 329 1834 361 indulgencia&

284 378 398 413 gratiaS,
423 379 592 410 sentencias,
617 378 825 413 prerogativas,
850 377 1040 411 specialitates
1065 380 1092 404 et
1116 378 1176 403 iura
1201 380 1293 404 cetera
1316 379 1382 404 data
1407 381 1435 404 et
1459 380 1532 406 facta
1555 380 1665 406 comuni
1688 380 1834 407 Cumarum

283 431 318 457 ab
345 431 560 464 imperatoribus
589 433 618 457 et
645 431 756 464 reg-ibus
787 430 909 457 eiusdem
943 430 1049 456 domini
1081 430 1153 463 regis
1189 431 1296 457 Rudolfi
1330 431 1570 464 predecessoribus
1601 432 1642 457 vel
1673 431 1706 457 ab
1741 440 1834 457 eorum

280 482 403 514 nunciis,
431 484 513 516 prout
537 483 569 508 dc
593 482 651 508 iure
676 483 784 514 valent,
810 484 837 508 et
861 490 894 508 ea
919 482 1076 515 privilegia,
1103 484 1193 515 pacta,
1219 482 1418 516 indulgencias,
1444 483 1559 516 gratias,
1586 484 1753 515 sentencias,
1778 492 1836 516 pre-

281 534 422 568 rogativa-s
446 536 474 560 et
500 534 574 566 iura,
604 535 688 568 prout
718 534 751 560 de
778 533 837 560 iure
866 534 978 565 valent,
1012 533 1152 567 predictus
1185 534 1312 559 dominus
1350 544 1397 560 rex
1430 535 1518 561 eidem
1547 535 1655 561 comuni
1687 535 1833 561 Cumarum

283 594 391 612 servare
409 587 538 611 teneatur
562 587 589 611 et
606 586 778 611 confirmare.
866 586 1007 612 Tenentur
1030 586 1114 611 etiam
1139 586 1283 619 predictus
1307 586 1434 612 dominus
1458 596 1505 613 rex
1529 586 1623 613 iuvare
1647 589 1676 613 et
1700 587 1833 613 auxilium

282 638 347 664 dare
375 637 448 663 dicto
477 637 587 663 comuni
619 638 767 664 Cumarum
803 639 900 663 contra
941 646 1128 670 quascumque
1159 647 1306 671 personas,
1336 638 1454 672 collegia
1482 640 1510 664 et
1540 638 1750 669 universitates,
1782 647 1835 671 qur·

287 689 391 715 vellent
414 688 442 714 in
466 688 559 721 aliquo
584 688 800 722 prescriptorum
818 691 913 715 contra
931 688 1070 715 iusticiam
1088 689 1178 722 ipsum
1196 698 1311 715 comune
1329 690 1475 715 Cumarum
1493 698 1602 715 vexare.
1683 688 1746 723 (ΙΙΙ)
1764 690 1834 715 Item

283 740 355 774 quod
379 749 494 766 comune
518 741 546 765 et
570 740 695 766 homines
721 740 868 766 Cumarum
892 742 1042 767 teneantur
1070 742 1098 767 et
1122 741 1242 767 debeant
1265 741 1330 767 dare
1354 741 1527 774 apertionem
1552 741 1658 766 viarum
1681 743 1709 767 et
1733 742 1835 766 stratas

284 800 406 818 reserare
431 791 533 817 milicie
558 793 586 817 et
601 792 680 825 genti
696 792 815 825 predicti
831 792 936 818 domini
953 792 1034 826 regis,
1060 792 1310 825 quocienscumque
1335 793 1393 826 ipse
1419 793 1546 818 (lominus
1570 801 1616 819 rex
1641 801 1686 818 eas
1710 793 1835 818 mitteret

283 844 311 869 in
335 843 536 876 Lombardiam,
562 845 589 870 et
617 853 677 870 eam
701 844 833 870 miliciam
857 845 885 870 et
908 845 1021 877 gentem
1046 843 1169 877 recipere
1194 845 1222 869 et
1247 844 1285 869 eis
1310 839 1428 875 eundoh,
1458 844 1591 870 morando
1619 846 1647 870 et
1678 844 1834 870 reddeundo

284 895 495 922 subventionem
531 895 559 921 in
591 895 673 921 rebus
710 895 877 922 victualibus
911 897 1035 929 prestare
1076 895 1235 921 muneribus
1271 897 1299 922 et
1322 891 1470 929 peccuniai
1503 896 1625 929 ipsorum
1654 896 1712 921 soro
1741 897 1834 921 tamen

284 947 455 982 congruenti,
480 949 508 973 et
531 947 619 973 eciam
643 947 695 980 ipsi
720 947 832 974 domiuo
857 948 924 982 regi,
948 948 1081 981 quociens
1105 948 1213 974 veniret
1236 948 1265 973 in
1290 948 1399 973 Italiam
1424 956 1472 981 per
1498 947 1655 973 districtum
1679 947 1834 979 Cumarum,

284 1008 392 1033 semper
418 999 617 1025 ,nichilominus
647 998 730 1024 salvis
763 999 890 1025 omnibus
915 999 1020 1025 iuribus
1044 999 1099 1025 iam
1129 999 1203 1025 dicto
1228 999 1344 1033 imperio
1369 1001 1397 1025 et
1421 999 1531 1025 comuni
1556 999 1701 1025 Cumarum
1726 1008 1831 1032 compe-

286 1051 419 1077 tentibus.

310 1099 338 1129 3.
360 1097 514 1129 Preterea
530 1098 590 1128 iam
609 1097 685 1129 dicti
711 1097 826 1128 sindici
843 1101 874 1129 et
894 1100 1118 1140 procuratores
1148 1099 1274 1129 nomine
1292 1098 1447 1134 comunis,
1472 1098 1595 1128 consilii
1619 1101 1651 1128 et
1673 1097 1835 1128 hominum

202 1149 378 1181 Cumarum
410 1152 442 1181 et
471 1150 504 1180 in
535 1160 644 1180 eorum
669 1150 791 1181 animas
822 1150 970 1181 fecerunt
1001 1153 1033 1181 et
1062 1150 1250 1181 iuraverunt
1280 1153 1312 1181 et
1341 1150 1462 1180 faciunt
1490 1152 1522 1179 et
1550 1150 1655 1180 iurant
1684 1148 1779 1180 fidem
1805 1152 1836 1179 et

202 1201 387 1232 fidelitatem
412 1201 443 1231 in
468 1211 564 1232 manu
589 1201 734 1242 eggregii
758 1201 818 1232 viri
842 1201 961 1232 domini
986 1201 1121 1232 Oldonis
1152 1201 1191 1233 de
1216 1201 1334 1241 Birago
1368 1201 1543 1242 iurisperiti
1574 1200 1613 1231 de
1637 1200 1834 1231 Mediollano

203 1252 377 1283 ordinantis
402 1253 433 1283 in
457 1253 624 1294 presencia
648 1253 786 1294 predicti
811 1253 930 1284 domini
961 1253 1103 1295 episcopi
1126 1253 1312 1294 recipientis
1337 1253 1405 1283 vice
1438 1252 1575 1294 predicti
1604 1252 1723 1283 domini
1751 1252 1834 1292 regis

202 1304 328 1335 Rudolfi
354 1307 386 1336 et
401 1304 527 1346 imperii
544 1303 683 1335 Romani
708 1308 739 1335 et
768 1305 799 1335 in
816 1305 984 1346 presencia
1001 1305 1121 1336 domini
1184 1305 1198 1323 k
1222 1305 1415 1336 marchionis
1439 1304 1478 1335 de
1502 1303 1672 1345 Absperch
1696 1304 1726 1334 in
1751 1303 1835 1334 hunc

202 1356 366 1387 modum¹:
455 1355 532 1387 ‘Nos
555 1356 734 1388 Honricus1
758 1356 797 1388 de
823 1356 936 1388 Olzate
962 1360 994 1387 et
1018 1356 1210 1388 Guillelmus
1235 1357 1274 1388 de
1300 1355 1470 1395 Guilicono
1494 1355 1669 1397 iurisperiti
1694 1355 1834 1386 iuramus

288 1407 476 1439 fidelitatem
495 1407 622 1439 domino
640 1411 749 1439 nostro
767 1408 906 1439 Rudolfo
925 1409 993 1449 regi
1010 1408 1282 1440 excellentissimo
1300 1407 1517 1439 Romanorum
1537 1418 1664 1448 semper
1688 1410 1833 1447 augustO.

287 1459 358 1491 Non
383 1460 501 1491 erimus
526 1460 557 1490 in
581 1460 675 1499 facto,
700 1460 786 1491 dicto
811 1471 867 1491 seu
893 1461 1043 1497 consilio,
1077 1460 1161 1501 quod
1186 1471 1356 1501 personam
1386 1463 1441 1491 aut
1464 1461 1561 1490 vitam
1586 1462 1641 1489 aut
1665 1459 1831 1489 menbrum

288 1514 342 1542 aut
365 1511 519 1543 honorem
542 1512 593 1543 vel
618 1513 665 1543 ius
691 1522 783 1542 suum
808 1512 944 1550 amittat,
969 1515 1025 1542 aut
1050 1512 1133 1553 quod
1158 1513 1242 1543 mala
1265 1512 1412 1553 captione
1431 1512 1612 1543 detineatur
1636 1511 1686 1541 vel
1711 1509 1831 1551 aliquid

290 1563 345 1594 fiat
368 1564 398 1594 in
422 1563 634 1605 preiudicium
659 1574 750 1595 suum
775 1575 834 1595 nec
859 1564 984 1594 honoris
1010 1565 1067 1594 sui.
1114 1564 1155 1594 Et
1184 1565 1209 1594 si
1238 1563 1278 1594 ad
1302 1564 1452 1595 noticiam
1476 1566 1616 1594 nostram
1640 1562 1833 1604 pervenerit,

290 1614 372 1656 quod
395 1615 510 1656 aliquis
535 1615 654 1657 aliquid
678 1616 894 1658 predictorum
919 1619 1030 1647 contra
1053 1616 1214 1657 prefatum
1239 1616 1402 1646 dominum
1426 1618 1571 1646 nostrum
1596 1614 1695 1645 vellet
1722 1614 1830 1644 eomit-

288 1669 367 1706 tere,
390 1677 446 1707 pro
471 1677 567 1708 posse
591 1670 699 1698 nostro
723 1667 942 1705 turbabimus,
973 1668 1112 1709 alioquin
1137 1678 1232 1708 quam
1263 1667 1362 1698 cicius
1394 1667 1598 1708 poterimusln
1622 1676 1679 1707 per
1701 1676 1759 1695 nos
1781 1665 1831 1695 vel

286 1728 343 1758 per
366 1721 507 1749 nostrum
532 1719 680 1749 noncium
705 1719 756 1749 vel
786 1730 842 1760 per
866 1722 991 1750 nostras
1022 1719 1146 1749 litteras
1176 1718 1235 1749 sibi
1266 1718 1499 1749 nunciabimus.
1544 1716 1717 1758 Imperium
1749 1715 1831 1757 quod

284 1769 382 1800 habet
417 1773 449 1801 et
478 1773 595 1801 terram
625 1774 657 1801 et
688 1771 794 1801 omnia
824 1771 893 1801 iura
922 1781 980 1801 sua
1014 1771 1195 1802 iuvabimus
1224 1780 1279 1811 pro
1310 1780 1404 1811 posse
1436 1772 1543 1800 nostro
1567 1771 1774 1799 manutenere
1800 1771 1831 1797 et

284 1819 455 1852 defendere
480 1824 512 1852 ct
537 1822 631 1852 aliam
649 1825 765 1852 terram
791 1825 822 1852 ct
847 1823 909 1852 alia
933 1822 1002 1853 iura
1026 1823 1200 1863 aquistarc.
1246 1821 1288 1852 Et
1321 1821 1347 1851 si
1372 1821 1570 1857 sciverimus,
1595 1820 1732 1860 aliquam
1757 1829 1830 1859 per-

284 1882 409 1911 sonam,
441 1873 611 1914 collegium
640 1874 691 1904 vel
720 1874 961 1904 universitatem
986 1873 1108 1914 aliquid
1137 1873 1220 1913 quod
1245 1873 1406 1914 pertineat
1435 1872 1474 1902 ad
1503 1872 1550 1902 ius
1573 1871 1696 1912 imperii
1720 1870 1831 1900 illicite

283 1923 435 1964 detinere,
460 1935 554 1966 quam
573 1925 671 1956 cicius
689 1925 865 1966 poterimus
891 1925 919 1955 ei
937 1925 988 1955 vel
1012 1925 1080 1955 cius
1106 1925 1229 1955 nunciis
1254 1924 1486 1955 nunciabiums.
1533 1922 1722 1961 Consilium,
1746 1921 1831 1962 quod

282 1975 351 2016 ipse
375 1977 425 2007 vel
449 1977 530 2007 alius
556 1977 625 2008 eius
648 1977 776 2008 nomine
801 1987 818 2007 a
842 1976 934 2007 nobis
959 1976 1102 2017 pecierit,
1133 1975 1227 2007 fidele
1259 1975 1319 2006 sibi
1352 1975 1527 2007 secundum
1559 1977 1701 2004 nostram
1725 1973 1829 2014 provi-

283 2027 427 2058 denciam
462 2028 620 2059 dabimus.
667 2027 800 2059 Secreta
829 2027 919 2058 nobis
951 2028 990 2058 ab
1023 2038 1061 2058 eo
1090 2027 1141 2058 vel
1175 2028 1215 2058 ab
1247 2028 1308 2058 alio
1339 2028 1408 2057 eius
1443 2026 1569 2057 nomine
1593 2025 1729 2056 comissa
1752 2024 1831 2054 nulli

283 2079 349 2110 sine
374 2080 442 2110 eius
459 2080 594 2111 licencia
611 2079 888 2111 manifestabimus
898 2084 922 2117 ¹³,
947 2079 998 2110 si2
1023 2090 1081 2110 nos
1099 2079 1188 2110 Deus
1208 2078 1338 2109 adiuvet
1362 2078 1401 2109 ad
1427 2081 1538 2109 sancta
1554 2077 1616 2107 Dei
1640 2074 1829 2116 evangelia'.

303 2133 332 2162 4.
362 2131 454 2167 Quod
482 2131 611 2173 quidem
643 2132 805 2162 fidelitatis
836 2132 1051 2162 iuramentum
1082 2134 1115 2161 et
1146 2131 1250 2172 ipsam
1282 2130 1471 2161 fidelitatem
1502 2139 1626 2160 necnon
1654 2127 1829 2169 predictam

199 2181 441 2222 promissionem
474 2186 506 2214 et
535 2183 780 2214 conventionem
812 2186 844 2213 et
874 2182 1107 2223 obligationem
1138 2185 1170 2212 et
1205 2182 1384 2212 iuramenta
1427 2185 1458 2212 et
1490 2180 1634 2222 predicta
1664 2179 1770 2209 omnia
1799 2182 1830 2208 et

200 2233 322 2273 singula
344 2233 479 2275 predicti
503 2234 597 2265 ambo
623 2234 736 2265 sindici
764 2235 795 2264 in
829 2235 923 2275 pleno
955 2234 1085 2264 consilio
1115 2233 1260 2264 eiusdem
1296 2233 1440 2264 comunis
1468 2232 1639 2263 Cumarum
1669 2234 1700 2261 et
1724 2240 1828 2260 coram

201 2284 326 2325 eopiosa
356 2286 524 2327 presencia
553 2286 671 2316 domini
696 2285 862 2317 Guillelmi
890 2285 929 2316 de
956 2285 1111 2316 Sorexina
1143 2285 1315 2326 potestatis
1340 2284 1513 2315 Cumarum
1544 2287 1576 2314 et
1603 2284 1634 2313 in
1663 2280 1829 2323 presencia

201 2335 472 2378 infrascriptorum
496 2337 625 2368 testium
644 2340 767 2368 matura
791 2340 823 2368 et
847 2337 993 2367 consulta
1010 2336 1243 2367 deliberatione
1261 2336 1408 2367 fecerunt
1432 2339 1496 2366 tam
1514 2334 1712 2365 sollemniter
1735 2342 1827 2373 quam

200 2386 363 2428 legittime.
409 2387 451 2419 Et
473 2399 565 2420 versa
588 2389 656 2419 vice
686 2389 849 2430 predictus
880 2388 1026 2419 dominus
1052 2388 1214 2419 Heni-icus
1244 2389 1428 2429 episcopus,
1464 2388 1606 2428 legatus,
1636 2385 1769 2415 nuncius
1797 2387 1828 2413 et

200 2438 384 2469 ambaxator
400 2439 534 2481 predicti
557 2440 676 2471 domini
700 2441 786 2481 regis
804 2440 944 2477 Rodulfi,
970 2444 1004 2471 ut
1029 2442 1155 2470 constat
1179 2450 1236 2481 per
1252 2440 1378 2470 litteras
1403 2439 1501 2480 ipsius
1519 2436 1713 2478 legationis³
1738 2436 1826 2474 sigil—

199 2489 280 2520 latas
305 2490 407 2531 sigillo
432 2502 524 2522 cereo
548 2492 708 2533 pendente
734 2492 833 2532 ipsius
857 2491 978 2522 domini
1002 2492 1104 2532 regis,
1137 2502 1269 2532 quarum
1301 2494 1392 2521 tenor
1423 2490 1504 2520 infra
1533 2489 1668 2529 legitur,
1701 2487 1826 2517 nominc

166 2553 174 2570 n
201 2540 298 2581 ipsius
322 2541 439 2573 domini
462 2543 546 2584 regis
570 2544 714 2585 promisit
740 2543 771 2573 in
804 2547 937 2585 aspectu
969 2544 1109 2574 omnium
1140 2543 1318 2573 astancium
1350 2543 1381 2572 in
1407 2542 1521 2571 virtute
1553 2540 1652 2570 sancti
1678 2538 1823 2579 Spiritus,

201 2592 335 2624 virtute⁰
360 2595 551 2625 sacramenti
574 2594 754 2635 predictum
779 2594 941 2625 dominum
975 2605 1084 2635 regem
1117 2594 1345 2625 attenditurum
1376 2596 1407 2623 et
1431 2592 1673 2622 observaturum
1699 2588 1824 2619 comuni

203 2641 371 2675 Cumarum
396 2646 541 2687 predicta
565 2646 670 2677 omnia
693 2650 788 2688 pacta
816 2650 848 2677 et
878 2646 1115 2676 convenciones
1148 2649 1179 2675 et
1206 2645 1313 2676 facere
1343 2643 1485 2674 attendi1¹
1511 2642 1594 2673 omui
1623 2644 1767 2681 tempore
1794 2643 1825 2669 et

300 2712 363 2738 354·
383 2714 407 2745 g)
426 2719 451 2739 et
469 2715 529 2740 add.
549 2724 568 2740 C.
637 2715 661 2746 l¹)
680 2717 759 2740 condo
778 2717 803 2740 ιἰι
822 2724 886 2740 corr.
910 2725 929 2740 ι’.
1006 2714 1022 2746 i)
1044 2715 1171 2747 llecellnifi
1188 2723 1207 2739 c.
1277 2712 1301 2741 k)
1320 2713 1365 2737 hoc
1385 2713 1437 2736 loro
1457 2712 1564 2742 spatium
1582 2719 1685 2733 *vacnum
1707 2709 1751 2731 uni
1771 2706 1823 2731 νυυί

202 2754 347 2781 inoerfflld‘le
360 2757 471 2782 Tellcl'lwn
485 2767 505 2783 e.
574 2757 591 2790 ¹)
605 2759 709 2783 hom-{eu
724 2768 744 2783 a.
815 2760 846 2789 ¹¹¹)
863 2763 890 2783 ut
903 2759 963 2783 add.
977 2768 997 2782 c.
1066 2759 1090 2787 ¹¹)
1105 2758 1293 2781 malestabimus
1307 2765 1325 2780 ‹·.
1398 2760 1421 2786 Π)
1441 2756 1492 2779 uite
1512 2764 1530 2777 r.
1601 2754 1625 2784 1¹)
1644 2751 1787 2776 attendendi
1802 2758 1822 2773 r.

302 2807 326 2839 1)
352 2806 466 2834 Ketiam
485 2808 660 2834 iuramentum
678 2817 759 2841 supra
779 2817 820 2835 nr.
835 2812 876 2833 So'.
970 2810 996 2839 22)
1018 2808 1058 2840 (Vs.
1079 2816 1162 2840 snpra
1182 2811 1240 2833 tom.
1256 2806 1292 2838 II,
1305 2809 1352 2830 (ι’-34
1372 2806 1417 2830 Im.
1433 2810 1466 2830 11.
1559 2804 1584 2828 3·
1604 2805 1691 2835 Supra
1713 2809 1751 2826 nr.
1766 2804 1823 2825 352.

1570 2854 1618 2879 43⁴²
