2259 3116
402 152 462 180 5¹.)ss
1099 146 1284 172 APPENDIX
1304 146 1350 172 111.

403 237 435 266 iu
459 234 580 265 ‘Codice
604 232 802 272 diplomatico
825 232 957 263 dominii
980 232 1161 271 temporalis
1183 242 1206 264 s.
1233 232 1332 264 Sedis*
1349 232 1376 269 I,
1397 233 1459 262 193
1477 242 1525 264 mn
1542 233 1614 262 344.
1654 231 1704 273 Cf.
1720 232 1785 263 iam
1800 242 1899 271 supra
1915 243 1985 274 pay.
2004 236 2045 265 67

400 289 462 318 not.
484 288 503 316 4
527 288 555 315 et
578 286 716 315 11ν.617.
768 283 817 314 De
845 286 978 322 tempore
1007 294 1033 315 r.
1059 283 1192 323 Reyesta
1216 284 1340 322 imperii
1363 283 1416 319 l'L
1439 285 1531 313 413a
1565 286 1594 313 ct
1624 282 1666 315 H.
1687 282 1756 314 Otto
1785 283 1847 314 loco
1876 294 1976 322 supra
2005 286 2046 315 ad

400 349 448 368 ην.
467 339 508 368 21
533 337 627 367 citato
647 346 719 375 hay.
736 336 778 365 87
793 346 837 374 sq.
1762 334 1818 374 (P.
1835 335 1941 369 deest)

509 457 672 487 Universis
701 456 967 497 archiepiscopis,
993 457 1152 497 episcopis
1182 459 1214 486 et
1243 455 1367 486 dilectis
1396 455 1468 485 filiis
1495 454 1665 485 abbatibus
1690 458 1722 485 et
1745 455 1816 486 aliis
1841 455 2046 487 ecelesiarum

401 509 533 550 prelatis
558 508 647 549 regni
671 508 890 538 Romanorum
915 518 973 549 per
996 508 1199 538 Aleiuaniam
1224 511 1256 538 et
1279 506 1480 537 Sclavoniam
1504 507 1682 537 constitutis
1707 507 1842 538 salutem
1867 510 1927 538 etc.
2078 520 2089 537 ⁵

509 587 554 625 (1)
579 586 631 616 Ad
651 588 768 616 statum
793 586 919 626 imperii
943 587 974 616 in
992 596 1163 626 personam
1187 586 1341 616 carissimi
1363 585 1394 615 in
1418 584 1543 615 Christo
1567 584 1622 614 filii
1646 585 1744 615 nostri
1769 609 1798 615 ..
1823 586 1907 626 regis
1928 585 2049 617 Roma-

401 649 512 669 norum
537 638 677 670 illustris.
702 648 798 678 quem
822 637 863 668 ad
886 637 946 668 hoc
971 636 1111 668 omniu'iu
1136 638 1314 678 principum
1331 647 1444 667 vocem
1468 637 1499 666 in
1524 636 1682 667 electione
1700 637 1904 677 imperatoris
1926 637 2048 668 haben—

401 691 490 728 tium,
515 690 618 723 unico.
644 690 695 730 qui
720 689 781 720 sibi
803 689 851 719 ius
874 689 960 719 idem
984 693 1170 730 competere
1192 689 1315 727 asserit,
1340 688 1509 718 dumtaxat
1535 692 1683 728 excepto,
1708 689 1850 718 comunis
1871 691 1904 719 et
1920 699 2050 720 concors

401 744 604 782 presentarat
628 741 755 780 electio,
780 741 1000 771 favorabiliter
1024 740 1274 780 reformandum,
1299 744 1418 781 quanto
1443 750 1500 770 nos
1525 743 1556 770 et
1580 739 1694 770 fratres
1717 741 1814 770 nostri
1838 740 2051 772 laboravimus

401 793 517 831 studio,
543 803 637 834 quam
654 792 812 823 studiosos
829 792 957 823 labores
974 792 1198 833 impendimus,
1217 802 1311 832 quam
1329 790 1523 821 favorabiles
1541 801 1700 831 quamque
1718 791 1874 831 propitios
1889 802 1946 822 nos
1961 792 2001 823 ad
2018 792 2050 822 id
2070 801 2093 820 10

402 845 557 876 exhibere
587 846 776 884 curavimus,
812 846 855 875 sic
884 845 990 885 operis
1018 844 1179 875 evidentia
1208 843 1401 877 manifestat,
1431 843 1515 884 quod
1543 842 1664 874 nullum
1692 843 1759 874 fere
1787 843 1938 884 angulum
1967 843 2051 874 orbis

401 898 488 928 latet.
557 898 600 935 (2)
620 896 708 927 Inter
721 900 829 927 cetera
845 907 920 927 vero
935 897 1049 936 amplis
1062 896 1243 926 huiusmodi
1256 896 1420 936 negotium
1434 894 1595 925 favoribus
1608 900 1850 936 prosequentes,
1867 896 1941 936 quia
1955 897 2050 926 caris-

401 950 497 980 simus
521 950 551 979 in
569 948 695 979 Christo
719 948 801 979 filius
825 951 933 978 noster
951 973 956 978 .
972 972 978 978 .
996 958 1053 978 rex
1072 947 1211 978 Castelle
1236 958 1273 978 ac
1290 947 1442 988 Legionis
1467 947 1595 977 illustris
1623 957 1656 977 se
1680 947 1728 977 ius
1751 947 1871 978 habere
1888 948 1919 978 in
1936 947 2051 979 eodem

401 1001 536 1042 imperio
555 1000 782 1039 contendebat,
806 1003 841 1030 ut
864 1001 1025 1040 reparatio
1043 999 1225 1030 huiusmodi
1249 999 1405 1030 submotis
1422 999 1594 1030 obstaculis
1618 1002 1706 1030 tanto
1732 999 1894 1030 efficacius
1917 1000 1948 1030 in
1972 1010 2051 1041 pace

402 1053 582 1093 proficeret,
600 1056 717 1092 quanto
736 1052 837 1082 minus
855 1052 980 1082 obicem
998 1051 1257 1082 contradictionis
1274 1051 1419 1090 haberet,
1435 1051 1521 1092 apud
1539 1051 1676 1082 eundem
1690 1050 1830 1082 Castelle
1847 1062 1884 1082 ac
1902 1051 2052 1092 Legionis
2072 1061 2093 1078 1⁵

402 1115 513 1144 regem
540 1103 768 1134 monitionibus
796 1103 1016 1144 frequentibus
1039 1106 1070 1134 et
1092 1104 1223 1133 curiosis
1244 1103 1392 1133 duximus
1413 1102 1631 1133 insistendum.
1667 1102 1709 1133 Et
1729 1102 1859 1133 tandem
1878 1113 1949 1134 eum
1967 1103 2051 1134 idem

403 1156 544 1186 Castelle
569 1166 605 1186 ae
628 1156 780 1196 Legionis
804 1166 871 1194 rex,
896 1158 930 1186 ut
954 1165 1049 1196 super
1073 1155 1133 1185 hoc
1158 1158 1264 1185 nostre
1289 1154 1446 1185 voluntati
1470 1158 1608 1195 pareret,
1633 1165 1666 1185 se
1692 1154 1774 1185 velle
1798 1158 1940 1185 nostram
1964 1155 2051 1186 adire

402 1208 611 1248 presentiam,
646 1217 704 1237 nec
739 1207 771 1237 id
803 1207 862 1237 sibi
896 1207 954 1237 nisi
985 1206 1071 1247 apud
1095 1206 1431 1246 Montempesulanum
1463 1206 1513 1236 vel
1543 1207 1624 1236 circa
1654 1209 1756 1236 tutum
1788 1216 1858 1236 esse
1882 1207 1996 1237 litteris
2020 1211 2052 1238 et

402 1259 523 1289 nunciis
547 1258 738 1294 affirmaret,
763 1259 794 1288 in
818 1258 1019 1289 Provinciam
1043 1258 1101 1288 sub
1126 1268 1182 1298 spe
1206 1257 1307 1298 Regis
1331 1257 1456 1298 pacifici
1479 1268 1536 1287 nos
1561 1261 1592 1288 et
1616 1258 1735 1288 curiam
1759 1262 1916 1297 nostram,
1941 1269 2050 1299 quam-

403 1320 499 1350 quam
534 1310 565 1340 id
601 1310 798 1341 consuetudo
832 1310 916 1340 sedis
948 1310 1124 1351 apostolice
1157 1309 1359 1340 dissuaderet
1391 1310 1531 1350 antiqua,
1568 1309 1784 1340 transtulimus
1816 1320 1875 1341 nec
1911 1310 2050 1341 tediosos
2069 1323 2093 1342 20

402 1362 530 1392 labores
560 1372 618 1392 nec
649 1362 810 1392 laboriosa
834 1363 971 1392 vitantes
999 1361 1100 1400 tedia,
1132 1365 1165 1392 ut
1189 1372 1260 1392 cum
1286 1362 1483 1392 exultatione
1513 1361 1544 1391 in
1567 1361 1705 1392 Domino
1739 1361 1911 1392 redeuntes
1947 1362 2050 1393 eidem

403 1414 538 1454 imperio
564 1414 651 1454 pacis
676 1417 786 1454 optate
815 1414 994 1454 manipulos
1025 1418 1235 1454 portaremus.
1327 1413 1370 1452 (3)
1397 1414 1517 1443 Annuit
1540 1412 1697 1443 Dominus
1721 1414 1780 1454 piis
1803 1414 1894 1444 votis.
1940 1414 2051 1445 Dictus

402 1475 540 1505 namque
565 1476 623 1496 rex
641 1464 781 1495 Castelle
806 1476 842 1495 ac
866 1466 1019 1506 Legionis
1044 1466 1184 1506 paternis
1208 1465 1336 1495 monitis
1361 1468 1392 1495 et
1417 1464 1676 1505 persuasionibus
1700 1476 1734 1496 se
1752 1468 1915 1506 coaptans,
1938 1466 2051 1496 nostris

403 1527 499 1557 super
523 1516 638 1547 eodem
664 1517 787 1557 imperii
812 1518 942 1558 negotio
968 1517 1179 1557 beneplacitis
1204 1517 1374 1557 acquievit.
1421 1517 1559 1557 Propter
1583 1517 1668 1557 quod
1692 1527 1763 1547 cum
1786 1518 1848 1547 iam
1872 1518 1971 1547 nostri
1994 1528 2051 1558 per

402 1568 606 1599 Alcmaniam
631 1570 780 1599 transitus
797 1579 1010 1609 nequaquam,
1035 1569 1116 1599 sicut
1140 1569 1226 1609 prius
1252 1579 1346 1599 causa
1364 1570 1565 1599 neccessaria
1582 1572 1775 1609 superesset,
1800 1570 1997 1610 propositum
2019 1570 2050 1600 111
2069 1580 2092 1599 25

403 1620 463 1650 hoc
488 1620 630 1650 consulto
656 1621 856 1659 mutavimus,
881 1621 1021 1651 maxime
1046 1624 1080 1650 ut
1104 1625 1209 1651 vestra
1233 1631 1328 1650 onera
1347 1621 1530 1657 vitaremus,
1555 1621 1723 1661 presertim
1748 1624 1782 1651 ut
1806 1620 1925 1651 dictum
1941 1631 2050 1662 regem

403 1671 622 1702 Romanorum
651 1674 790 1703 secuturi
822 1673 910 1713 quasi
941 1683 957 1703 e
987 1673 1122 1713 vestigio
1151 1672 1192 1703 ad
1224 1683 1374 1703 coronam
1403 1682 1461 1713 per
1488 1676 1595 1703 nostre
1621 1672 1795 1703 aditionem
1820 1674 1979 1713 presentie
2007 1674 2050 1703 sic

404 1723 622 1764 multiplicatis
646 1725 859 1765 gravaremini
884 1724 1049 1755 laboribus
1074 1727 1105 1754 ct
1130 1725 1295 1765 expensis,
1325 1723 1410 1764 quod
1441 1724 1498 1763 hii,
1531 1735 1664 1765 quorum
1694 1725 1777 1755 circa
1809 1724 2049 1755 subventionem

405 1775 504 1805 Terre
531 1774 646 1806 Sancte
671 1775 826 1806 Dominus
851 1776 946 1806 corda
971 1776 1127 1816 tetigerit,
1162 1776 1264 1806 minus
1289 1775 1330 1806 ad
1353 1775 1385 1806 id
1410 1775 1535 1806 habiles
1559 1775 1779 1807 redderentur.
1826 1777 1920 1807 Licet
1943 1780 2049 1807 autem

404 1827 434 1856 in
460 1826 519 1856 hiis
543 1837 632 1857 mora
657 1827 751 1867 longa
777 1827 912 1858 deducta
940 1829 1093 1868 temporis
1117 1831 1260 1858 artemur
1283 1828 1453 1868 angustiis,
1485 1830 1520 1858 ut
1544 1828 1728 1868 terminum,
1753 1839 1849 1869 quem
1874 1832 2048 1859 memorato
2068 1838 2091 1856 κο

405 1879 471 1917 regi
496 1878 712 1908 Romanorum
737 1878 777 1909 ad
803 1879 976 1919 imperialis
1001 1880 1215 1911 coronationis
1239 1880 1429 1920 sollempnia
1461 1879 1645 1920 peragenda
1672 1880 1873 1920 prefiximUS,
1905 1884 2050 1920 oporteat

404 1930 577 1967 immutari,
613 1940 674 1959 non
705 1933 811 1961 tamen
843 1930 961 1961 differri
994 1935 1167 1971 propterea
1198 1930 1283 1961 idem
1316 1932 1496 1971 negotium,
1528 1931 1584 1961 sed
1616 1941 1653 1961 eo
1678 1931 1852 1962 accelerari
1876 1933 1980 1972 potius
2004 1936 2050 1962 est

405 1981 615 2012 censendum.
647 1992 708 2021 quo
733 1982 915 2022 expeditius
939 1993 1042 2023 quove
1067 1983 1225 2013 salubrius
1248 1986 1378 2013 auctore
1403 1982 1540 2013 Domino
1566 1982 1687 2023 absque
1712 1983 1969 2014 contradictionis
1992 1985 2049 2014 1111-

406 2032 603 2072 pedimeuto,
635 2033 716 2062 facta
750 2033 840 2063 uobis
872 2044 967 2074 super
997 2034 1057 2064 hoc
1081 2034 1290 2075 promissione
1316 2037 1456 2069 servata,
1488 2034 1652 2074 procedet.
1743 2035 1788 2074 (4)
1814 2034 1957 2076 Ideoque
1982 2035 2049 2066 uni-

406 2084 588 2114 versitatem
615 2088 751 2114 vestram
776 2096 952 2124 monemus,
977 2096 1127 2125 rogamus
1152 2089 1184 2116 et
1207 2086 1371 2116 hortamur
1395 2089 1528 2125 attente,
1553 2096 1611 2126 per
1627 2086 1804 2126 apostolica
1828 2086 1917 2117 vobis
1934 2088 2047 2128 scripta
2068 2096 2090 2113 3⁵

405 2135 609 2174 mandantes,
643 2137 789 2175 quatinus
820 2137 1027 2177 persistentes
1060 2138 1089 2167 iu
1119 2138 1217 2178 ipsius
1247 2139 1330 2178 regis
1355 2137 1573 2168 Romanorum
1605 2137 1775 2168 devotione
1805 2141 1986 2169 constantes
2013 2148 2049 2169 ac

407 2187 474 2216 cius
499 2186 652 2216 honorem
678 2191 710 2217 et
734 2187 900 2217 commoda
918 2188 1057 2219 fideliter
1081 2199 1116 2218 ac
1143 2189 1278 2219 sollicite
1296 2192 1538 2229 prosequentes,
1563 2189 1692 2223 eunctis,
1718 2193 1810 2229 prout
1828 2190 1906 2220 tanti
1931 2194 1963 2220 et
1979 2190 2049 2220 talis

406 2239 525 2277 negotii
551 2239 686 2279 qualitas
711 2240 821 2279 exigit,
847 2239 1005 2280 dispositis
1030 2244 1061 2271 et
1086 2242 1215 2281 paratis,
1241 2241 1284 2271 sic
1308 2252 1363 2270 vos
1388 2241 1561 2281 accingatis
1586 2240 1625 2270 ad
1644 2241 1712 2275 iter,
1737 2244 1772 2271 ut
1796 2241 1968 2272 cumidem
1993 2252 2047 2272 rex

406 2289 622 2320 Romanorum
648 2301 702 2319 vos
726 2290 766 2320 ad
791 2291 849 2321 hoc
875 2291 1001 2322 duxerit
1027 2292 1249 2332 requirendos,
1278 2292 1318 2322 ad
1347 2292 1603 2332 prosecutionem
1628 2291 1712 2322 dicte
1741 2303 1796 2322 sue
1826 2294 2045 2326 coronationis,

406 2344 499 2381 prout
524 2341 620 2371 decus
645 2341 738 2372 dccet
762 2343 885 2383 imperii
912 2347 943 2373 et
967 2345 1095 2385 antiqua
1122 2345 1219 2385 ipsius
1249 2345 1373 2385 imperii
1400 2345 1581 2375 constitutio
1612 2344 1651 2374 de
1676 2344 1807 2384 sequela
1837 2345 1904 2386 regi
1928 2345 2046 2376 Roma-
2065 2353 2089 2371 ⁴⁰

405 2403 515 2423 norum
546 2393 586 2423 ad
615 2393 821 2424 olitiuciulum
854 2394 1001 2425 ‹liadmua
1033 2397 1159 2436 imperii
1189 2396 1370 2427 exhibenda
1402 2396 1487 2426 edita
1518 2395 1704 2426 feudatariis
1734 2399 1766 2426 et
1798 2396 1900 2427 feudis
1931 2396 2046 2432 indicit,

406 2455 464 2473 uou
490 2445 590 2474 solum
617 2444 783 2475 dcccutoui
810 2452 840 2475 et
866 2447 1086 2478 honorabilem
1110 2448 1302 2483 comitivam,
1327 2459 1436 2478 verum
1462 2449 1558 2478 etiam
1583 2448 1655 2487 alia,
1681 2458 1742 2488 quc
1767 2449 1940 2479 secuudum
1965 2450 2046 2480 cius-

406 2495 478 2525 (lciu
504 2496 735 2525 constitutionis
761 2500 903 2527 tenorem
930 2498 1110 2529 exbibenda
1136 2500 1262 2535 fuerint,
1287 2499 1469 2530 exhibeatis
1487 2499 1602 2532 cidem,
1628 2504 1661 2530 ut
1686 2511 1726 2529 ex
1751 2500 1809 2530 hoc
1833 2501 1927 2541 plene
1945 2500 2046 2531 fideli-

407 2548 478 2576 tatis
508 2547 648 2577 ‹loliituiu
678 2548 833 2578 exolvatis
867 2550 998 2589 imperio
1030 2553 1061 2579 et
1093 2550 1194 2589 ‹lig-uis
1224 2551 1419 2581 ctl'creudam
1451 2551 1598 2581 laudibus
1628 2553 1741 2581 uostris
1773 2552 2046 2582 oxum-tationibus

407 2599 690 2638 pr<›uiptitudiucui
718 2600 918 2639 impendatis.
2064 2619 2087 2638 111

513 2667 585 2697 Dat.
605 2667 765 2702 Valentio,
794 2668 837 2699 ld.
863 2670 1036 2700 (moin-ise

508 2769 573 2795 ⁴3:¹2.
593 2776 603 2787 ¹¹
635 2773 668 2794 ssa·
685 2782 733 2802 ltro
752 2774 904 2804 Septembris
924 2784 942 2796 ιι
