2259 3164
128 763 151 782 10

128 1023 150 1042 15

131 1800 154 1818 ³0

132 2057 155 2076 35

134 2314 158 2333 40

137 2571 159 2590 45

137 2827 160 2846 50

554 201 711 227 RUDOLFI
732 200 834 227 REGIS
853 200 1175 227 CoNs'rl'rU'rIONEs.
1214 203 1286 228 1283.
1323 203 1440 228 Ν1κ344.
1754 206 1814 234 329

181 301 199 320 a
222 300 305 320 nunc
337 290 418 320 festo
453 288 576 319 Pasche
606 299 733 318 currere
766 287 984 328 incipientium
1017 288 1156 329 spatium
1188 293 1363 319 memorato
1395 289 1532 320 Rudolfo
1565 290 1604 320 de
1634 301 1732 331 regno
1763 291 1812 321 vel

181 341 243 372 alio
267 341 447 382 principatu
472 351 534 370 non
560 339 809 381 providerimus,
835 342 953 370 extunc
978 339 1161 380 sepedictus
1189 340 1340 370 Albertus
1366 342 1433 377 vel,
1465 342 1491 371 si
1524 342 1625 383 ipsum
1649 343 1815 383 contingat

179 392 346 429 decedere,
371 393 419 423 sui
444 392 580 423 heredes
605 391 748 429 masculi,
774 402 851 432 quos
876 391 916 422 ad
941 391 1001 421 hoc
1026 392 1121 422 etiam
1144 392 1244 422 teneri
1264 392 1417 429 volumus,
1442 393 1472 422 in
1491 396 1659 424 numerata
1677 393 1815 434 pecunia

178 444 298 474 dictum
324 443 498 474 Rudolfum
528 443 702 485 respicient
726 446 757 473 et
781 443 885 473 eidem
911 443 1036 474 solvent
1067 447 1099 474 et
1127 443 1264 478 dabunt,
1297 448 1449 485 quantum
1480 449 1590 475 nostra
1615 445 1815 486 providentia

178 496 304 526 duxerit
339 495 580 526 moderandum.
671 495 716 535 (4)
748 495 869 526 Verum
899 495 924 525 si
955 496 1138 536 priusquam
1169 495 1252 525 dicto
1288 495 1428 526 Rndolfo
1465 496 1554 526 iuxta
1589 496 1716 527 modum
1741 507 1813 538 pre-

179 548 308 578 missum
338 546 585 588 providerimus,
621 557 676 577 nos
701 547 755 588 qui
785 547 872 577 solus
904 550 1018 588 potens
1049 550 1098 577 est
1129 547 1256 577 auferre
1281 547 1425 588 spiritum
1456 548 1658 589 principuml
1687 548 1726 578 ab
1756 548 1815 578 hnc

177 599 249 630 luce
275 599 452 634 vocaverit,
490 602 609 629 extunc
642 598 702 629 erit
737 599 767 628 in
797 599 965 629 taxatione
996 602 1029 629 et
1056 598 1273 629 moderamine
1304 598 1456 628 nobilium
1488 599 1625 629 virorum
1658 599 1814 630 Friderici

178 650 339 691 burgravii
364 649 403 680 de
428 650 636 690 Nurenberg,
661 649 787 680 Albcrti
811 650 849 680 de
873 650 1088 691 Hohenberg,
1113 650 1258 680 Heinrici
1283 649 1322 680 de
1348 647 1567 691 Ffirstenberg
1591 656 1622 681 et
1646 650 1814 681 Ludowici

178 703 218 734 dc
242 693 382 743 Otingen
408 702 568 737 comitum„
594 705 745 742 quantum
772 701 875 732 eidem
899 701 1040 732 Rudolfo
1066 702 1097 732 in
1122 705 1291 732 numerata
1316 702 1451 742 pecunia
1475 702 1617 733 dandum
1643 703 1737 733 fuerit
1761 707 1815 733 aut

178 753 377 786 solvendum.
426 754 469 784 Et
493 754 517 783 si
543 753 757 794 predictorum
783 756 920 794 quatuor
943 764 1026 784 unus
1052 754 1102 784 vel
1127 753 1188 784 duo
1213 757 1268 784 aut
1292 757 1356 784 tres
1383 753 1596 788 decesserint,
1627 755 1815 795 superstites

179 806 229 837 vel
254 808 419 847 superstes
444 806 475 835 in
501 808 697 836 mortuorum
723 805 791 836 1000
817 805 897 835 alios
922 805 973 835 vel
998 805 1094 835 alium
1125 805 1183 835 sub
1211 805 1380 835 iuramenti
1408 805 1513 836 debito
1546 809 1577 837 et
1606 808 1636 836 in
1665 806 1727 837 fide
1759 817 1817 837 sua

177 858 335 899 recipient
359 861 390 888 et
414 857 545 897 eligent,
571 867 650 898 quos
673 857 757 888 inter
781 857 1036 898 consanguineos
1063 856 1236 888 eorundem
1262 857 1365 897 magis
1390 857 1483 887 utiles
1501 858 1647 888 noverint
1671 862 1702 889 et
1729 869 1815 888 eoni-

177 920 299 941 munes.
348 909 482 940 sivero
511 919 621 939 omnes
649 907 812 949 predictos
842 908 1007 949 contingat
1038 908 1078 939 ab
1109 908 1168 938 hac
1202 908 1274 938 luce
1299 908 1421 941 vocari„
1454 911 1528 939 tune
1561 908 1645 939 dicto
1677 909 1816 940 Rudolfo

178 962 319 993 solvetur
342 965 374 992 et
398 960 526 991 dabitur
552 960 591 991 ab
616 960 684 1002 ipso
709 959 846 990 Alberto
871 959 921 990 vel
945 960 1014 990 eius
1038 959 1212 990 heredibus
1237 960 1400 998 masculis,
1426 963 1579 1001 quantum
1603 962 1816 991 communium

177 1013 350 1044 amicorum
372 1023 500 1043 suorum
525 1015 671 1053 quatuor,
696 1022 776 1053 quos
800 1011 923 1042 ad'hoc
948 1012 1182 1042 communiter-³
1206 1011 1375 1052 elegerint,
1402 1012 1552 1043 duxerint
1576 1012 1816 1044 moderandum.

178 1064 225 1105 (5)
250 1064 292 1095 Et
315 1064 451 1106 predicti
475 1064 628 1105 temporis
659 1064 762 1105 spatio
788 1064 933 1095 revoluto
959 1063 1077 1094 domini
1103 1074 1139 1094 ac
1164 1064 1267 1095 incole
1294 1064 1469 1094 earundem
1494 1067 1649 1094 terrarum
1675 1065 1816 1103 Austrie,

179 1116 302 1158 Styrie,
332 1116 482 1147 Carniole
508 1120 540 1147 et
563 1115 708 1146 Marchie
738 1115 881 1157 predicto
906 1115 1045 1146 Rudolfo
1077 1116 1109 1145 in
1140 1116 1227 1145 nullo
1258 1119 1353 1146 crunt
1387 1115 1517 1145 obnoxii
1543 1116 1592 1146 vel
1622 1116 1730 1157 ligati,
1761 1116 1817 1147 sed

179 1168 305 1198 omnino
331 1167 423 1199 liberi
455 1168 494 1199 ab
520 1167 644 1199 eodem.
734 1167 782 1208 (G)
807 1167 996 1198 Provisione
1022 1178 1149 1208 quoque
1179 1166 1218 1197 de
1244 1177 1342 1208 regno
1367 1167 1417 1197 vel
1442 1167 1505 1197 alio
1528 1167 1710 1208 principatu
1734 1168 1818 1198 facta

178 1230 234 1261 per
264 1230 321 1250 nos
360 1219 464 1250 eidem
493 1219 650 1257 Rudolfo,
686 1222 782 1261 prout
812 1219 958 1260 superius
989 1223 1037 1250 est
1066 1229 1273 1260 expressum,
1310 1219 1432 1249 nullum
1468 1219 1600 1249 habebit
1636 1223 1817 1260 respectum

127 1280 137 1291 ·¹
178 1270 340 1312 predictus
364 1270 523 1301 Rudolfus
556 1270 594 1301 ad
626 1271 731 1312 ipsum
756 1271 924 1301 Albertum
949 1271 998 1300 vel
1032 1271 1100 1301 eius
1125 1270 1263 1301 heredes
1294 1270 1452 1301 masculos
1484 1270 1522 1301 de
1548 1271 1686 1312 pecunia
1711 1271 1818 1312 aliqua

179 1322 239 1353 sibi
263 1322 416 1354 solvenda
440 1323 491 1353 vel
516 1322 621 1353 danda
645 1333 701 1364 pro
725 1323 819 1353 terris
844 1322 1007 1364 predictis.
1055 1322 1119 1353 Sed
1144 1323 1212 1364 ipse
1237 1322 1393 1353 Albertus
1423 1325 1455 1352 et
1480 1322 1547 1352 eius
1572 1321 1708 1353 heredes
1733 1333 1816 1352 mas-

179 1374 240 1405 culi
269 1385 323 1405 eas
356 1374 457 1405 libere
483 1375 550 1405 sine
577 1374 784 1415 requisitione
809 1374 860 1405 vel
886 1374 1045 1405 solutione
1072 1374 1206 1405 alicuius
1231 1374 1366 1414 pecunie
1392 1374 1443 1405 vel
1475 1374 1678 1415 iinpeticione
1712 1374 1818 1415 aliqua

179 1430 337 1468 perpetuo
368 1426 594 1468 possidebunt,
627 1426 688 1456 nisi
720 1426 933 1467 principatus,
966 1426 1005 1457 de
1037 1436 1098 1467 quo
1129 1425 1373 1467 provideremus
1403 1425 1509 1456 eidem
1547 1425 1702 1462 Rudolfo,
1737 1426 1819 1456 foret

179 1477 259 1508 adeo
285 1479 405 1517 tenuis,
435 1477 519 1519 quod
544 1478 575 1508 in
599 1478 739 1519 pecunia
763 1478 918 1508 solacium
943 1478 1082 1518 aliquale
1108 1478 1168 1508 sibi
1202 1478 1270 1507 fieri
1301 1477 1393 1508 nobis
1425 1478 1621 1508 conveniens
1646 1478 1818 1509 videretur.

181 1530 251 1566 Quo
283 1531 315 1560 in
346 1540 422 1560 casu
451 1529 614 1571 predictus
639 1529 794 1560 Albertus
819 1529 868 1559 vel
898 1530 998 1571 ipsius
1021 1529 1159 1560 heredes
1189 1529 1324 1570 legitimi
1353 1532 1462 1560 nostre
1493 1529 1647 1560 obedient
1671 1530 1820 1560 similitor

180 1582 346 1613 voluntati.
435 1581 483 1622 (7)
514 1581 566 1611 Ad
596 1581 655 1612 hec
684 1581 715 1611 in
746 1580 950 1622 provideneie
986 1584 1094 1612 nostre
1129 1581 1349 1611 moderamine
1381 1580 1523 1612 residere
1555 1581 1701 1611 volumus
1738 1581 1819 1611 infra

180 1633 316 1675 predicti
351 1633 552 1674 quadriennii
581 1633 720 1674 spatium
753 1633 918 1663 ordinandi
952 1633 1018 1663 sive
1049 1633 1199 1669 taxandi,
1231 1636 1385 1674 quantum
1416 1633 1561 1673 prefatus
1590 1632 1744 1663 Albertus
1769 1633 1818 1664 vel

181 1685 248 1716 eius
276 1685 413 1716 heredes
438 1685 571 1726 legitimi
603 1684 687 1715 dicto
712 1684 848 1715 Rudolfo
873 1688 945 1726 post
969 1685 1095 1726 lapsum
1126 1685 1226 1726 ipsius
1252 1683 1454 1725 quadriennii
1480 1684 1556 1714 dare
1581 1688 1612 1715 ct
1637 1685 1763 1715 solvere
1787 1685 1818 1715 in

183 1738 317 1779 pecunia
342 1741 520 1768 teneantur.
567 1737 660 1767 Licet
684 1736 767 1767 enim
793 1740 867 1767 ante
892 1737 1022 1767 termini
1047 1736 1198 1777 prelibati
1228 1737 1354 1777 lapsum
1388 1735 1517 1766 modum
1551 1740 1582 1766 01
1607 1736 1818 1777 quantitatem

182 1789 332 1820 solvende
348 1789 485 1830 pecunie
503 1788 717 1827 moderemur,
734 1792 807 1830 post
824 1789 948 1829 lapsum
966 1794 1073 1819 tamen
1091 1788 1167 1819 dicti
1186 1788 1338 1829 temporis
1356 1788 1492 1829 primum
1509 1787 1628 1818 dictum
1647 1787 1817 1818 Albertum

182 1841 231 1872 vel
255 1841 322 1872 eius
351 1840 488 1872 heredes
513 1840 552 1871 ad
578 1840 771 1871 solutionem
796 1840 931 1881 pecunie
956 1841 1103 1870 volumus
1129 1839 1281 1880 obligari,
1312 1850 1329 1869 a
1359 1850 1420 1880 qua
1454 1843 1560 1870 tamen
1589 1843 1682 1870 erunt
1714 1840 1817 1877 liberi,

182 1893 208 1923 si
233 1892 335 1923 eidem
360 1892 498 1923 Rudolfo
527 1892 566 1922 de
598 1892 778 1922 honorabili
807 1891 1040 1933 providerimus
1072 1892 1264 1933 principatu.
1354 1892 1400 1931 (8)
1432 1891 1581 1921 Ceterum
1615 1892 1640 1921 si
1674 1892 1816 1932 prefatus

182 1943 334 1975 Albertus
358 1945 409 1975 vel
440 1945 489 1975 sui
514 1943 651 1975 heredes
677 1943 911 1974 ordinationem
942 1947 1081 1974 nostram
1114 1944 1302 1984 premissam
1333 1954 1395 1973 non
1426 1943 1632 1974 attenderent
1663 1954 1721 1974 1100
1750 1954 1817 1974 ser-

183 2000 304 2036 varent,
329 1999 448 2027 extunc
473 1997 534 2038 ipsi
556 1995 696 2026 Rudolfo
715 2006 753 2026 ex
772 1996 911 2036 presenti
927 1998 1062 2036 paterna
1080 1995 1279 2026 ordinatione
1299 1995 1421 2025 nullum
1439 1995 1587 2025 volumus
1605 1995 1817 2036 preiudicium

183 2049 336 2088 generari.
390 2048 453 2078 Sed
486 2049 533 2078 ius
564 2048 625 2078 sibi
657 2047 760 2089 primo
793 2048 984 2088 acquisitum
1018 2058 1058 2078 ex
1092 2051 1202 2077 nostra
1234 2047 1443 2077 concessione
1477 2047 1507 2076 in
1542 2047 1633 2077 terris
1666 2046 1817 2087 predictis

183 2099 305 2130 salvum
322 2100 382 2131 sibi
399 2101 545 2130 volumus
564 2110 621 2141 per
638 2099 744 2129 onmia
762 2109 938 2130 remanere.
1021 2098 1069 2139 (9)
1088 2098 1129 2128 Et
1146 2098 1383 2137 nichilominus,
1408 2098 1433 2128 si
1452 2098 1630 2139 predictum
1648 2098 1817 2128 Albcrtum

182 2161 245 2181 una
276 2162 345 2181 011111
378 2152 442 2181 suis
474 2151 648 2182 heredibus
684 2150 833 2181 masculis
873 2151 1035 2191 contingat
1071 2150 1249 2184 decedere,
1281 2150 1428 2180 volumus
1462 2153 1494 2180 ct
1523 2150 1709 2187 statuimus,
1734 2149 1817 2190 quod

184 2202 316 2243 predicti
340 2203 535 2244 principatus
560 2203 626 2233 sive
652 2202 791 2233 dominia,
815 2213 885 2233 011111
911 2203 976 2232 suis
1002 2202 1140 2241 iuribus,
1176 2201 1350 2232 honoribus
1376 2204 1407 2232 et
1431 2201 1633 2242 pertinentiis
1659 2202 1816 2232 universis

184 2253 222 2283 ad
247 2254 446 2295 sepedictum
471 2253 646 2285 Rudolfum
678 2259 709 2285 et
734 2265 809 2284 suos
840 2254 976 2285 heredes
1005 2254 1167 2294 legitimos
1198 2253 1299 2283 libere
1329 2253 1548 2283 devolvantur.
1638 2252 1705 2293 (10)
1730 2253 1815 2282 Nulli

184 2315 258 2345 ergo
291 2306 417 2336 omnino
452 2306 614 2336 hominum
650 2306 744 2336 liceat
773 2306 854 2336 hanc
884 2306 1035 2347 paginam
1066 2308 1174 2336 nostre
1209 2304 1418 2335 ordinationis
1454 2304 1625 2345 infringere
1655 2307 1709 2335 aut
1734 2304 1761 2334 ei
1786 2304 1815 2333 in

184 2355 289 2397 aliquo
313 2367 393 2387 ausu
411 2358 585 2388 temerario
603 2358 771 2389 contraire.
807 2356 899 2392 Quod
918 2357 969 2398 qui
990 2357 1096 2387 facere
1115 2357 1356 2397 presumpserit,
1382 2366 1512 2396 gravem
1531 2356 1618 2396 regie
1637 2355 1815 2385 maiestatis

185 2407 357 2439 offensamb
382 2420 416 2439 se
439 2410 564 2440 noverit
582 2409 765 2446 incurrisse,
791 2408 992 2439 ordinatione
1018 2412 1126 2438 nostra
1150 2407 1295 2449 predicta
1312 2407 1536 2437 nichilominus
1562 2408 1593 2437 in
1619 2417 1675 2437 suo
1701 2406 1815 2436 robore

184 2463 336 2500 perpetuo
366 2471 586 2501 permansura.
678 2461 794 2491 Testes
823 2461 915 2490 huius
945 2460 991 2490 rei
1024 2464 1110 2490 sunt:
1141 2459 1336 2490 venerabilis
1366 2459 1533 2490 Gotfridus
1568 2458 1815 2499 Patttavicnsis)

186 2511 353 2552 episcopus
378 2513 528 2553 princeps
553 2515 680 2549 noster,
710 2512 909 2542 honorabilis
935 2512 981 2541 vir
1010 2512 1163 2551 magister
1192 2511 1360 2542 Heinricus
1394 2510 1433 2541 de
1459 2511 1676 2551 Ulingonberg
1706 2509 1816 2539 doctor

187 2561 386 2594 decretorum
414 2568 525 2595 noster
554 2564 832 2605 prothonotarius,
868 2564 992 2594 nobiles
1023 2564 1079 2593 viri
1110 2563 1292 2594 Fridericus
1324 2562 1512 2603 burgravius
1544 2562 1583 2591 dc
1612 2560 1813 2599 Nurenbcrg,

185 2612 312 2645 Ulricus
337 2614 375 2646 de
399 2615 540 2655 Tubers,
566 2618 642 2646 Otto
667 2616 706 2646 de
730 2615 969 2653 Lichtenstein,
996 2615 1202 2656 Sthephanus
1226 2614 1265 2645 de
1290 2614 1436 2644 Missowe
1466 2613 1659 2643 marscalcus
1684 2611 1814 2641 Austric

185 2667 217 2695 et
239 2665 366 2698 Ulricus
390 2667 429 2698 de
455 2667 597 2708 Capella,
624 2666 733 2698 dilecti
758 2667 859 2697 nostri
883 2666 1005 2698 fideles.

290 2717 422 2759 Signum
447 2719 645 2749 serenissimi
669 2718 788 2748 domini
814 2718 941 2749 Rudolfi
966 2718 1184 2749 Romanorum
1208 2717 1293 2757 regis
1317 2716 1526 2747 invictissimi.
1552 2715 1622 2755 (M.)

285 2776 348 2802 344.
368 2781 391 2809 a)
410 2782 474 2804 061t7
494 2789 531 2804 or.
621 2779 643 2809 ¹¹)
665 2781 793 2804 onst-usam
812 2788 849 2803 or.

288 2829 310 2860 1)
332 2830 371 2860 Cf.
391 2830 433 2855 1¹⁵.
451 2835 484 2862 75,
496 2834 532 2856 13.

285 2888 320 2906 11.
331 2890 541 2907 confirmor-[ones
555 2890 587 2907 111.
1578 2877 1610 2900 42

1838 297 1888 322 Apr.
1902 299 1931 316 1⁹«.
