2259 3164
110 716 132 733 10

109 971 131 989 15

109 1227 133 1246 20

111 1598 134 1617 25

111 1897 135 1915 :10

113 2153 135 2172 35

112 2413 136 2431 40

495 154 626 180 ADOLFI
646 153 750 179 REGIS
770 153 1092 178 eONSTlTL‘TloNles
1132 155 1203 180 1295.
1244 155 1288 180 ΝΥ.
1303 156 1360 180 543.
1379 156 1437 181 2344.
1724 160 1787 187 513

252 244 441 270 Ammirabilis
459 244 639 278 providencia
656 244 755 270 summi
779 243 851 277 regis
874 244 909 269 ad
933 243 1056 277 regimen
1074 245 1239 277 populorum
1256 245 1323 270 «luas
1348 245 1375 270 in
1400 245 1465 271 orbe
1483 248 1619 272 terrarum
1639 246 1787 272 constituit

149 295 343 331 principaliter
366 297 535 329 potestates,
564 294 895 329 spiritualem·videlicet
919 296 947 320 et
971 294 1057 320 eciam
1087 295 1282 328 temporalem,
1312 298 1343 321 ut
1366 296 1394 321 in
1419 297 1515 323 eodem
1540 297 1674 331 regimine
1699 298 1789 323 altera

150 347 272 374 subsidio
295 347 410 373 alterius
434 346 566 372 fulciatur
590 348 617 372 et
641 346 714 380 quod
738 354 794 372 una
817 354 867 379 per
890 354 918 371 se
942 346 970 371 in
987 346 1161 372 corroccione
1179 346 1353 372 ¹subditorum
1369 348 1521 381 adimplere
1539 357 1593 374 non
1612 351 1713 382 potest,
1739 358 1789 382 per

150 399 233 425 aliam
262 398 433 432 suppleatur.
488 398 558 424 Sane
586 407 647 424 eum
676 398 704 424 in
734 397 882 431 sollempni
912 397 989 423 curia
1018 398 1091 430 apud
1120 397 1293 431 Herbipolim
1325 405 1382 434 per
1412 395 1519 424 inclite
1552 395 1790 426 recordacionis

150 444 324 476 Rudolfum
355 454 466 485 regem
494 444 711 475 Romanorum
740 444 894 474 illustrem
929 446 1069 474 nostrum
1098 444 1361 484 predecessorem
1390 445 1595 486 sollempnius
1626 447 1788 477 celebrata

150 511 198 536 per
221 509 393 527 communem
417 500 582 534 principum.
606 500 748 532 comitum,
772 500 907 526 nobilium
932 502 961 526 et
983 500 1101 526 aliorum
1126 500 1243 526 Romani
1268 500 1377 534 imperii
1400 501 1522 527 fidelium
1546 503 1716 528 sentenciam
1741 503 1788 536 qui

150 546 225 579 fuere
242 554 386 586 presentes
402 552 537 578 dictatum
562 552 680 578 fuerit*
704 554 732 578 et
757 552 911 582 obtentum,
936 552 1009 584 quod
1033 551 1083 582 illi,
1107 552 1155 584 qui
1173 552 1387 585 proscripcionis
1404 553 1575 579 sentenciam
1599 554 1626 579 in
1650 564 1677 580 se
1695 555 1787 580 animo

150 604 280 630 indurato
304 603 497 629 sustinuerunt
520 612 569 637 per
592 612 695 629 annum
720 605 748 629 et
771 603 906 637 amplum,
940 603 1070 629 invocato
1098 602 1212 629 brachio
1243 603 1431 630 ecclesiastico
1455 604 1575 630 debeant
1601 606 1786 631 excommuni-

151 655 270 682 cacionis
294 655 435 681 sentencie
459 655 596 686 innodari,
620 657 651 680 ut
674 663 721 681 eos
745 655 793 688 qui
816 654 908 688 rigore
925 654 1088 688 temporalis
1103 654 1190 688 gladii
1208 664 1263 680 non
1280 658 1428 686 terrentur,
1454 656 1487 681 ad
1505 656 1608 682 bonum
1625 657 1788 683 obediencie

150 716 250 733 nervus
266 708 378 733 revocet
399 706 586 733 ecclesiastice
604 705 758 740 discipline,
784 701 985 731 sanctitatem
1011 707 1131 731 vestram
1148 706 1299 732 affectuose
1317 706 1482 738 requirimus
1506 710 1534 733 et
1552 716 1680 741 rogamus
1699 711 1789 734 vestre

150 754 318 794 potestatis
342 753 573 794 plenitudinem
597 758 764 784 fiducialiter
787 758 959 788 invocantes,
984 757 1117 790 quatinus
1141 757 1219 783 iuxta
1244 758 1328 783 vestri
1351 758 1433 783 officii
1451 758 1584 790 debitum,
1609 762 1693 792 prout
1710 760 1790 786 nobis

151 817 179 836 et
207 805 339 845 imperio
368 809 503 836 tenemini
526 809 661 835 auxilium
687 809 830 841 exhibere,
859 809 1030 842 proscriptos
1054 808 1212 835 huiusmodi
1236 809 1393 842 ubicunque
1422 810 1450 834 in
1478 806 1601 845 imperii
1635 811 1791 837 consistant

151 856 344 886 districtibus
367 861 538 895 generaliter
561 861 590 886 in
614 861 726 894 scriptis
744 861 994 887 excommunicare
1019 855 1194 896 dignemini
1219 862 1247 886 et
1263 861 1518 887 excommunicatos
1535 862 1661 887 nunciari
1679 863 1788 896 publice

150 912 267 944 faciatis,
291 913 457 939 mandantes
480 912 678 939 nichilominus
702 912 827 946 prelatis,
852 912 902 938 sub
925 921 1043 945 quorum
1059 912 1255 938 iurisdiccione
1272 912 1340 938 dicti
1357 913 1506 946 proscripti
1531 915 1579 939 aut
1603 922 1698 940 eorum
1715 915 1789 941 bona

151 963 319 995 consistunt,
343 966 427 998 prout
450 973 499 998 per
522 964 632 990 litteras
656 966 766 990 nostras
790 963 843 989 sibi
867 963 1034 993 constiterit,
1059 963 1134 996 quod
1157 963 1232 997 ipsos
1256 966 1402 994 moneant,
1427 966 1457 989 ut
1481 964 1553 989 infra
1576 974 1699 991 inensem
1723 968 1787 999 post

150 1023 244 1040 eorum
267 1015 453 1041 monieionem
476 1024 492 1040 a
515 1015 591 1041 dicta
614 1015 821 1049 proscripcione
845 1024 874 1041 se
898 1014 1011 1040 liberari
1035 1016 1193 1048 procurent,
1217 1015 1344 1048 alioquin
1368 1015 1487 1041 termino
1511 1016 1606 1049 elapso
1622 1016 1711 1042 dictos
1728 1026 1788 1050 pro-

151 1066 280 1100 scriptos,
310 1075 379 1099 quos
407 1076 515 1093 exnunc
539 1069 570 1093 ut
598 1069 700 1093 extunc
723 1067 751 1092 in
776 1066 887 1100 scriptis
911 1066 1233 1097 excommunicaveritis,
1263 1067 1444 1093 nominaliter
1474 1070 1501 1093 et
1525 1076 1655 1101 expresse
1680 1077 1785 1094 excom-

150 1117 292 1144 municent
315 1120 343 1144 et
367 1119 601 1145 excommunicari
625 1119 731 1145 faciant
754 1120 782 1145 et
805 1127 852 1145 eos
876 1119 910 1144 ad
927 1118 1116 1144 desistendum
1141 1127 1157 1144 a
1180 1118 1255 1144 dicta
1278 1119 1484 1152 proscripcione
1502 1121 1530 1144 et
1547 1119 1724 1145 resiliendum
1742 1128 1791 1152 per

151 1178 293 1196 censuram
322 1170 540 1196 ecclesiasticam
568 1171 741 1204 conpellant,
771 1172 799 1196 et
827 1170 866 1196 sic
894 1170 972 1201 illos,
1003 1178 1072 1203 quos
1103 1170 1184 1195 unius
1212 1170 1413 1196 iurisdictionis
1442 1170 1569 1196 cohercio
1594 1179 1608 1196 a
1632 1171 1705 1196 malo
1736 1180 1790 1196 non

151 1223 271 1252 revocat,
295 1221 410 1247 alterius
435 1221 534 1247 saltem
558 1222 708 1255 potestatis
731 1221 842 1255 gladius
866 1230 882 1247 a
906 1221 1082 1247 contumacia
1106 1221 1253 1247 coherceat
1277 1223 1305 1247 et
1328 1223 1451 1255 peccato.

252 1276 324 1307 Dat.
350 1277 380 1307 in
398 1276 610 1318 Oppenheim,
636 1277 712 1307 IIII.
730 1277 844 1308 Kalen.
870 1277 999 1317 Aprilis,
1024 1272 1201 1307 indiccione
1219 1276 1309 1311 VIII,
1334 1288 1415 1307 anno
1436 1277 1561 1307 Domini
1581 1277 1668 1307 MCC
1693 1288 1789 1307 noua-

150 1329 271 1369 gesimo
297 1329 415 1369 quinto.
441 1330 529 1369 regni
554 1340 628 1359 vero
653 1329 751 1359 nostri
775 1339 856 1359 anno
881 1329 990 1359 tercio.

356 1473 433 1505 544.
471 1475 666 1506 CONFIRJ
684 1474 794 1507 ATIo
817 1474 1041 1506 EIUSDEM
1059 1474 1366 1505 SENTENTIAE.
1412 1475 1512 1504 Mart.
1529 1479 1578 1505 30,
1740 1516 1742 1518 ¹

257 1534 529 1573 Coa'zfirmationcm
556 1535 637 1565 hanc
660 1535 759 1566 demto
783 1535 1003 1574 descripsimus
1032 1545 1070 1565 ezr
1099 1534 1291 1574 ‹autom-aph
1315 1535 1451 1565 ciusdem
1474 1534 1628 1565 tabularii
1651 1545 1698 1565 nr.
1718 1536 1788 1565 16¹7.

154 1585 298 1625 Sifleillmn
314 1587 378 1616 iam
394 1586 599 1617 desideratur.
646 1586 845 1625 Eremplavit
867 1587 928 1616 iam
945 1586 1016 1617 olim
1032 1586 1213 1617 Bctlmzann
1238 1590 1291 1619 (z
1314 1585 1534 1617 lVe'nlt'elmmm
1558 1586 1649 1616 Acta
1668 1586 1790 1624 imperii

151 1637 277 1667 inedita*
302 1637 347 1674 II,
364 1639 426 1668 160*
448 1638 602 1674 2212230).
628 1656 667 1659 —
691 1637 835 1674 Bsilmaer,
862 1637 935 1677 Ress.
960 1638 1021 1668 Ad.
1039 1638 1111 1668 4:35.
1503 1637 1556 1671 (P.
1581 1638 1687 1675 deest.)

253 1732 458 1762 Sanctissimo
488 1733 517 1762 in
547 1732 672 1762 Christo
704 1733 786 1772 patri
819 1742 855 1762 ac
893 1732 1019 1762 domino
1053 1732 1180 1762 domino
1215 1732 1381 1762 Bonifacio
1413 1736 1613 1762 sacrosancte
1644 1731 1788 1762 Romane

153 1782 286 1813 ecclesie
310 1794 432 1813 summo
458 1784 597 1824 pontifici
664 1783 801 1813 Adolfus
817 1782 880 1813 Dei
903 1783 1011 1823 gracia
1027 1783 1242 1813 Romanorum
1269 1793 1326 1813 rex
1349 1793 1476 1823 semper
1499 1786 1652 1824 augustus
1676 1782 1792 1812 ‹lewta

153 1834 269 1874 pedum
294 1845 364 1865 cum
387 1835 491 1865 filialis
517 1835 714 1865 obedicionis
736 1835 923 1865 reverencia
947 1835 1054 1865 oscula
1079 1835 1256 1865 beatorum.

253 1886 365 1917 Inclite
390 1886 624 1917 recordacionis
646 1886 775 1917 Rudolfi
792 1886 1009 1916 Romanorum
1034 1887 1118 1927 regis
1142 1886 1270 1916 illustris
1294 1888 1390 1916 nostri
1409 1887 1645 1927 predecessoris
1670 1886 1792 1916 litteras

153 1937 286 1968 vidimus
310 1942 454 1969 tenorem
478 1939 658 1969 huiusmodi
683 1939 895 1969 continentes:

255 1989 456 2020 ⁸Reverendo
481 1991 511 2020 in
537 1990 662 2021 Christo
687 1991 770 2031 patri
786 2000 921 2020 ——anno
946 1989 1067 2020 XIIIlJ
1113 2000 1212 2028 snpra
1237 2001 1282 2020 nr.
1301 1990 1372 2020 3915.

255 2041 337 2076 Quia
360 2041 456 2082 igitur
480 2041 541 2072 due
565 2044 754 2082 potestates,
779 2041 929 2071 videlicet
952 2041 1124 2081 spiritualis
1149 2044 1180 2071 et
1205 2041 1399 2081 temporalis,
1424 2052 1441 2070 a
1466 2041 1571 2070 divina
1588 2040 1789 2080 providencia

154 2101 208 2131 pro
239 2093 440 2123 correccione
476 2093 674 2123 subditorum
708 2094 879 2123 constitute
915 2093 944 2122 in
976 2092 1052 2123 orbe
1084 2096 1239 2123 terrarum
1272 2093 1315 2122 sic
1350 2103 1383 2122 se
1414 2093 1530 2122 mutuis
1561 2092 1687 2122 auxiliis
1717 2103 1790 2122 con-

154 2142 346 2182 plectuntur,
370 2147 405 2174 ut
428 2145 471 2174 hii
495 2145 547 2185 qui
572 2145 735 2175 coherceri
759 2155 820 2174 non
845 2147 994 2184 poterunt
1018 2145 1122 2184 rigore
1146 2144 1243 2184 gladii
1265 2144 1461 2184 temporalis,
1485 2144 1674 2174 cohereione
1698 2144 1789 2183 spiri—

154 2194 245 2224 tualis
267 2194 366 2235 gladii
390 2200 629 2236 conpescantur,
654 2196 814 2226 sanctitati
839 2199 943 2225 vestre
968 2195 1184 2236 supplicamus
1213 2195 1360 2225 obnixius
1385 2195 1610 2235 deprecantes,
1642 2195 1789 2235 quatinus

154 2244 331 2276 Guidonem
356 2248 504 2278 comitem
528 2247 678 2278 Flandrie
704 2252 736 2277 et
759 2258 831 2277 suos
849 2247 990 2277 fautores
1014 2246 1055 2277 ad
1078 2247 1266 2277 instanciam
1288 2247 1401 2277 nobilis
1425 2247 1482 2276 viri
1500 2246 1650 2276 Iohannis
1667 2247 1791 2276 comitis

153 2295 319 2337 Haynouie
336 2299 530 2339 proscriptos
548 2299 890 2329 excommunicacionis
907 2299 1076 2329 sentenciis
1094 2298 1281 2329 innodantes
1298 2299 1439 2339 prelatis,
1463 2298 1520 2329 sub
1545 2308 1677 2339 quorum
1698 2298 1789 2327 iuris-

154 2346 275 2379 dicione
308 2353 417 2380 tenent
447 2350 624 2388 domicilia,
655 2351 821 2390 precipere
847 2350 1035 2390 dignemini,
1068 2353 1102 2379 ut
1132 2350 1281 2380 comitem
1305 2349 1455 2379 Flaudrie
1487 2353 1518 2379 et
1546 2350 1688 2379 fautores
1717 2359 1789 2378 suos

154 2399 322 2439 predictos,
347 2402 399 2442 qui
422 2403 454 2432 in
477 2402 721 2442 proscripcionis
737 2402 928 2432 sorduerunt
944 2402 1117 2436 sentencia,
1141 2412 1199 2441 per
1222 2412 1336 2432 aunum
1363 2404 1396 2431 et
1419 2402 1554 2441 amplius
1572 2400 1788 2431 excommuni-

154 2452 240 2480 catos
263 2451 389 2491 publice
414 2454 576 2492 nuncient,
608 2453 773 2483 evitandos
797 2453 837 2483 ab
863 2453 1008 2483 omnibus
1032 2453 1150 2491 arcius,
1174 2453 1204 2482 in
1229 2453 1306 2483 locis
1331 2452 1444 2493 quibus
1469 2452 1564 2482 fucrit
1588 2454 1787 2491 oportunum.

253 2510 326 2542 Dat.
345 2513 375 2542 in
392 2511 605 2553 Oppenheim,
630 2513 688 2543 III.
707 2512 821 2543 Kalen.
839 2513 967 2553 Aprilis,
991 2512 1168 2543 indiccione
1187 2516 1310 2551 octava,
1334 2523 1416 2542 anno
1434 2512 1561 2542 Domini
1579 2510 1666 2541 Μ(“(’“
1691 2521 1787 2539 nona-

155 2562 273 2600 gesimo
299 2563 417 2603 quinto,
442 2565 531 2604 regni
554 2575 629 2594 vero
653 2565 751 2594 nostri
775 2574 857 2594 auno
882 2565 991 2594 tercio.

256 2836 291 2853 LL.
311 2836 518 2854 coxsTl'rUTlsJNES
538 2838 570 2854 Ill.
880 2846 881 2851 η
1548 2824 1579 2848 Ui.)
