2259 3164
498 143 628 169 ADOLFl
650 143 753 169 REGIS
773 144 1094 171 CONSTITL'TIONES.
1133 146 1204 172 1296.
1242 146 1287 172 Nr.
1303 147 1360 173 563.
1380 148 1437 173 564.
1723 152 1781 180 5⁹0

1721 171 1770 180 ι-.

149 239 271 260 necnon
295 228 335 259 ab
360 228 504 259 omnibus
521 229 697 260 astantibus
714 229 939 270 approbatum:
1008 230 1092 271 quod
1110 231 1260 262 delictum
1282 243 1416 273 persone
1434 244 1494 264 non
1511 234 1629 265 debeat
1646 235 1782 265 ccclesia

150 281 237 311 luere
260 290 319 311 nec
343 279 475 310 alieuius
498 280 722 311 satisfactionis
745 281 920 322 gravamini
943 281 1119 312 subiacere.
1208 284 1251 322 (2)
1280 284 1370 315 Idem
1396 286 1491 316 etiam
1516 286 1661 316 dominus
1681 287 1781 317 abbas

150 343 244 373 super
265 332 403 373 quodam
425 332 606 372 homicidio,
631 332 790 373 quondam
812 343 830 362 a
851 333 898 362 sui
915 333 1039 363 cenobii
1057 333 1194 373 quodam
1212 345 1363 366 converso
1380 340 1575 377 perpetrato,
1597 348 1615 368 a
1632 341 1781 369 strennuo

149 384 248 415 milite
265 383 451 414 Alexandro
476 383 515 414 de
532 383 712 414 Wernrode
737 387 833 424 atque
857 384 920 414 suis
944 384 1053 414 amicis
1077 384 1180 415 fuerat
1196 386 1365 425 incusatus,
1390 388 1473 428 quod
1499 398 1538 419 ex
1562 399 1617 419 suo
1634 390 1781 420 instinctu

118 446 128 464 5
148 438 365 477 perpetratum
382 434 502 465 fuisset.
547 434 596 465 De
621 445 683 475 quo
707 445 740 465 se
764 434 906 476 legitime
931 435 972 465 ad
996 438 1104 466 sancta
1121 440 1299 468 sanctorum
1318 443 1529 479 expurgatum
1554 450 1659 470 coram
1683 441 1781 471 nobili

148 488 214 518 viro
239 486 365 517 domino
388 485 523 517 Gerlaco
549 486 588 517 de
610 486 757 527 Bruberg
781 487 948 527 capitaneo
973 486 1105 527 aliisque
1131 487 1298 519 duodecim
1320 491 1407 530 pacis
1431 491 1705 522 conservatoribus
1724 503 1783 532 per

149 542 265 569 terram
277 537 449 578 Thuringie
468 547 574 567 coram
591 537 681 567 nobis
698 547 756 577 per
776 537 917 577 ipsorum
933 540 1079 577 patentes
1096 537 1234 569 litteras¹
1251 539 1355 570 lucidc
1374 540 1609 572 demonstravit.
1642 543 1780 578 Quicun-

149 600 209 631 que
235 600 310 630 ergo
334 589 485 629 deinceps
509 588 670 619 dominum
695 588 847 619 abbatem
863 591 1075 619 memoratum
1099 592 1153 619 aut
1176 601 1266 621 suum
1283 592 1508 622 monasterium
1526 594 1642 633 prefati
1659 595 1781 625 ratione

149 641 255 672 delicti
279 641 508 682 presumpserit
530 641 706 681 inpugnare
730 640 781 670 vel
804 639 945 670 indebite
969 651 1113 681 gravare,
1138 641 1388 682 indignationem
1412 646 1638 684 prememorati
1663 645 1780 676 domini

107 702 130 720 ιο
147 692 244 724 nostri
267 692 484 723 Romanorum
513 692 597 732 regis
621 695 652 722 et
675 694 816 722 nostram
839 701 962 722 necnon
985 693 1086 722 tocius
1110 696 1193 723 terre
1218 692 1356 724 Saxonie
1380 695 1555 735 principun]
1582 700 1613 727 et
1636 696 1779 727 domino-

147 755 215 775 rum
232 744 386 774 offensam
403 754 436 774 se
453 744 576 774 noverit
592 744 798 773 incursurum.
836 743 870 773 In
890 743 978 773 cuius
994 744 1041 773 rei
1058 744 1272 775 testimonium
1291 749 1454 785 presentes
1471 747 1592 777 litteras
1609 749 1780 778 munimine

148 795 331 837 sigillorum,
355 795 452 825 nostri
476 794 625 825 videlicet
648 804 684 824 ac
709 794 852 825 eiusdem
875 794 963 835 pacis
987 797 1071 825 terre
1096 794 1234 826 Saxonic
1258 797 1426 837 generalis,
1451 798 1582 829 fecimus
1606 799 1757 830 roborari.

253 848 336 878 Acta
360 850 430 877 sunt
453 846 512 877 hec
536 845 736 887 presentibus
761 845 895 876 dominis
926 856 961 876 ac
990 846 1163 877 illustribus
1186 847 1326 878 Hem-ico
1355 852 1386 879 et
1410 849 1542 880 Albcrto
1568 850 1716 881 fratribus
1741 851 1780 882 de

147 898 369 937 Bruneswioh,
407 898 525 928 Ottone
560 897 640 928 duce
675 897 714 928 de
747 897 935 938 Luneburg⁷
969 897 1104 928 Alberto
1142 898 1221 929 duce
1251 898 1389 930 Saxonic
1424 901 1544 932 iuniore
1577 903 1779 943 principibus,

107 957 128 976 1⁵
147 951 312 990 H(enrico)
335 949 375 980 de
395 949 635 990 Blankenburg,
659 949 826 988 H(enrico)
850 948 889 979 de
906 948 1073 990 Honsteyn
1097 952 1129 980 et
1143 950 1277 981 Alberto
1302 950 1341 981 dc
1355 951 1589 993 XVernigcrode
1615 954 1781 984 comitibus

148 1006 242 1043 atque
267 1002 336 1032 aliis
359 1001 537 1042 fidedignis.

252 1053 371 1084 Datum
396 1063 477 1083 anno
501 1053 630 1083 Domini
653 1051 862 1091 MOCXCVI,
885 1053 975 1083 XIV.
993 1053 1064 1084 Kal.
1090 1053 1171 1084 Iulii.

605 1154 681 1186 564.
715 1155 992 1187 MANDATUM
1014 1155 1166 1187 REGIS.
1213 1157 1274 1187 [al.
1291 1158 1320 1188 2,

252 1216 490 1256 Autoyraphon,
517 1216 599 1255 quod
628 1216 660 1246 ιή
687 1216 843 1247 tabulario
868 1216 1005 1255 ίᾳθηθναῐὶ
1032 1215 1275 1258 Guelferbytano
1302 1221 1489 1255 asservatur,
1520 1218 1650 1249 confidit
1675 1220 1721 1249 υἰν
1743 1219 1779 1250 cl.

105 1276 129 1295 2⁰
147 1268 388 1299 Zimmermamz.
435 1267 622 1298 Membrana
644 1270 689 1298 est
711 1270 855 1306 anqusta,
879 1268 914 1298 «ίη
930 1268 1029 1298 altam
1044 1269 1211 1299 admodum
1230 1272 1383 1307 porrecta.
1429 1270 1470 1300 Ia
1492 1270 1678 1301 cancellaria
1703 1272 1781 1310 reyis

145 1320 295 1358 scriptum
317 1329 380 1349 uon
402 1329 464 1349 esse
486 1319 616 1349 videtur.
668 1318 787 1349 Pendet
809 1318 947 1358 siffillam
974 1319 1037 1350 Zoro
1061 1319 1299 1351 membranaceo.
1354 1321 1419 1360 Quo
1442 1321 1570 1352 redemit
1593 1332 1695 1352 onmes
1717 1323 1780 1352 edi-

146 1372 250 1402 tiones.
276 1389 315 1392 —
340 1370 483 1407 Biihmer,
507 1370 580 1410 Rey.
605 1370 666 1400 Ad.
683 1371 755 1402 319.
1510 1373 1561 1412 (P.
1586 1374 1672 1413 40²4.)

251 1448 387 1478 Adolfus
414 1447 475 1478 Dei
508 1448 616 1488 gracia
643 1447 859 1478 Romanorum
884 1458 941 1478 rex
972 1459 1099 1489 semper
1130 1453 1281 1489 augustus
1353 1450 1506 1480 universis
1537 1451 1616 1481 sacri
1644 1450 1779 1481 Romani

145 1500 269 1540 imperii
291 1499 438 1530 fidelibus
462 1502 626 1540 presentes
650 1499 773 1530 litteras
796 1500 984 1540 inspecturis
1008 1501 1148 1540 graciam
1172 1511 1260 1531 suam
1286 1504 1317 1531 et
1341 1511 1432 1531 omne
1457 1501 1583 1532 bonum.

104 1559 127 1577 2⁵
250 1552 390 1582 Litteras
414 1550 629 1591 infrascriptas
652 1550 788 1581 vidimus
813 1554 845 1581 et
867 1552 1089 1591 perspeximus
1114 1556 1257 1582 tenorem
1281 1552 1458 1582 huiusmodi
1484 1553 1695 1583 continentes:

252 1603 327 1633 ‘Nos
351 1602 505 1633 Gerlacus
523 1620 560 1623 —
579 1601 702 1632 XVIII.
721 1602 793 1632 Kal.
818 1601 911 1632 Iulii.'
957 1613 1054 1641 supra
1077 1614 1125 1633 nr.
1144 1604 1214 1633 561.

250 1654 332 1685 Item
357 1654 419 1684 alia
442 1654 561 1684 littera:

251 1706 327 1736 *Nos
351 1705 505 1736 Ger-lacus
524 1724 563 1726 —
578 1704 702 1735 XVIII.
720 1705 791 1735 Kal.
816 1704 909 1735 Iulii.'
953 1716 1052 1744 snpra
1076 1716 1123 1736 uir.
1141 1706 1210 1735 50²2.

250 1757 316 1788 Nos
339 1758 448 1797 itaque
472 1757 595 1787 devotis
618 1757 906 1797 supplicacionibus
929 1757 1123 1787 honorabilis
1147 1758 1203 1787 viri
1233 1757 1407 1788 Hermanni
1438 1757 1563 1787 abbatis
1593 1759 1777 1788 monasterii

105 1818 128 1837 3ο
145 1808 429 1839 Walkenredensis
453 1808 670 1839 favorabiliter
693 1808 846 1849 inclinati,
876 1810 1023 1840 universa
1047 1810 1190 1850 superius
1215 1812 1376 1840 contenta.
1405 1810 1485 1839 sicut
1508 1810 1566 1839 rite
1592 1813 1622 1839 ct
1646 1809 1779 1849 provide

147 1860 229 1891 facta
253 1864 339 1899 sunt,
363 1860 555 1891 ratificamus
586 1863 617 1890 et
640 1860 840 1900 presentibus
865 1861 1099 1900 confirmamus,
1124 1861 1311 1891 mandantes
1335 1861 1446 1891 illustri
1471 1860 1580 1891 Ottoni
1604 1861 1777 1891 marchioni

145 1912 446 1953 Brandenburgensi
471 1912 604 1952 principi
633 1916 740 1942 nostro
765 1922 822 1952 per
845 1912 1017 1943 Saxoniam
1048 1916 1080 1943 et
1106 1912 1203 1943 nobili
1228 1913 1293 1943 viro
1319 1912 1454 1943 Gerlaco
1483 1913 1522 1943 dc
1547 1913 1694 1953 Bruberg
1718 1923 1776 1953 per

147 1963 350 2004 Thuringiam
374 1964 548 2004 capitaneis
580 1974 617 1994 ac
641 1963 710 1993 aliis
734 1964 821 2004 pacis
846 1964 1136 2000 conservatoribus,
1162 1965 1213 2004 qui
1238 1975 1294 2004 pro
1319 1967 1462 2005 tempore
1487 1964 1617 2003 fuerint,
1646 1968 1680 1995 ut
1703 1975 1777 1995 con-

145 2015 358 2045 firmacionem
382 2018 521 2045 nostram
545 2014 725 2045 huiusmodi
749 2015 867 2046 faciant
892 2019 923 2045 et
946 2019 1116 2056 procurent
1139 2015 1363 2045 inviolabiliter
1387 2015 1557 2046 observari.

104 2075 126 2094 ³5
248 2066 321 2096 Dat.
346 2067 376 2096 in
392 2066 614 2105 Frankenfort‚
639 2066 694 2097 VI.
712 2066 793 2097 Non.
811 2067 893 2105 Iulii⁷
918 2067 1088 2097 indictione
1110 2077 1201 2101 nona,
1226 2077 1306 2096 anno
1324 2066 1450 2097 Domini
1469 2066 1776 2098 MCCLXXXXVL

145 2118 233 2158 regni
256 2128 330 2148 vero
355 2118 452 2148 nostri
477 2128 557 2147 anno
583 2118 702 2158 quinto.

145 2286 240 2336 565.
293 2284 838 2338 PRIVILEGIUM
879 2285 1232 2338 GIVITATI
1275 2284 1773 2338 BIS‘UNTINAE

714 2362 1200 2415 CONCESSUM.

802 2447 907 2482 1296.
944 2448 1043 2491 Sept.
1065 2448 1122 2482 Ἦ.

103 2542 128 2561 4⁰
249 2536 429 2575 Repetimas
451 2537 614 2568 editionem
637 2540 775 2569 nostram
798 2538 911 2569 ‘Neues
932 2538 1058 2569 Archiv'
1082 2538 1209 2575 XXIX,
1227 2538 1394 2568 576-2381
1420 2537 1481 2566 iam
1498 2538 1660 2574 paralatm
1686 2545 1766 2573 qaae

144 2586 257 2618 nititur
280 2588 305 2618 T
328 2590 516 2619 transsamto
540 2599 568 2619 a.
588 2590 679 2619 1434.
704 2590 786 2628 Sept.
804 2592 854 2621 14.
873 2589 971 2629 facto,
994 2590 1076 2628 qaod
1100 2590 1132 2620 iu
1155 2589 1309 2620 tabulario
1332 2588 1469 2618 civitatis
1484 2586 1677 2617 Bcssszmtzssmae
1699 2596 1763 2615 ser-

145 2640 234 2668 vatur
257 2639 327 2669 ‘AA
351 2640 377 2670 Ι.
395 2642 414 2669 1
437 2640 566 2681 Layette
583 2640 620 2670 1'.
665 2640 731 2671 Nos
754 2641 815 2679 ‘ipsc'
838 2641 1065 2679 descripsimus.
1111 2641 1163 2671 Ea
1186 2640 1260 2678 sola,
1284 2650 1363 2679 qaae
1380 2639 1476 2677 plane
1492 2638 1678 2668 concordant
1701 2648 1770 2666 rum

145 2687 204 2718 VU
227 2691 389 2721 concordia
404 2701 434 2722 a.
448 2692 540 2722 1290.
565 2691 638 2722 Izm.
655 2694 684 2723 3.
713 2702 782 2722 cam
804 2703 869 2731 ’ὀρθ
889 2691 1026 2730 Radolfo
1049 2692 1127 2722 inita
1147 2702 1245 2730 supra
1268 2702 1315 2722 ην.
1334 2691 1395 2720 450
1418 2689 1588 2728 (ui-mulslar
1611 2690 1664 2725 A),
1690 2688 1772 2727 lypis

245 2767 270 2797 1)
289 2766 378 2800 Sapra
398 2775 437 2793 nr.
450 2771 503 2793 562.

244 2825 279 2843 ιι..
300 2826 506 2844 CONSTITUTlONES
526 2828 558 2845 111.
872 2845 873 2848 ,
1533 2815 1565 2841 ⁴37
