2259 3116
408 145 468 173 594
1103 141 1285 167 APPENDIX
1308 142 1355 168 III.

409 240 468 261 non
498 230 623 261 damus.
655 229 711 258 nisi
744 227 828 268 quod
857 227 1020 267 apostolus
1052 227 1178 258 dedisse
1212 228 1384 259 dinoscitur
1413 230 1493 260 sicut
1517 239 1627 269 supra,
1661 229 1745 270 quod
1774 230 1854 260 tales
1887 230 2051 270 nuberent,

407 291 494 311 suam
520 280 600 310 dixit
624 279 838 309 omnimodam
864 279 1070 315 voluntatem,
1096 280 1145 310 vel
1171 281 1200 310 in
1225 280 1410 321 approbatis
1435 280 1640 321 religionibus
1664 281 1876 312 retrudantur.

515 336 541 362 Sl.
569 332 616 362 De
634 331 814 362 infidelibus
831 342 905 361 vero
925 331 1005 361 inter
1023 342 1078 361 nos
1095 332 1365 366 conversantibus,
1391 332 1460 362 Deo
1479 336 1569 371 teste,
1596 333 1634 363 de
1653 332 1801 363 hereticis
1818 333 1913 363 nichil
1930 334 2053 364 scimus.

408 385 454 415 Dc
481 384 588 414 ludcis
617 394 691 414 vero
721 383 870 415 dicimus.
896 383 981 423 quod
1006 383 1194 414 christianas
1218 384 1337 414 habent
1361 385 1508 420 nutrices,
1533 395 1644 414 usuras
1667 388 1815 425 patenter
1839 390 1999 423 exercent,
2023 390 2055 417 et

406 447 460 466 cas
492 435 705 475 indigentibus
730 442 906 475 aggravant
936 435 1017 465 ultra
1049 435 1177 465 modmn
1217 436 1246 465 in
1285 439 1420 467 tantum.
1453 440 1485 466 ut
1517 436 1598 465 infra
1623 446 1739 466 annum
1767 436 1926 467 excedant
1954 437 2055 467 eciam

406 488 507 528 ipsam
532 492 659 517 sortem.
709 486 841 516 Publica
865 492 1017 517 exercent
1041 487 1156 522 officia,
1193 487 1395 523 thelonearii,
1431 487 1598 517 monetarii
1626 487 1719 525 fiunt,
1744 491 1777 518 et
1799 498 1870 518 cum
1894 488 1973 518 alias
1996 489 2057 519 sint

406 539 560 574 infideles,
585 538 679 569 fidem
705 539 869 568 minimam
894 538 995 568 eciam
1021 539 1050 568 in
1075 538 1134 568 hiis
1159 544 1294 569 servant.
1339 539 1474 569 Furatos
1503 539 1633 573 calices,
1663 543 1768 569 vestes
1801 549 1906 569 sacras
1936 550 2056 570 necnon

406 596 437 621 et
469 590 564 620 libros
596 590 752 630 recipiunt
780 601 798 620 a>
823 589 943 620 furibus
968 594 1000 620 et
1028 594 1163 620 servant.
1206 590 1247 621 Et
1271 601 1341 620 cum
1367 591 1409 620 sic
1434 595 1583 630 acceptos
1607 594 1761 631 cogantur
1784 591 1950 621 restituere
1975 591 2056 621 chri-

406 643 510 677 stiani,
536 643 559 672 si
586 642 671 682 apud
698 653 752 672 eos
777 642 920 672 fortassis
945 636 1155 674 inveniantur.
1184 642 1272 673 ludei
1298 653 1352 672 eos
1377 643 1543 673 restituere
1569 653 1630 673 non
1655 647 1818 683 coguntur.

521 697 564 724 ll).
585 694 620 724 In
645 694 704 724 hiis
729 693 883 730 omnibus,
909 705 969 735 que
988 698 1091 724 vestre
1118 695 1300 734 scripsimus
1317 694 1487 729 sanctitati,
1512 694 1537 723 si
1557 694 1701 724 diminuti
1719 695 1825 724 forsan
1842 694 1891 724 vel
1909 695 2055 735 superflui

406 746 592 779 invenimur,
618 746 767 786 petimus,
785 750 820 776 ut
837 750 942 776 vestra
960 746 1108 776 discretio
1135 750 1244 786 parcat
1268 745 1366 776 nobis.
1403 746 1557 776 Yoluistis
1574 752 1691 787 autem,
1715 750 1750 776 ut
1766 746 1855 776 vobis
1879 757 1949 776 cum
1974 747 2056 777 omni

405 798 530 828 cautela
559 802 591 828 et
620 798 785 838 diligentia
818 797 1042 834 scriberenms,
1076 797 1160 838 quod
1190 798 1256 828 sine
1282 797 1377 827 dubio
1406 797 1497 828 nobis
1521 798 1597 838 ipsis
1621 798 1835 828 necessarium
1859 797 2056 835 arbitramur,

404 850 555 890 quoniam
584 850 608 879 si
634 849 737 879 littera
774 850 833 880 ista
864 849 902 880 de
928 850 1054 879 nomine
1085 854 1191 880 nostro
1223 849 1262 879 ad
1291 850 1425 880 aliorum
1451 860 1562 880 manus
1593 860 1687 890 quam
1712 849 1752 880 ad
1782 854 1902 880 vestras
1926 849 2057 880 forsitan

406 902 596 941 perveniret.
622 902 737 931 scimus
762 901 846 942 quod
871 902 1105 942 persecucionis
1130 901 1313 931 scandalum
1339 902 1475 932 evadere
1501 912 1562 931 non
1586 912 1760 942 possemus.

653 1029 718 1060 ⁸31.
755 1029 959 1060 RELATIO
984 1029 1053 1060 DE
1074 1030 1282 1061 NEGOTIO
1305 1030 1509 1062 IMPERII.
1557 1032 1650 1061 1274.
1697 1029 1760 1061 Iul.
1779 1031 1829 1061 12.

515 1082 667 1112 Servatur
683 1082 772 1112 Arm.
788 1082 814 1112 C
827 1082 904 1119 fasc,
915 1083 957 1112 37
972 1092 1020 1111 m.
1036 1084 1085 1114 17.
1103 1082 1161 1112 cliv.
1174 1082 1234 1112 IJ'.
1269 1081 1422 1122 Siqillum,
1439 1082 1523 1121 quod
1537 1082 1612 1113 olim
1625 1081 1688 1113 loro
1700 1082 1929 1112 membranaceo
1939 1081 2056 1120 pende-

407 1133 469 1169 bat,
504 1134 566 1164 iam
590 1133 681 1164 deest.
727 1133 967 1172 [ascriptionem
992 1133 1026 1163 in
1054 1133 1144 1163 dorso
1162 1133 1308 1172 praebet.-
1338 1133 1543 1163 Sanetissimo
1574 1133 1657 1174 patri
1681 1132 1810 1163 domino
1834 1143 1906 1163 meo
1931 1132 2057 1163 domino

406 1184 443 1215 G.
463 1188 664 1215 sacrosancte
682 1184 827 1215 Romane
853 1185 938 1215 sedis
962 1195 1085 1215 smmno
1110 1185 1261 1225 pontifici.
1312 1185 1359 1223 Cf:
1379 1184 1453 1224 Req.
1471 1186 1545 1224 imp.
1567 1184 1620 1222 VI,
1645 1187 1717 1215 177.
1818 1184 1870 1223 (P.
1888 1184 1995 1223 deest.)

514 1272 720 1302 Sanctissimo
738 1272 820 1311 patri
838 1271 965 1301 domino
983 1282 1039 1301 sno
1059 1270 1217 1311 Gregorio
1235 1274 1436 1301 sacrosancte
1454 1271 1599 1302 Romane
1618 1271 1703 1301 sedis
1721 1281 1843 1301 summo
1861 1270 2001 1310 pontifici
2018 1270 2054 1301 B.

408 1323 469 1354 Dci
483 1324 587 1364 gratia
601 1324 769 1363 episcopus
784 1323 1007 1353 ()101nucensis
1026 1322 1169 1352 debitam
1182 1323 1396 1353 reverentiam
1410 1333 1481 1353 cum
1495 1322 1611 1353 devoto
1625 1323 1744 1363 pedum
1758 1322 1865 1353 osculo
1879 1321 2055 1352 beatorum.

515 1376 559 1415 (1)
586 1374 780 1405 Obedientie
805 1374 910 1404 filialis
928 1374 1083 1412 debitum,
1108 1384 1180 1404 cuin
1204 1385 1244 1404 ex
1263 1374 1372 1404 debito
1390 1375 1522 1409 timoris,
1549 1375 1603 1415 qui
1621 1385 1661 1405 ex
1677 1374 1830 1405 filiatione
1847 1374 2057 1404 reverentiam

407 1427 524 1457 amoris
541 1427 667 1466 accipit,
692 1426 721 1456 in
739 1426 799 1456 hiis
816 1436 877 1466 que
896 1425 954 1455 sibi
973 1426 1222 1463 committuntur,
1241 1429 1393 1466 quantum
1418 1426 1449 1456 in
1473 1427 1542 1467 ipso
1568 1430 1624 1464 est,
1642 1436 1776 1457 vacuum
1800 1436 1862 1456 non
1879 1426 2057 1457 revertitur.

407 1478 464 1509 sed
482 1478 724 1519 prosperabitur
748 1478 779 1507 in
804 1477 874 1515 hiis,
900 1477 940 1507 ad
966 1488 1027 1517 que
1046 1477 1202 1507 Dominus
1227 1478 1313 1507 misit
1336 1477 1424 1508 illud.
1463 1477 1546 1508 Hinc
1571 1481 1629 1515 est,
1653 1481 1745 1518 pater
1769 1481 1801 1508 et
1825 1477 1951 1509 domine
1967 1487 2057 1508 reve-

406 1530 516 1567 rende,
542 1529 627 1570 quod
655 1530 684 1559 in
708 1529 807 1559 verbo
832 1529 1012 1570 legationis,
1038 1530 1068 1559 in
1094 1540 1155 1570 quo
1181 1530 1332 1560 sanctitas
1356 1532 1460 1560 vestra
1484 1540 1536 1560 me
1552 1530 1638 1560 misit
1660 1529 1701 1560 ad
1724 1529 1879 1560 illustrem
1897 1529 2057 1560 dominum

405 1592 512 1612 mcum
542 1591 652 1622 regem
678 1581 801 1611 cucurri
826 1584 858 1611 et
882 1581 990 1611 direxi
1016 1582 1099 1611 viam
1123 1591 1245 1613 meam.
1270 1580 1409 1611 Domino
1435 1581 1606 1622 dirigente,
1639 1582 1726 1612 cuius
1749 1580 1895 1611 voluntas
1918 1581 1990 1620 fuit,
2023 1584 2057 1611 ut

406 1633 500 1663 michi
526 1633 588 1663 cito
614 1636 805 1671 occurreret,
840 1632 925 1673 quod
954 1632 1114 1662 volebam.
1161 1631 1278 1662 Semen
1312 1633 1395 1662 enim
1424 1632 1515 1662 verbi
1542 1633 1654 1670 vestri,
1683 1635 1852 1673 postquam
1884 1632 1998 1663 cecidit
2027 1633 2057 1662 in

407 1688 525 1715 terram
551 1684 669 1715 bonam
694 1684 799 1714 cordis
824 1684 959 1725 predicti
978 1684 1098 1715 domini
1122 1685 1186 1714 mei
1206 1685 1301 1725 regis,
1326 1683 1479 1724 produxit
1495 1684 1631 1714 fructum
1657 1684 1696 1714 de
1713 1687 1884 1725 preparato
1908 1683 1949 1714 ad
1965 1693 2056 1714 omne

406 1736 523 1767 bonum
549 1737 646 1777 ipsius
671 1735 776 1766 cordis
799 1735 984 1766 habitaculo
1009 1736 1075 1766 sine
1100 1735 1197 1766 dubio
1224 1735 1425 1776 ampliorem7
1451 1736 1526 1776 quin
1551 1736 1647 1766 etiam
1665 1739 1856 1776 speraretur.
1945 1735 1991 1776 (2)
2007 1734 2056 1765 De

406 1788 616 1818 submissione
650 1787 807 1828 siquidem
842 1790 999 1817 terrarum
1031 1797 1158 1817 suarum
1193 1787 1288 1817 michi
1313 1788 1544 1818 commiseratis
1568 1787 1724 1818 talentum
1747 1787 1932 1828 paternitati
1954 1789 2057 1817 vestre

407 1840 534 1869 unicum
560 1839 774 1869 referendum.
819 1838 861 1869 Et
884 1849 959 1869 ecce
978 1849 1049 1869 cum
1072 1839 1283 1879 multiplicato
1309 1839 1413 1870 fructu
1436 1839 1541 1870 refero
1566 1839 1656 1870 vobis
1680 1839 1767 1869 illud.
1813 1839 1887 1880 Ipse
1911 1840 1994 1870 enim
2017 1848 2057 1868 ex

405 1892 528 1921 sincera
553 1891 649 1920 indoli
675 1890 749 1921 boni
776 1891 890 1930 cordis,
914 1891 1079 1921 intellecto
1111 1902 1169 1932 per
1192 1892 1382 1922 relationem
1406 1902 1512 1922 meam
1537 1894 1642 1922 vestre
1667 1891 1782 1921 mentis
1805 1890 1934 1930 affectu,
1964 1902 2056 1932 quem

406 1943 516 1983 geritis
540 1942 580 1972 ad
605 1942 781 1972 subsidium
807 1942 907 1973 Terre
943 1942 1075 1981 Sancte,
1106 1944 1136 1973 in
1164 1943 1291 1983 propria
1322 1954 1355 1973 se
1380 1953 1517 1983 persona
1541 1953 1612 1973 eum
1637 1943 1780 1973 exercitu
1804 1953 1860 1972 suo
1885 1942 2055 1973 secundum

406 1998 562 2024 terrarum
600 1993 781 2024 distantiam
819 1997 851 2024 et
878 1994 1053 2025 secundum
1083 1995 1280 2035 exigentiam
1315 2005 1528 2035 expensarum
1566 1998 1598 2024 et
1627 1994 1783 2024 bonorum
1811 1994 1977 2025 mobilium
2007 1993 2057 2025 vel

406 2045 615 2075 immobilium
649 2045 834 2076 facultatem
864 2046 894 2075 in
926 2046 1071 2076 omnibus
1107 2047 1199 2077 terris
1231 2047 1295 2076 suis
1329 2046 1412 2076 ultro
1448 2057 1506 2076 nec
1536 2046 1632 2076 etiam
1657 2046 1826 2086 requisitus
1850 2057 1866 2077 a
1891 2057 1942 2077 me
1967 2045 2057 2077 offert

406 2099 478 2136 post
507 2096 747 2136 quadriennium
783 2097 822 2127 ad
860 2097 1049 2138 obsequium
1079 2097 1154 2128 Iesu
1179 2096 1305 2127 Christi.
1351 2097 1583 2128 Nichilominus
1614 2098 1644 2128 in
1672 2098 1801 2128 instanti
1829 2101 1933 2128 vestre
1956 2098 2056 2139 gratie

406 2158 439 2177 se
465 2148 664 2185 sulnnittcns,
690 2152 723 2178 nt
748 2152 819 2189 post
844 2150 1118 2189 peregrinationis
1143 2159 1198 2179 sue
1224 2149 1360 2179 reditum
1386 2153 1418 2179 et
1441 2152 1515 2179 tunc
1539 2148 1768 2189 cognoscendis
1792 2149 1904 2179 iurium
1932 2159 2057 2179 suorum

408 2200 528 2229 meritis
553 2200 727 2230 secundum
755 2200 859 2230 Dcum
893 2204 924 2230 ct
949 2201 1151 2231 honestatem
1176 2202 1206 2231 in
1230 2201 1365 2240 negocio
1390 2200 1571 2241 procedatis
1592 2200 1716 2231 codem.
1805 2202 1850 2240 (3)
1874 2201 2058 2231 Iniunxerat

406 2251 500 2281 michi
526 2251 682 2291 siquidem
716 2253 892 2282 sanctitatis
916 2256 1021 2283 vostre
1055 2252 1238 2293 prudentia,
1270 2262 1320 2282 me
1345 2252 1524 2292 astringens
1547 2251 1768 2282 nichilominus
1795 2252 1836 2282 ad
1860 2252 1919 2282 hoc
1942 2252 2056 2282 virtuto

413 2303 537 2342 prestiti
565 2303 747 2341 iuramenti,
780 2308 813 2334 ut
837 2304 877 2334 ad
902 2304 1146 2334 sulnnissioncm
1171 2304 1298 2344 plenam
1324 2303 1503 2334 faciendam
1527 2303 1631 2333 fidelis
1655 2314 1824 2344 persuasor
1847 2314 1950 2334 essem
1973 2302 2057 2344 apud

408 2353 569 2384 dominnm
589 2365 693 2384 mcum
713 2366 833 2394 regem.
874 2355 917 2385 Et
945 2361 978 2385 ut
1003 2356 1092 2385 vobis
1116 2356 1146 2385 in
1170 2355 1229 2385 hac
1247 2358 1337 2395 parte
1355 2355 1439 2385 clare
1456 2355 1563 2385 luceat
1579 2355 1658 2385 fides
1681 2366 1764 2389 mea,
1782 2366 1903 2394 causas,
1927 2358 2056 2395 propter

408 2416 487 2445 quas
516 2405 575 2435 hoc
612 2406 717 2435 faeere
748 2406 898 2436 deberet.
928 2407 987 2436 sibi
1019 2411 1092 2437 tnnc
1123 2417 1292 2447 expressas
1316 2410 1347 2436 ct
1371 2407 1401 2436 in
1425 2407 1550 2447 scriptis
1573 2407 1693 2448 positas
1718 2406 1807 2437 vobis
1831 2407 1927 2438 etiam
1951 2405 2053 2436 studui

409 2460 572 2486 annotare.
664 2458 732 2491 an
759 2457 838 2487 talcs
862 2464 947 2488 sunt:

516 2508 664 2538 *Domine
703 2508 895 2548 prcdilccte,
928 2510 1047 2539 astricti
1083 2520 1190 2540 snmus
1223 2511 1410 2542 iuramento,
1446 2510 1526 2539 sicut
1555 2510 1655 2540 scitis.
1691 2508 1775 2549 quod
1807 2508 2054 2549 persuadeamus

471 2560 570 2591 vohis.
597 2564 631 2589 nt
654 2560 847 2590 sulnnittatis
872 2572 927 2590 vos
945 2561 1134 2592 ordinationi
1162 2561 1278 2591 domini
1298 2572 1391 2601 pape,
1417 2565 1448 2591 ct
1465 2560 1634 2600 eredimus,
1659 2560 1743 2601 quod
1768 2560 1828 2591 hoc
1844 2561 2053 2591 iuramentum

2078 702 2101 720 10

2075 1043 2097 1062 15

2075 1332 2099 1350 20

2075 1588 2098 1607 2⁵

2076 1849 2100 1869 30

2075 2110 2098 2128 35

2074 2366 2097 2384 ⁴0

470 2622 526 2641 nos
558 2611 778 2641 nichilominus
807 2623 867 2642 non
899 2613 1069 2653 astringat,
1102 2617 1135 2642 nt
1167 2613 1225 2643 hoc
1256 2612 1516 2643 irratioimbilitcr
1545 2612 1708 2643 faciamus.
1755 2612 1796 2643 Et
1820 2612 1894 2653 quia
1918 2611 2052 2641 libenter
2070 2621 2092 2639 ω

471 2673 524 2691 vos
553 2662 711 2693 credimus
735 2663 794 2693 hoc
819 2663 944 2703 andire,
976 2674 1087 2694 causas
1113 2674 1232 2704 ponere
1258 2663 1474 2703 (lecrevimus,
1506 2667 1637 2704 propter
1669 2674 1747 2704 quas
1775 2663 1834 2693 hoc
1865 2662 1970 2693 facere
1996 2661 2050 2691 de-

472 2713 583 2743 beatis.
673 2718 710 2751 (Ι)
736 2714 843 2745 Prima
868 2725 961 2745 cansa
987 2718 1044 2754 cst,
1069 2715 1141 2755 quia
1167 2715 1206 2745 ad
1232 2715 1475 2745 submissionem
1496 2714 1674 2745 faciendam
1700 2715 1844 2745 dominus
1871 2724 1952 2754 papa
1978 2723 2048 2753 pcr-

471 2765 622 2794 sonalitcr
647 2776 701 2795 vos
727 2766 845 2800 inritat,
872 2769 903 2795 ct
927 2771 1057 2806 propter
1082 2766 1141 2797 hoc
1165 2766 1299 2797 multum
1325 2766 1450 2797 debetis
1475 2770 1507 2796 et
1532 2766 1601 2797 Dco
1627 2769 1659 2797 et
1675 2765 1855 2797 hominibus
1872 2764 2049 2805 displicere.
