2259 3164
466 186 623 212 RUDoLFI
645 185 749 213 REGIS
769 186 1089 214 CONSTITU'I'IlleES.
1128 189 1200 214 12?st
1239 189 1283 214 Nr.
1298 190 1354 216 227.
1374 192 1431 216 ⁸225.
1707 195 1766 223 217

135 273 299 304 bonorum.
389 272 432 303 Ut
456 273 553 313 igitur
576 273 677 303 omnis
702 273 836 304 materia
861 273 1070 304 dissencionis
1088 278 1119 305 ct
1137 275 1278 305 scandali
1297 287 1353 306 seu
1371 277 1466 306 ctiam
1486 278 1625 308 rancoris
1644 279 1768 309 occasio

136 325 217 355 inter
239 324 342 365 ipsam
367 324 537 355 ecelesiam
563 328 594 355 et
619 325 787 366 imperium
811 325 998 356 auferantur
1021 329 1052 355 et
1076 325 1119 356 hii
1145 325 1207 356 duo
1242 327 1339 367 gladii
1366 328 1395 358 in
1420 328 1511 359 domo
1536 329 1666 360 Domini
1692 341 1766 360 eon-

136 376 237 408 stituti
272 375 379 406 debito
416 375 524 407 federe
560 376 699 418 copulati
731 387 765 407 se
796 377 882 418 ipsos
913 380 1089 408 exerceant
1120 378 1150 407 in
1182 378 1293 409 utilem
1319 379 1578 411 reformationem
1603 381 1767 421 regiminis

135 427 275 459 universi
307 430 338 458 et
366 438 423 458 nos
452 428 483 458 in
512 431 584 459 actu
615 428 789 459 voluntatis
818 432 850 459 et
878 429 982 470 operis
1013 428 1214 460 inveniamur
1243 430 1297 460 filii
1328 430 1507 461 devotionis
1533 436 1564 462 et
1589 433 1690 473 pacis,
1716 434 1767 473 qui

98 487 108 506 ⁵
135 483 199 510 tam
224 479 394 510 ecclesiam
418 490 511 520 quam
537 480 705 521 imperium
731 480 902 511 confovere
928 484 1093 521 tenemur,
1119 481 1269 522 quicquid
1294 493 1351 523 per
1374 482 1538 513 dominum
1564 488 1705 514 nostrum
1731 484 1768 515 u.

134 531 196 562 Dei
219 531 323 572 gratia
346 531 566 562 Romanorum
598 542 707 573 regem
739 542 868 574 semper
900 535 1072 573 augustum
1106 533 1309 563 sanctissimo
1340 535 1422 575 patri
1453 537 1483 564 et
1508 534 1636 565 domino
1661 539 1767 566 nostro

135 583 261 614 domino
286 582 419 613 Nicolao
444 593 527 624 pape
553 582 614 615 III.
639 583 770 625 eiusque
796 584 1035 615 suecessoribus
1065 587 1096 615 et
1126 585 1185 625 ipsi
1209 584 1354 615 Romane
1386 586 1522 616 ecclesie
1556 589 1766 627 recognitum,

136 634 370 670 confirmatum,
402 635 608 675 ratificatum,
640 635 841 673 innovatum,
871 635 910 666 de
941 646 1022 666 novo
1053 635 1221 673 donatum,
1253 636 1450 667 declaratum
1476 638 1544 668 sive
1570 649 1767 676 concessum,

135 687 271 717 iuratum
297 689 328 717 et
351 689 458 717 aetum
483 697 539 717 seu
563 687 682 717 factum
714 690 763 718 est
791 698 847 728 per
876 688 1048 729 privilegia
1077 688 1126 718 vel
1159 698 1358 729 quecumque
1390 689 1451 719 alia
1477 690 1596 730 scripta
1620 701 1768 731 quorum-

88 750 110 769 ιο
137 748 270 779 cumque
288 741 433 769 tenorum
453 749 550 780 super
566 739 848 780 recognitionibus,
873 739 1151 772 ratificationibus,
1176 740 1473 781 approbationibus,
1498 741 1768 778 innovationibus,

137 790 439 826 confirmationibus,
464 790 702 830 donationibus,
727 791 989 822 concessionibus
1015 795 1046 822 et
1070 791 1163 822 factis
1188 802 1243 821 seu
1268 792 1369 832 gestis
1394 795 1458 822 tam
1477 793 1611 823 aliorum
1631 794 1767 834 impera-

135 845 236 873 torum
272 845 304 873 et
338 852 449 883 regum
488 842 708 873 Romanorum
749 843 1014 884 predecessorum
1050 843 1133 884 regis
1170 843 1314 874 eiusdem
1351 854 1445 884 quam
1482 844 1581 885 ipsius
1618 845 1701 886 regis
1739 849 1769 876 et

136 894 317 935 specialiter
340 904 435 936 super
458 893 628 933 fidelitate,
654 894 853 934 obedientia,
887 895 1130 925 honorificentia
1155 898 1187 925 et
1211 896 1392 926 reverentia
1421 906 1478 936 per
1502 895 1688 927 Romanos³¹
1711 897 1768 927 im-

135 949 297 987 peratores
322 948 353 976 et
376 956 470 986 reges
487 945 640 977 Romanis
664 946 868 988 pontificibus
893 950 924 977 et
948 947 1008 988 ipsi
1033 947 1172 978 ecclesie
1190 946 1414 988 impendendis
1440 958 1476 978 ac
1502 949 1770 989 possessionibus,

87 1010 109 1029 ιε
135 997 306 1028 honoribus
331 1000 362 1028 ct
387 997 507 1028 iuribus
532 998 677 1028 ciusdem
703 999 843 1029 ecclesie
870 1002 901 1029 et
925 999 1113 1029 nominatim
1131 1008 1228 1040 super
1246 1002 1312 1029 tota
1330 1002 1424 1036 terra,
1449 1009 1510 1040 quc
1528 1003 1578 1030 est
1595 1011 1613 1030 a
1630 999 1768 1030 Radice-

136 1049 207 1079 fano
231 1059 333 1090 usque
359 1048 575 1090 Ceperanum,
599 1050 743 1081 marchia
767 1050 982 1090 Anconitana,
1006 1050 1125 1081 ducatu
1150 1051 1338 1092 Spoletano,
1364 1054 1451 1081 terra
1475 1051 1635 1082 comitisse
1662 1051 1768 1082 Matil-

136 1100 193 1139 dis,
218 1101 347 1132 civitate
370 1101 527 1132 Rauenne
553 1105 584 1132 et
608 1101 735 1141 Emilia,
760 1101 873 1142 Bobio,
891 1101 1027 1142 Cesena,
1051 1102 1255 1143 Foropopuli,
1281 1101 1433 1138 Forliuio,
1458 1102 1626 1139 Fauentia,
1644 1103 1771 1140 Ymola,

136 1152 296 1189 Bononia,
321 1152 485 1192 Ferraria,
511 1152 678 1189 Comaelo,
703 1153 854 1184 Adrianis
884 1157 980 1195 atque
1011 1153 1163 1193 Gabello,
1188 1153 1350 1191 Arimino,
1376 1153 1514 1191 Vrbino,
1540 1154 1770 1193 Monteferetri,

136 1204 292 1235 territorio
316 1204 479 1242 Balnensi,
504 1205 657 1236 comitatu
681 1205 891 1244 Breetenorii,
916 1208 1071 1237 exarcatu
1095 1205 1264 1245 Rauennc,
1290 1205 1468 1247 Pentapoli,
1492 1205 1600 1236 Massa
1617 1206 1771 1236 Trabaria

89 1267 112 1286 ρο
140 1266 209 1286 cum
244 1255 467 1286 adiacentibus
500 1257 593 1287 terris
627 1260 659 1288 et
687 1257 834 1288 omnibus
859 1258 929 1288 aliis
954 1257 993 1287 ad
1019 1256 1195 1299 predictam
1220 1257 1391 1288 ecclesiam
1416 1257 1669 1298 pertinentibus,
1701 1268 1772 1288 cum

137 1307 280 1338 omnibus
298 1307 425 1346 finibus,
450 1308 615 1339 territoriis
632 1311 728 1349 atque
746 1309 857 1339 insulis
882 1309 913 1339 in
939 1312 1025 1339 terra
1042 1309 1184 1350 marique
1214 1308 1253 1339 ad
1278 1309 1471 1349 provincias,
1497 1309 1654 1347 civitates,
1680 1309 1771 1339 terri-

137 1359 216 1389 toria
249 1362 281 1389 et
314 1359 385 1390 loca
419 1359 565 1401 predicta
599 1359 823 1401 quoquomodo
861 1360 1082 1401 spectantibus
1116 1371 1238 1391 necnon
1277 1371 1372 1401 super
1400 1360 1527 1391 civitate
1562 1361 1707 1391 Romana
1742 1364 1774 1391 et

136 1421 233 1452 regno
252 1410 360 1442 Sicilie
384 1422 455 1442 cum
481 1411 629 1442 omnibus
653 1412 693 1442 ad
718 1412 818 1453 ipsam
843 1412 1063 1453 spectantibus
1088 1415 1152 1442 tam
1178 1413 1256 1443 citra
1276 1412 1393 1442 Farum
1419 1423 1512 1453 quam
1531 1412 1623 1450 ultra,
1642 1412 1772 1443 Corsica

138 1473 259 1504 quoque
292 1466 387 1504 atque
416 1463 564 1494 Sardinia
594 1466 625 1494 et
656 1464 770 1494 ceteris
802 1464 894 1494 terris
923 1474 960 1494 ae
989 1463 1111 1494 iuribus
1144 1464 1183 1494 ad
1213 1464 1315 1504 ipsam
1341 1464 1510 1494 ecclesiam
1536 1464 1772 1505 pertinentibus

90 1525 112 1545 25
138 1525 194 1546 nos
223 1515 322 1546 nostri
347 1515 474 1546 nomine
499 1515 697 1556 principatus
722 1516 753 1545 in
779 1515 925 1546 omnibus
950 1519 981 1546 et
1006 1526 1062 1556 per
1086 1516 1193 1546 omnia
1218 1516 1432 1557 approbamus
1462 1519 1493 1545 et
1517 1515 1710 1545 ratificamus
1736 1526 1772 1546 ac

139 1566 257 1597 eisdem
282 1566 427 1597 omnibus
451 1569 483 1597 et
507 1567 643 1608 singulis
669 1570 700 1598 et
724 1567 979 1608 quibuscumque
1006 1566 1123 1609 [aliis]''
1149 1578 1246 1608 super
1270 1567 1389 1597 eisdem
1414 1578 1470 1608 pcr
1503 1567 1639 1597 cundem
1665 1578 1772 1608 regem

139 1628 261 1659 quoquo
285 1618 377 1649 modo
403 1618 498 1650 factis
522 1622 554 1649 et
577 1619 608 1649 in
624 1622 788 1660 posterum
813 1618 967 1649 faciendis
986 1619 1182 1649 voluntatem
1207 1622 1359 1657 nostram,
1386 1629 1554 1650 assensum
1577 1622 1673 1659 atque
1699 1629 1772 1649 con-

140 1680 268 1700 sensum
298 1670 493 1701 unanimiter
524 1673 556 1701 et
586 1670 788 1701 concorditer
819 1670 1010 1701 exhibemus
1042 1674 1074 1702 et
1104 1671 1332 1712 promittimus,
1366 1670 1449 1712 quod
1479 1674 1588 1701 eontra
1616 1671 1773 1711 premissa

139 1721 188 1752 vel
211 1721 340 1763 aliquod
363 1722 593 1763 premissorum
618 1722 705 1753 nullo
730 1733 869 1763 unquam
902 1726 1047 1764 tempore
1079 1723 1258 1759 veniemus,
1291 1722 1347 1753 sed
1378 1733 1417 1753 ea
1447 1723 1554 1753 omnia
1583 1727 1615 1753 et
1645 1723 1772 1763 singula

91 1784 115 1802 ³0
140 1783 194 1814 pro
218 1783 310 1814 posse
334 1776 441 1804 nostro
466 1774 709 1815 procurabimus
734 1774 961 1805 inviolabiliter
986 1774 1160 1805 observari.
1250 1774 1291 1804 Et
1320 1777 1354 1804 ut
1383 1774 1442 1805 hec
1473 1778 1583 1805 nostra
1614 1775 1771 1812 voluutas,

139 1823 335 1865 approbatio,
369 1825 554 1864 ratificatiO,
586 1836 756 1864 assensus,
789 1836 965 1856 cousensus
997 1829 1094 1867 atque
1118 1826 1286 1867 promissio
1312 1837 1330 1857 a
1355 1826 1444 1856 nobis
1469 1826 1589 1856 eisdem
1614 1826 1770 1857 Romanis

138 1875 339 1916 pontificibus
376 1880 407 1907 ct
442 1877 580 1908 ecclesie
616 1877 647 1908 in
682 1881 874 1919 perpetuum
909 1877 1138 1917 observentur,
1170 1877 1230 1907 hoc
1261 1888 1394 1918 presens
1426 1878 1578 1919 scriptum
1604 1878 1678 1909 inde
1704 1879 1771 1909 fieri

139 1925 268 1958 fecimus
293 1930 471 1959 nostrorum
497 1929 676 1970 sigillorum
699 1929 873 1959 munimine
897 1929 1092 1959 roboratum.

243 1979 314 2010 Act.
339 1983 371 2010 et
395 1980 459 2011 dat.
483 1991 566 2012 anno
592 1981 721 2011 Domini
747 1981 914 2011 millesimo
933 1980 986 2011 CO
1012 1981 1253 2021 septuagesimo
1279 1991 1371 2017 nono,
1396 1980 1508 2011 XIIII.
1528 1979 1622 2010 Kaln.
1642 1980 1770 2021 Aprilis,

93 2048 115 2066 35
142 2029 307 2061 indictione
325 2031 410 2071 VII,
435 2036 589 2073 regnante
613 2032 740 2063 domino
765 2036 874 2063 nostro
900 2032 1043 2074 predicto
1068 2032 1195 2063 domino
1222 2032 1260 2062 R.
1278 2032 1495 2063 Romanorum
1521 2042 1596 2072 rege
1621 2032 1770 2073 glorioso,

140 2081 228 2122 regni
251 2083 319 2114 eius
343 2094 425 2114 anno
450 2088 552 2115 sexto.

266 2228 341 2260 228.
366 2229 591 2260 EPISTULA
616 2229 774 2260 PAPAE
795 2230 1164 2262 AItCIIIEPIS‹''*0P(›
1187 2229 1468 2260 JIOGUNTINO
1492 2229 1637 2260 MISSI.

814 2283 905 2313 12731.
945 2282 1025 2321 Any.
1042 2284 1093 2312 25).

246 2338 341 2370 Dedit
367 2352 404 2371 cr
434 2341 572 2381 Reyistri
604 2342 730 2372 Nicolazss
753 2343 819 2374 III.
849 2346 916 2373 tom.
935 2343 976 2372 ΙΙ
996 2342 1084 2381 (chJ.
1108 2342 1176 2373 I'nf.
1194 2345 1263 2372 tom.
1282 2343 1337 2375 40)
1361 2341 1412 2379 fol.
1432 2343 1481 2371 720¹
1508 2342 1568 2371 iam
1597 2341 1668 2370 olim
1693 2340 1770 2370 Zar-

96 2401 119 2419 40
145 2391 232 2429 caym
248 2391 266 2423 l.
282 2402 306 2422 C.
323 2392 465 2431 Appeml.
478 2404 512 2432 Ι).
534 2395 600 2424 106.
636 2394 748 2425 Denuo
773 2395 902 2425 contuli!
920 2394 1114 2433 Pogsaettsvlmr.
1156 2394 1206 2433 (γ’.
1224 2393 1383 2433 cpishdam
1399 2393 1529 2423 similem
1545 2393 1771 2430 arrhlrjltlsmpo

147 2441 316 2473 Trevirenst
338 2444 486 2475 «limatam
509 2456 546 2475 ct·
569 2446 670 2476 codem
694 2446 836 2485 Rayisc‘ro
853 2446 1015 2485 profluam
1038 2446 1195 2484 Zmrmqsmss
1218 2445 1236 2475 l.
1261 2456 1285 2474 ιτ.
1308 2445 1452 2484 Appcnd.
1473 2456 1504 2483 μ.
1528 2447 1596 2474 107.
1624 2462 1660 2465 ἡ
1688 2443 1771 2473 I'oll-

144 2492 211 2523 hast
232 2496 344 2526 21631.
1482 2496 1534 2535 (Ι).
1559 2496 1664 2531 dress.)

246 2563 398 2595 Nieolaus
423 2569 481 2596 ete.
506 2566 749 2608 archiepiscopo
775 2567 974 2608 Maguntino,

247 2614 369 2647 Cedere
394 2617 453 2647 tuis
479 2617 627 2648 sensibus
652 2618 682 2648 in
708 2619 875 2649 suavitatis
900 2622 931 2649 et
962 2619 1185 2649 delectationis
1214 2617 1311 2647 debet
1344 2618 1565 2656 augmentum,
1595 2613 1769 2654 apostolica

99 2682 121 2701 ⁴5
147 2665 291 2696 mandata
315 2677 442 2709 semper
466 2668 580 2700 devote
605 2671 771 2711 suscipere
804 2682 840 2701 ac
870 2671 923 2700 illa
947 2671 1097 2711 prosequi
1123 2672 1322 2700 reverenter,
1357 2678 1427 2697 cum
1451 2666 1489 2696 :ul
1516 2666 1574 2695 hoc
1599 2676 1638 2694 ex
1662 2664 1769 2694 ‹lrbito

147 2717 280 2747 tenearis
304 2728 362 2749 nec
386 2719 530 2759 deceret,
561 2721 656 2752 immo
682 2723 911 2753 inconveniens
936 2722 1123 2759 haberetur,
1150 2721 1175 2751 si
1200 2731 1291 2751 secus
1317 2719 1476 2748 interdum
1502 2717 1699 2755 contingeret
1723 2716 1768 2744 in<

244 2802 307 2831 227.
326 2805 348 2837 2³·)
367 2807 464 2831 Roman
484 2817 520 2833 or.
608 2808 632 2838 b)
651 2809 786 2833 evanidam
804 2818 840 2833 or.

246 2862 280 2880 ιι.
295 2864 501 2882 coNSTlTUTIONES
515 2867 547 2883 ιιι.
1534 2853 1567 2877 25
