2259 3164
516 180 673 206 RUDOLFI
693 181 794 207 REGts
815 182 1131 210 CONSTI'I'UTlONES.
1172 186 1241 211 1273,
1278 187 1323 212 Nr.
1341 189 1377 213 112.
1394 189 1431 214 13.
1750 197 1786 225 15

159 268 280 299 roboris
310 268 493 299 firmitatem
521 270 705 309 presentem
735 268 874 299 litteram
906 269 1019 310 sigillis
1044 270 1243 302 dominorum
1268 284 1408 304 meorum
1434 275 1663 316 predictorum,
1700 280 1786 310 vide-

159 319 235 350 licet
258 319 298 350 de
315 319 562 361 Zweynbruken
587 322 620 351 et
643 319 682 351 de
700 319 883 362 Obersteyn
901 321 1061 359 comitum,
1087 326 1118 353 et
1143 324 1246 364 sigillo
1272 336 1342 356 meo
1367 325 1451 357 dicto
1469 327 1593 358 domino
1618 341 1688 361 meo
1714 331 1786 362 duci

161 371 275 402 tradidi
299 371 483 412 sigillatam.

264 431 384 463 Actum
419 434 450 462 et
483 431 593 463 datum
627 431 859 471 Haidelberch,
900 443 983 464 anno
1019 433 1149 465 Domini
1184 435 1352 468 millesimo
1390 437 1606 479 CCLXXIII,
1632 441 1671 473 V.
1696 442 1785 473 Ydus

129 482 287 514 ⁵Octobr.

224 748 285 800 12.
319 748 383 799 13.
418 746 939 801 PROTESTATIO
972 748 1073 801 DE
1106 749 1441 804 DISCIDIO
1475 751 1718 805 INTER

516 824 1184 880 ARCHIEPISGOPOS
1218 827 1430 881 ORTO.

822 927 928 964 1273.
972 928 1049 963 Oct.
1072 928 1131 964 etr.

526 1027 577 1059 12.
601 1027 725 1059 PROT
723 1028 812 1060 EST
811 1028 890 1060 AT]
897 1029 921 1059 (J)
945 1028 1087 1060 REGIS
1110 1029 1174 1059 ET
1195 1029 1418 1061 REGJNAE.

116 1102 139 1120 ιο
262 1088 490 1128 Autoyrafflzon
529 1091 709 1119 asservatur
749 1089 781 1119 in
819 1088 976 1119 tabulario
1011 1088 1148 1127 fflwmralt'
1182 1090 1268 1128 reflui
1301 1089 1465 1120 Bawariai
1499 1091 1621 1123 ‘illimis
1653 1093 1787 1130 Erxstzssft

155 1142 184 1171 2.
202 1140 372 1180 Nachtraq'
395 1141 473 1178 fasc.
492 1142 519 1178 1,
543 1140 635 1171 cuius
657 1140 821 1171 editionem
844 1151 864 1171 (ι
886 1141 974 1172 nobis
995 1141 1107 1171 ‘Neues
1123 1141 1248 1171 Archiv'
1264 1141 1403 1179 XXIII,
1419 1144 1460 1171 30
1486 1143 1548 1173 inm
1564 1147 1715 1182 paratam
1737 1144 1786 1174 hic

155 1191 329 1231 repetimus.
369 1191 515 1232 Siyclmm
538 1191 626 1223 valde
650 1192 768 1223 laesum
784 1193 900 1232 pendet
923 1192 986 1224 Zoro
1011 1193 1249 1224 membranaceo.
1275 1211 1314 1216 —
1338 1193 1482 1232 Bolemer,
1506 1195 1581 1234 Rcy.
1600 1196 1671 1234 imp.
1693 1196 1745 1233 VI,
1756 1197 1784 1226 5.

1497 1246 1551 1286 (P.
1574 1247 1680 1287 deest.)

262 1312 418 1344 Rudolfus
443 1313 506 1344 Dei
531 1313 640 1354 gracia
657 1313 874 1344 Romanorum
900 1324 958 1345 rex
983 1324 1110 1355 semper
1134 1316 1289 1354 augustus
1314 1316 1346 1345 et
1363 1314 1530 1346 Gertrudis
1555 1316 1664 1356 regina
1688 1316 1784 1347 eolla-

115 1376 138 1394 15
157 1364 265 1396 teralis
288 1364 389 1406 ipsius
413 1364 563 1396 omnibus
587 1369 753 1406 presentes
778 1365 901 1396 litteras
926 1365 1116 1406 inspecturis
1141 1365 1277 1396 salutem
1301 1366 1332 1396 in
1357 1365 1504 1398 Domino.

264 1425 345 1456 Cum
376 1436 434 1457 nos
457 1425 497 1457 ad
521 1425 673 1468 oppidum
696 1425 874 1467 Aquense³
898 1436 969 1457 cum
994 1426 1191 1467 principibus
1216 1426 1333 1457 nostris
1358 1425 1483 1457 dilectis
1506 1426 1545 1457 ad
1570 1427 1785 1468 recipiendum

157 1477 375 1508 coronacionis
402 1480 511 1509 nostre
535 1478 675 1519 insignia
691 1477 892 1509 venissemus
917 1482 949 1509 et
965 1478 1175 1509 coronacione
1193 1480 1302 1508 nostra
1324 1478 1410 1509 felici
1435 1488 1504 1508 cum
1528 1478 1638 1509 debita
1654 1479 1786 1510 celebri-

157 1531 223 1560 tate
247 1531 378 1571 peracta
402 1529 495 1561 sedes
519 1530 699 1572 principum
724 1529 898 1561 eorundem
928 1541 992 1561 una
1022 1540 1093 1560 cum
1129 1530 1260 1561 sedibus
1295 1530 1411 1561 nostris
1440 1529 1511 1560 hinc
1536 1530 1608 1561 inde
1640 1531 1670 1561 in
1699 1532 1786 1572 regia

157 1580 250 1611 domo
274 1584 384 1612 nostra
408 1581 543 1620 ibidem,
575 1585 671 1623 prout
694 1582 791 1613 moris
817 1582 943 1620 existit,
975 1592 1030 1623 pro
1060 1582 1300 1623 sollempnitate
1324 1581 1447 1622 prandii
1477 1582 1676 1621 locarentur,
1705 1583 1786 1613 inter

115 1648 139 1666 ευ
157 1632 360 1664 venerabiles
384 1633 546 1675 principes
570 1637 696 1665 nostros
721 1658 728 1665 .
753 1659 760 1665 .
784 1633 1008 1675 Maguntinum
1033 1637 1064 1664 et
1088 1658 1094 1663 .
1121 1659 1126 1664 .
1151 1633 1378 1664 Coloniensem
1403 1632 1662 1675 archiepiscopos
1692 1645 1786 1675 super

155 1685 298 1716 sessione
322 1696 342 1716 a
367 1685 490 1716 dextris
515 1689 564 1716 est
591 1689 661 1716 orta
678 1686 811 1716 materia
828 1685 1017 1727 questionis.
1053 1685 1196 1716 Tandem
1214 1685 1421 1726 Maguntinus
1438 1684 1609 1726 predictus,
1635 1696 1674 1716 ne
1699 1688 1785 1716 tante

155 1736 343 1768 festivitatis
367 1740 475 1768 nostre
500 1737 679 1768 iocunditas
710 1738 741 1768 in
770 1737 876 1778 aliquo
901 1737 1093 1775 turbaretur,
1119 1737 1193 1778 quin
1217 1737 1328 1778 pocius
1352 1737 1383 1766 in
1408 1736 1555 1767 omnibus
1580 1736 1620 1767 ad
1645 1740 1786 1768 nostrum

155 1788 350 1820 desiderium
373 1792 533 1830 ageretur,
559 1788 598 1819 ad
623 1799 772 1830 magnam
791 1791 973 1819 nostrarum
991 1791 1236 1829 ceterorumque
1253 1788 1430 1829 principum
1448 1798 1577 1829 precum
1596 1788 1785 1819 instanciam

156 1841 316 1882 questioni
340 1840 523 1872 huiusmodi
548 1852 611 1872 non
635 1841 765 1872 inhesit.
812 1840 913 1871 Immo
940 1840 1199 1881 recognoscimus
1230 1851 1287 1881 per
1310 1842 1479 1880 presentes
1509 1842 1541 1870 et
1570 1842 1681 1881 aperta
1704 1840 1785 1870 facie

115 1908 138 1928 25
157 1895 382 1935 protestamur,
408 1893 489 1934 quod
515 1904 571 1935 pro
596 1892 798 1924 celsitudinis
823 1895 931 1923 nostre
956 1892 1084 1930 honore,
1110 1895 1143 1922 ut
1168 1892 1198 1922 in
1224 1902 1262 1922 eo
1288 1892 1382 1932 plene
1407 1891 1599 1921 sinceritatis
1623 1891 1783 1929 affectum,

155 1955 251 1986 quem
274 1944 314 1975 ad
339 1955 398 1976 nos
422 1945 544 1976 habere
569 1944 757 1983 dinoscitur,
791 1943 977 1975 ostenderet
1001 1954 1058 1985 per
1082 1944 1250 1981 effectum,
1275 1943 1330 1973 illa
1354 1943 1421 1973 vice
1447 1942 1505 1973 sub
1530 1942 1786 1973 dissimulacione

156 1996 293 2037 quadam
319 1996 567 2028 commendabili
591 1996 809 2038 pertransivit,
834 1996 962 2037 publice
986 1995 1211 2026 nichilominus
1236 1994 1456 2036 protestando,
1481 1993 1565 2035 quod
1590 1995 1786 2035 possessioni

157 2048 310 2079 sessionis
334 2048 518 2079 huiusmodi
545 2048 622 2079 iuris
646 2049 696 2079 vel
720 2048 797 2078 facti
822 2047 905 2089 quod
930 2047 1028 2078 habet
1051 2057 1109 2088 per
1126 2046 1418 2077 dissimulacionem
1443 2045 1576 2076 eandem
1602 2056 1663 2075 non
1680 2045 1787 2075 valeat

154 2100 354 2141 inposterum
371 2100 529 2141 derogari,
554 2110 614 2131 nec
639 2099 698 2131 sibi
723 2103 755 2131 et
779 2110 835 2130 sue
854 2099 991 2130 ecclesie
1011 2098 1195 2139 Maguntine
1215 2108 1272 2139 per
1295 2098 1355 2128 hoc
1374 2097 1491 2128 debeat
1514 2097 1544 2127 in
1563 2097 1670 2137 aliqua
1694 2100 1784 2137 parte

114 2164 139 2183 30
158 2151 367 2193 preiudicium
391 2152 548 2193 generari.

261 2212 345 2243 Acta
368 2215 441 2243 sunt
465 2212 524 2243 hee
549 2211 632 2254 apud
657 2211 863 2253 Aquisgrani,
888 2210 996 2242 VIIII.
1020 2210 1092 2241 Kal.
1117 2209 1300 2248 Novembr,
1325 2209 1416 2250 regni
1442 2209 1538 2239 nostri
1564 2219 1645 2239 anno
1670 2209 1780 2249 primo.

607 2357 658 2389 13.
685 2357 871 2389 CHARTA
898 2356 1086 2388 COMITIS
1109 2355 1342 2387 PALATINI.

265 2418 411 2457 Superest
441 2418 475 2448 vin
506 2419 643 2457 copiario
671 2417 824 2448 tabularii]
854 2417 930 2456 νιῃῖὶ
954 2416 1200 2455 We'rsbnrgyense‘s
1231 2416 1351 2454 sigmate
1385 2414 1540 2444 ‘Mamer
1567 2413 1692 2443 Riirltcr
1726 2423 1786 2441 wr-

159 2469 340 2501 scleiedenen
370 2470 500 2501 Jnlmlls‘
524 2481 572 2502 nr.
588 2473 629 2501 :30
646 2481 680 2509 p.
700 2471 738 2500 55
771 2480 868 2500 mswm
891 2479 967 2499 saer.
988 2468 1078 2499 XIV
1095 2470 1240 2499 ararum,
1269 2478 1357 2505 quim
1382 2467 1444 2496 iam
1467 2465 1609 2494 adhibuit
1636 2464 1786 2493 (r'mlrnns

118 2536 141 2556 35
163 2522 196 2552 in
219 2521 340 2553 ‘Codice
370 2522 575 2561 diplomatied
601 2522 628 2558 I,
645 2524 707 2552 753
728 2531 776 2551 nr.
794 2523 864 2551 343.
915 2519 1053 2552 Contulit
1078 2520 1124 2549 rir
1146 2518 1181 2549 el,
1209 2518 1286 2549 (fam
1306 2518 1402 2548 cidem
1425 2516 1580 2547 {alualario
1599 2516 1783 2555 )1›‘‹ws}‚'‹·li(.s·.

158 2573 310 2604 Eiusdem
332 2574 397 2611 fere
419 2573 535 2605 tenoris
557 2576 600 2604 est
623 2584 660 2603 ac
682 2583 731 2605 πν.
750 2573 799 2603 12.
824 2591 863 2595 —
888 2572 1031 2608 Bolum,
1055 2571 1128 2610 Rey.
1153 2571 1225 2609 imp.
1251 2570 1304 2606 Vl,
1319 2573 1345 2599 (i.
1498 2567 1550 2607 (P.
1575 2567 1680 2602 ‹lues-L)

265 2668 424 2700 Omnibus
457 2672 625 2711 presentes
656 2669 778 2699 litteras
815 2667 1004 2709 inspecturis
1033 2665 1225 2697 Ludowicus
1257 2664 1318 2695 Dei
1351 2663 1457 2705 gracia
1487 2672 1593 2693 comes
1626 2659 1783 2702 palatinus

159 2720 242 2755 Beni
266 2720 331 2752 dux
354 2720 491 2752 Bavarie
516 2721 651 2752 salutem
676 2720 708 2753 in
731 2719 877 2752 Domine.

262 2806 306 2836 12·
326 2807 349 2839 a)
369 2809 458 2840 Aquefi
478 2817 514 2834 urv
