2259 3116
275 1639 322 1660 001,
336 1642 368 1662 16.

394 156 455 185 580
536 132 538 134 γ
1097 149 1284 176 APPENDIX
1306 150 1338 175 ΙΙ,

457 239 601 269 homines
626 237 762 267 civitatis
787 236 943 267 Senarunl
966 236 1183 277 predictarum
1207 237 1350 277 predicta
1380 237 1485 266 omnia
1512 236 1619 267 facere
1649 237 1864 277 contepserint
1888 237 1918 267 in
1943 237 2038 268 obro-

458 291 560 321 brium
586 289 721 329 predicti
746 288 863 320 domini
889 289 973 329 regis
1005 291 1037 319 et
1060 288 1198 319 Romani
1228 289 1354 330 imperii
1382 299 1419 318 ae
1450 288 1546 319 etiam
1578 289 1688 319 vicarii
1720 288 1888 327 antedicti,
1966 289 2039 320 ideo

459 341 621 382 predictus
651 340 797 371 dominus
828 341 964 371 vicarius
996 340 1106 371 bannit
1138 344 1169 370 et
1203 340 1326 371 banniri
1355 340 1432 370 facit
1459 346 1491 370 et
1522 340 1552 370 in
1584 340 1688 371 banno
1719 341 1807 381 ponit
1836 344 2039 381 potestatem,

457 392 671 431 consiliarios,
707 391 889 433 quindecim
924 391 1169 432 gubernatores,
1206 391 1384 428 consilium,
1418 402 1552 422 comune
1585 395 1616 422 et
1646 391 1790 422 homines
1824 391 1978 423 Senarum
2010 394 2040 423 in

458 445 584 485 triginta
609 443 737 474 milibus
761 443 962 474 marcharum
986 443 1060 473 boni
1086 447 1118 473 et
1142 444 1211 484 puri
1236 444 1370 483 argenti.
1396 446 1427 473 et
1444 443 1629 483 privationis
1652 444 1730 473 meri
1756 446 1789 473 et
1812 444 1894 473 misti
1918 444 2042 484 imperii

462 501 492 526 et
518 496 635 526 omnis-²¹
667 495 741 525 iuris
771 498 803 525 ct
831 494 1073 533 iurisdictionis,
1106 498 1137 525 et
1162 494 1246 535 quod
1277 495 1347 535 capi
1376 498 1408 525 et
1438 494 1574 524 detineri
1604 495 1726 535 possint
1756 498 1788 525 et
1819 505 1928 525 eorum
1958 495 2040 526 bona

460 548 608 588 occupari
637 557 693 587 per
722 550 822 576 totam
853 546 1049 587 provinciam
1081 546 1196 576 Tuscie
1228 550 1259 577 et
1289 557 1345 587 per
1374 550 1475 576 totum
1500 545 1680 576 Romanum
1710 546 1878 587 imperium
1902 547 2040 587 impune.

463 600 512 630 De
545 599 659 640 quibus
688 599 804 638 captis,
836 597 974 628 detentis
998 602 1030 628 et
1054 599 1216 639 occupatis
1248 603 1311 628 tam
1337 598 1467 628 realiter
1491 608 1586 638 quam
1610 597 1823 638 personaliter
1851 597 1912 628 due
1936 606 2043 639 partes

462 652 663 692 applicentur
695 660 822 680 camere
853 649 928 680 dicti
961 649 1081 680 domini
1106 650 1214 680 vicarii
1243 661 1300 690 pro
1330 649 1476 680 Romano
1506 650 1640 690 imperio
1674 652 1705 680 ct
1735 650 1828 680 tertia
1865 650 2041 690 occupanti.

459 703 502 733 Et
538 703 562 732 si
588 713 649 743 qua
680 701 832 742 predictis
861 701 900 731 de
926 700 1017 731 Senis
1047 712 1105 742 per
1128 702 1311 732 sotietatem
1335 701 1385 731 vel
1409 701 1472 731 alio
1496 700 1591 732 modo
1617 700 1754 731 debetur
1777 701 1926 742 pecunia,
1959 701 2042 742 quod

462 754 632 784 debitores
656 763 674 783 a
699 753 900 783 restitutione
926 756 958 783 et
981 753 1140 783 solutione
1164 753 1325 783 abstinere
1351 752 1491 783 debeant
1516 756 1548 783 et
1572 752 1612 783 ad
1629 753 1819 783 solutionem
1843 752 1894 783 vel
1917 754 2043 784 restitu-

460 807 578 836 tionem
596 805 776 835 nullatenus
793 808 972 844 teneantur,
998 808 1030 835 et
1053 805 1263 835 instrumenta
1288 808 1320 835 et
1337 805 1464 835 testium
1490 804 1576 835 dicta
1601 808 1632 835 01
1656 807 1836 835 contractus
1853 805 2043 846 quicumque

461 857 577 887 eximie
610 857 692 887 facta
728 867 880 897 suspensa
914 860 945 887 01
968 867 1050 886 vana
1078 857 1206 886 interim
1231 859 1436 895 censeantur,
1468 856 1569 887 donec
1599 855 1735 897 predicti
1764 856 1803 887 de
1829 855 1919 887 Senis
1943 856 2042 887 adim-

462 909 620 950 pleverint
644 909 749 938 omnia
773 908 965 949 supradicta.
1010 908 1059 938 De
1085 919 1146 949 quo
1171 908 1276 938 banno
1301 909 1389 938 exire
1414 918 1476 938 non
1500 908 1622 948 possint
1644 918 1703 938 nee
1728 908 1863 947 extrahi,
1887 909 1947 939 nisi
1971 908 2045 939 dieti

460 963 618 1001 potestas.
645 960 769 994 civitas,
800 960 965 990 consilium
991 963 1022 990 et
1046 970 1180 990 comune
1204 970 1262 1000 per
1286 970 1341 990 eos
1365 959 1416 989 vel
1440 970 1498 1000 per
1520 959 1698 1000 legitimum
1723 959 1877 990 sindicum
1902 960 2043 1000 legitime

462 1013 642 1043 ordinatum
668 1013 813 1042 venerint
837 1016 868 1042 et
892 1012 1056 1052 paruerint
1086 1015 1118 1042 et
1148 1011 1283 1042 fecerint
1316 1016 1348 1042 et
1375 1012 1573 1052 prostiterint
1601 1011 1679 1042 infra
1706 1012 1844 1052 quinque
1870 1011 1937 1042 dies
1961 1011 2044 1042 dicto

464 1065 592 1095 domino
624 1065 741 1094 vicario
780 1068 812 1094 et
850 1074 957 1094 coram
993 1064 1061 1104 ipso
1099 1064 1226 1094 nomine
1263 1073 1324 1104 quo
1357 1073 1450 1103 supra
1490 1063 1592 1093 omnia
1625 1062 1771 1103 predicta
1801 1066 1832 1093 et
1860 1062 1982 1104 singula
2013 1066 2044 1093 et

458 1116 625 1157 quodlibet
650 1115 875 1156 predictorum.

506 1168 626 1198 Datum
652 1172 683 1197 et
708 1167 825 1197 factum
850 1167 909 1197 fuit
933 1167 1052 1198 dictum
1076 1166 1216 1197 bannum
1248 1177 1306 1207 per
1334 1166 1471 1197 eundem
1498 1166 1663 1197 dominum
1686 1166 1837 1197 vicarium
1866 1177 1923 1207 pro
1948 1166 2046 1197 tribu-

464 1220 529 1250 nali
566 1219 732 1249 sedentem
772 1222 804 1249 et
833 1218 995 1260 gridatum
1029 1229 1087 1259 per
1123 1218 1345 1248 Bcnvenutum
1381 1218 1545 1259 publicum
1577 1217 1778 1248 bannitorem
1813 1217 1888 1248 (11011
1927 1218 2045 1250 domini

464 1272 581 1304 vicarii,
608 1282 684 1301 sono
710 1270 786 1301 tube
811 1271 978 1311 premisso,
1001 1271 1031 1300 in
1056 1270 1163 1311 platea
1189 1270 1270 1300 areis
1294 1271 1388 1300 castri
1413 1269 1520 1300 Sancti
1543 1269 1693 1308 Mimans,
1720 1274 1750 1300 et
1773 1269 1892 1300 lectum
1915 1281 1972 1311 per
1995 1281 2045 1301 me

463 1323 657 1353 Bonaiutum
687 1322 726 1353 de
757 1322 866 1363 Bur-go
893 1322 1017 1352 Colline
1046 1323 1203 1352 notarium
1234 1322 1332 1362 ipsius
1365 1321 1485 1352 domini
1512 1322 1630 1352 vicarii.
1674 1320 1883 1352 Presentibus
1913 1322 2046 1353 testibus

466 1374 593 1404 domino
618 1374 815 1411 Doncevallo
845 1374 885 1404 de
915 1373 1104 1410 Gocardinis
1136 1373 1176 1403 de
1206 1373 1353 1403 Bononia
1380 1376 1541 1414 potestate
1565 1374 1668 1404 Aretii
1703 1378 1735 1403 et
1757 1373 1855 1403 Nerio
1879 1373 2044 1404 Berardini

464 1426 581 1456 comite
607 1426 647 1456 (10
666 1426 833 1464 sau-teano,
859 1425 987 1456 domino
1012 1425 1144 1455 Andrea
1168 1424 1272 1456 iudice
1297 1425 1466 1465 capitaneo
1484 1424 1592 1455 Sancti
1615 1424 1756 1455 Miniatis
1780 1424 1915 1455 dominis
1937 1425 2045 1463 Berto,

464 1478 605 1508 Rodulfo
631 1482 663 1508 et
687 1478 805 1508 Iacobo
835 1477 874 1508 de
899 1477 1062 1518 Malpiglis
1090 1477 1166 1508 dicti
1195 1477 1271 1515 1001,
1303 1476 1431 1507 domino
1460 1476 1634 1507 Bindaceio
1663 1476 1703 1507 de
1732 1476 1917 1515 Galencano
1945 1477 2044 1508 milite
2063 1490 2073 1508 2

463 1530 632 1570 capitaneo
663 1529 770 1560 Sancti
799 1529 954 1567 Miniatis,
983 1529 1110 1559 domino
1136 1528 1278 1559 Orlando
1308 1528 1347 1559 de
1372 1528 1518 1568 Ver-ano,
1548 1527 1675 1559 domino
1699 1528 1834 1559 Alberto
1863 1529 2044 1559 marchione

463 1581 652 1621 Malaspine.
678 1581 805 1611 domino
832 1581 1075 1611 Branchalcone
1100 1580 1348 1611 archidiachono
1364 1580 1543 1617 Parmensi,
1567 1580 1653 1611 Nese
1678 1584 1710 1611 et
1734 1580 1829 1611 Totto
1853 1580 1893 1611 de
1915 1582 2045 1611 Amma-

464 1634 545 1663 natis
576 1636 608 1663 ct
637 1633 780 1673 pluribus
810 1633 889 1663 aliis.
935 1633 997 1663 Die
1027 1632 1176 1663 Mercurii
1205 1632 1295 1663 XVI.
1325 1632 1474 1671 Octubr.7
1509 1631 1567 1662 sub
1600 1643 1681 1663 anno
1714 1632 1844 1663 Domini
1877 1632 2044 1663 millesimo

467 1685 688 1715 ducentesimo
714 1685 934 1725 octuagesimo
959 1688 1066 1723 sexto,
1097 1684 1269 1714 indictione
1294 1684 1405 1723 XIIII,
1430 1684 1633 1724 pontificatus
1661 1684 1781 1714 domini
1803 1684 1939 1714 Honorii
1963 1694 2044 1724 pape

460 1736 535 1767 1111.
561 1747 642 1766 anno
667 1736 708 1766 ΙΙ.

502 1787 579 1817 Ideo
617 1798 677 1827 ego
715 1787 847 1817 Iacobus
880 1787 1019 1817 sindicus
1061 1787 1262 1828 supradictus
1297 1787 1471 1818 sindicatus
1510 1790 1542 1818 ct
1576 1788 1795 1828 procuratorio
1830 1788 1957 1818 nomine
1987 1798 2041 1828 pro

396 1839 480 1869 dieto
507 1840 649 1874 comuni,
680 1840 819 1869 sentiens
849 1850 905 1879 1110
937 1839 1028 1869 dictis
1056 1839 1183 1869 domino
1214 1842 1390 1879 potestate,
1421 1839 1603 1879 quindecim
1629 1842 1660 1869 et
1687 1838 1876 1869 officialibus
1902 1839 2042 1869 comunis

396 1891 571 1929 Seno—usis)
611 1895 642 1921 ct
679 1902 734 1931 pro
769 1892 836 1931 ipso
873 1891 999 1921 comuni
1034 1891 1196 1931 Sen(ensi)
1230 1894 1262 1921 et
1294 1891 1476 1921 hominibus
1510 1890 1586 1921 dicti
1620 1891 1779 1929 comunis,
1816 1894 1847 1921 et
1882 1890 2042 1931 predictos

398 1945 606 1982 potestatem,
633 1942 813 1982 quindecim
850 1946 881 1972 et
905 1942 1058 1972 officiales
1088 1942 1162 1973 dicti
1192 1943 1333 1973 comunis
1364 1946 1396 1973 et
1419 1943 1523 1983 ipsum
1552 1953 1686 1973 comune
1722 1946 1754 1973 et
1788 1942 1933 1973 homines
1968 1942 2042 1972 dicti

2063 713 2085 731 lo

2065 969 2086 988 1⁵

2063 1230 2086 1249 20

2062 1752 2086 1769 31)

397 1994 540 2024 comunis
575 1993 717 2024 indebite
754 1997 786 2024 et
821 1997 928 2024 eontra
966 1994 1118 2024 iustitiam
1154 1994 1279 2035 gravari
1316 1998 1348 2023 et
1382 1997 1532 2035 gravatos
1567 2004 1637 2024 esse
1671 2004 1711 2024 ex
1747 2004 1898 2034 processu
1932 2004 2040 2034 supra·
2060 2006 2082 2023 31

397 2045 481 2075 (11010
508 2049 539 2075 01
564 2045 666 2075 banno
698 2049 729 2075 ct
758 2056 797 2075 ex
823 2045 969 2075 omnibus
998 2048 1029 2075 et
1058 2045 1204 2086 singulis,
1234 2056 1295 2086 que
1324 2047 1353 2075 in
1387 2045 1538 2086 predictis
1567 2056 1719 2086 processu
1749 2049 1781 2076 et
1809 2045 1913 2076 banno
1942 2045 2040 2075 eonti-

397 2100 526 2135 nentur,
606 2096 646 2126 al·
672 2097 747 2136 ipsis
772 2106 923 2136 processu
948 2100 980 2126 et
1004 2096 1107 2126 banno
1133 2100 1165 2127 et
1188 2096 1334 2127 omnibus
1359 2100 1390 2127 ct
1417 2096 1559 2137 singulis,
1584 2107 1645 2137 que
1674 2097 1704 2127 in
1729 2097 1806 2137 ipsis
1830 2107 1981 2137 processu
2010 2100 2040 2126 et

398 2147 504 2178 banno
531 2149 649 2177 ctcirca
675 2159 710 2178 ea
738 2151 770 2177 et
795 2158 903 2178 00111111
929 2148 1095 2178 occasione
1121 2149 1334 2180 continentur.
1359 2151 1511 2188 tanquam
1540 2148 1581 2178 ab
1604 2149 1734 2189 iniquis,
1769 2149 1883 2179 iniuste
1909 2152 1939 2178 et
1969 2158 2039 2188 per-

400 2209 511 2239 peram
531 2198 663 2238 prolatis¹
681 2204 711 2229 et
731 2198 822 2228 factis
846 2198 886 2228 ad
904 2199 1139 2229 serenissimum
1164 2203 1196 2229 et
1213 2199 1458 2229 illustrissimum
1477 2198 1639 2229 dominum
1656 2199 1829 2230 Rodulfum
1855 2199 1917 2230 Dei
1940 2199 2038 2240 gratia

398 2260 509 2291 regem
528 2250 744 2280 Romanorum
771 2254 802 2280 et
824 2261 951 2290 semper
968 2254 1137 2291 augustum
1163 2254 1195 2281 01
1219 2251 1259 2281 ad
1283 2251 1380 2291 ipsius
1404 2251 1526 2291 regiam
1543 2251 1746 2282 maiestatem
1772 2255 1803 2282 et
1827 2251 1867 2282 ad
1884 2261 2039 2282 summum

398 2302 581 2341 pontificem
617 2305 649 2331 ct
679 2301 719 2331 ad
747 2301 924 2342 quemlibet
952 2302 1089 2332 iudicem
1114 2305 1351 2342 0001110101110111
1382 2306 1414 2332 01
1442 2302 1482 2332 ad
1512 2313 1607 2343 quem
1632 2303 1745 2333 melius
1770 2307 1802 2333 et
1825 2302 2041 2334 rationabilius

399 2363 494 2393 super
523 2353 582 2383 1100
612 2353 741 2393 negotio
772 2354 875 2383 valeat
901 2354 1057 2394 appellari
1095 2358 1126 2384 et
1157 2353 1196 2384 ad
1226 2354 1403 2394 quemlibet
1431 2365 1541 2385 corum
1569 2355 1599 2385 in
1623 2355 1758 2385 solidum
1783 2356 1812 2385 in
1837 2354 1897 2384 hiis
1919 2354 2041 2394 scriptis

399 2404 527 2444 appello
564 2408 594 2433 01
624 2404 809 2444 appostolos
839 2405 993 2434 instanter
1025 2409 1097 2445 peto
1130 2409 1161 2435 et
1196 2406 1309 2435 iterum
1336 2410 1426 2446 peto.
1461 2406 1548 2436 salvo
1573 2406 1640 2436 iure
1665 2407 1759 2436 michi
1785 2405 1866 2448 [pro]
1892 2405 2041 2446 predictis

400 2459 430 2485 ct
466 2455 607 2495 quolibet
644 2455 859 2496 predictorum
889 2460 919 2485 et
949 2456 1032 2485 dicto
1064 2457 1187 2487 comuni
1218 2456 1427 2497 procedendi,
1461 2468 1567 2487 eoram
1598 2468 1798 2498 quocumque
1827 2457 2039 2498 predictorum

400 2507 530 2537 voluero
556 2510 588 2537 ct
612 2507 779 2537 voluerunt
803 2507 937 2547 predicti
966 2515 998 2537 ct
1027 2508 1206 2547 predictum
1235 2519 1369 2538 comune
1400 2514 1432 2539 et
1462 2513 1573 2549 potero
1604 2513 1635 2540 et
1664 2513 1813 2550 poterunt
1846 2508 1981 2549 predicti
2009 2512 2040 2537 et
2074 2521 2080 2530 ν

401 2558 536 2598 quilibet
563 2558 778 2599 predictorum
814 2559 916 2599 magis
945 2559 1164 2589 rationabilius
1193 2562 1223 2589 ct
1253 2559 1292 2589 dc
1329 2561 1404 2590 11110.
1452 2560 1493 2590 Ε1
1527 2560 1565 2590 (10
1597 2560 1748 2601 predictis
1777 2560 1923 2591 omnibus
1951 2558 2039 2589 vobis

401 2610 528 2640 domino
554 2611 670 2640 vicario
695 2609 877 2650 supradicto
903 2621 959 2650 per
983 2621 1111 2640 manum
1138 2610 1287 2641 Iohannis
1316 2612 1430 2641 notarii
1461 2612 1653 2652 infrascripti
1681 2613 1828 2652 scriptam
1859 2612 1889 2642 in
1917 2610 2039 2651 scriptis

400 2662 524 2701 copiam
552 2662 695 2701 relinquo
721 2665 751 2691 01
774 2661 912 2691 «Inuicto.
982 2662 1027 2700 (2)
1055 2661 1129 2691 l'ost
1153 2673 1214 2702 quc
1240 2663 1443 2693 incontinenti
1470 2666 1580 2703 pateat
1596 2663 1770 2697 evidenter.
1795 2663 1878 2704 quod
1897 2663 2039 2693 dominus

402 2713 535 2743 vicarius
559 2713 759 2753 supradictus
785 2713 876 2743 dixit:
908 2712 957 2742 ’111
987 2725 1047 2753 ego
1076 2714 1145 2743 dico
1174 2714 1230 2744 tibi
1260 2714 1344 2744 dicto
1375 2715 1495 2745 sindico
1520 2715 1692 2746 sindicatus
1716 2715 1842 2745 nomine
1867 2713 2039 2754 recipienti,

502 2781 565 2806 1116.
585 2786 606 2809 ³¹„
628 2793 676 2806 ⁴¹llll
697 2792 733 2805 or.

2058 2260 2082 2277 ⁸0
