2259 3116
424 145 484 175 218
760 143 915 169 RUDOLFI
935 143 1039 169 REGIS
1059 141 1380 169 CONSTITUTIONES.
1419 141 1490 167 1279.
1528 140 1575 166 Nr.
1589 140 1646 166 228.
1659 139 1717 166 ⁶229.

424 232 532 270 veniri,
557 231 698 262 maxime
724 241 795 261 cum
820 230 859 261 (le
884 231 1004 261 nostris
1029 234 1062 261 et
1086 230 1224 261 ecclesie
1249 229 1395 260 Romane
1420 228 1558 269 negotiis
1583 229 1744 268 ageretur.
1790 226 1944 257 Miramur
1968 226 2064 268 igitur

424 294 482 314 ncc
508 282 637 324 indigne
662 283 759 313 animi
784 282 1003 313 concitatione
1027 292 1208 319 movemur,
1234 280 1318 322 quod
1343 291 1415 311 curn
1439 279 1576 311 dilectus
1600 279 1685 309 filius
1709 277 1864 309 Giffridus
1888 278 1928 309 de
1951 277 2062 319 Anag-

425 335 477 366 nia
505 335 646 366 decanus
676 334 813 365 ecclesie
845 334 947 365 sancti
972 333 1149 364 Audomari
1180 333 1375 364 Mor-iriensis
1408 331 1548 363 diocesis
1579 330 1766 372 capellanus
1796 332 1907 360 noster
1935 329 1993 360 tibi
2022 340 2063 361 ex

424 390 513 428 parte
530 390 640 417 nostra
655 396 751 428 super
764 386 945 417 huiusmodi
960 385 1099 427 negotiis
1117 385 1175 415 sub
1194 388 1282 416 certa
1298 384 1402 414 forma
1415 384 1538 414 litteras
1556 382 1750 424 apostolicas
1767 382 2015 423 presentassetl,
2031 384 2063 413 tc

425 439 520 469 certis
537 438 787 469 hesitationibus
804 437 983 477 dubitante,
1008 448 1086 479 quas
1105 447 1208 478 nuper
1225 436 1317 467 nobis
1335 447 1393 477 per
1410 435 1560 466 dilectum
1578 434 1676 464 fllium
1695 433 1878 464 Com-adum
1901 436 2064 464 cantorem

424 491 562 521 ecclesie
583 489 900 530 Aschafnburgensis
925 489 1118 530 Maguntine
1144 488 1281 519 diocesis
1305 491 1394 518 tuum
1419 487 1566 518 nuntium
1590 486 1754 525 intimasti,
1780 485 1908 516 obtatus
1932 484 2065 516 effectus

425 553 466 573 ex
497 542 619 573 eisdem
651 541 834 584 apostolicis
865 541 980 572 litteris
1011 552 1075 572 non
1100 540 1239 571 advenit.
1287 539 1380 575 Quod
1405 549 1442 570 co
1467 538 1597 580 gravius
1622 538 1654 568 in
1677 540 1709 568 te
1733 547 1793 568 nec
1817 537 1932 568 mirum
1957 540 2064 568 atten—

425 593 544 632 dimus,
580 604 641 635 quo
671 593 846 636 pontificali
876 593 1020 634 preditus
1052 592 1209 634 dignitate
1244 592 1357 623 maiori
1391 591 1510 622 teneris
1543 590 1715 621 affectione
1748 599 1937 630 precurrere
1961 589 2066 620 actui

428 646 577 687 exemplo
602 646 682 676 alios
707 646 850 677 excitare
876 644 915 675 ad
940 647 1121 675 nostrorum
1152 644 1391 675 observantiam
1415 642 1650 674 mandatorum.
1698 640 1806 676 Quare
1830 640 2066 672 fraternitatem

425 701 512 728 tuam
537 707 702 728 monemus
728 700 759 728 et
790 697 958 727 hortamur
987 700 1110 728 attente
1141 707 1198 738 per
1227 696 1408 738 apostolica
1436 695 1495 726 tibi
1527 695 1645 736 scripta
1678 693 1883 733 mandantes,
1915 693 2064 734 quatinus

426 750 543 780 nostris
568 753 600 781 ct
624 749 723 791 ipsius
748 749 883 780 ecclesie
907 748 1117 790 beneplacitis
1159 752 1190 780 te
1220 749 1423 779 conformans
1452 751 1597 778 tenorem
1628 746 1806 776 litterarum
1837 745 1979 787 ipsarum
2008 745 2066 777 tibi

426 810 482 842 per
506 800 709 842 capellanum
734 802 992 842 presentatarum
1018 799 1155 831 eundem
1182 800 1227 831 sic
1251 802 1398 841 prompte
1423 809 1460 829 ac
1484 797 1616 839 provide
1641 797 1819 839 adimpleas
1844 800 1876 828 et
1900 797 2065 837 observes,

427 852 511 893 quod
535 852 656 883 nullum
683 852 713 882 in
737 855 768 883 te
786 852 891 882 locum
910 851 1170 893 reprehensionis
1188 861 1313 882 morsus
1331 850 1484 889 inveniat,
1510 848 1567 880 sed
1585 848 1751 891 providam
1769 848 2064 890 promptitudinem,

428 914 522 944 quam
547 903 587 935 ad
611 914 669 935 nos
695 907 727 934 et
752 903 888 935 eandem
913 904 998 944 geris
1022 903 1208 942 ecclesiam,
1240 904 1271 934 in
1297 903 1355 933 hoc
1379 902 1562 944 specialiter
1585 904 1791 942 representes
1816 911 1875 932 nec
1899 901 2065 933 occasione

429 956 473 986 tui
497 955 665 997 dispositio
689 955 775 986 sedis
800 956 979 997 apostolice
1003 955 1246 996 quomodolibet
1269 955 1444 986 differatur.

532 1007 607 1038 Dat.
633 1007 770 1047 Suriani,
794 1007 870 1037 1111.
895 1006 968 1038 Kal.
995 1006 1207 1048 Septembris,
1231 1007 1435 1048 pontificatus
1460 1005 1562 1036 nostri
1587 1015 1673 1036 anno
1698 1005 1848 1037 secundo.

511 1134 586 1166 229.
611 1135 853 1166 LITTERAE
878 1135 1141 1167 CoNsENS'US
1164 1135 1462 1167 MARCIIIONIS
1485 1134 1750 1166 BRANDENB
1760 1133 1989 1166 URGENSIS

848 1187 1125 1218 SEPARATIM
1148 1187 1316 1219 DATAE.
1364 1189 1454 1218 1279.
1494 1188 1575 1227 Sept.
1598 1188 1647 1218 122.

534 1248 762 1287 Autuqraplmn
778 1248 913 1279 «τὶιιειῖωιι
931 1249 1083 1279 tabularia·
1099 1250 1188 1280 Arm.
1207 1249 1229 1279 I
1248 1260 1272 1280 c.
1294 1248 1381 1279 VIII
1402 1259 1451 1280 nr.
1471 1250 1489 1279 '7
1512 1247 1643 1279 contulit
1666 1247 1786 1278 Kaio-2.
1832 1246 1950 1277 Pendet
1972 1245 2066 1286 siqillt

426 1301 645 1339 ῥἀςμηιῐηίίιηι.
684 1300 801 1331 Edidit
825 1301 982 1340 Zacmiymi
1005 1301 1025 1331 l.
1043 1312 1066 1332 c.
1084 1301 1228 1341 rppcnd.
1249 1311 1281 1339 21.
1300 1303 1379 1338 110;
1402 1301 1496 1331 edisio
1522 1300 1668 1331 lecincri
1692 1300 1710 1331 l.
1727 1312 1752 1332 ι’.
1777 1299 1803 1337 I,
1822 1300 1886 1330 245·
1909 1298 1964 1330 sub
1987 1302 2067 1330 nvn&
2093 1312 2103 1330 2

427 1364 464 1383 ιιι·
491 1355 679 1383 trans-sumto
703 1352 857 1383 Iohannis
879 1353 915 1383 (lc
939 1352 1079 1384 Amdffl
1103 1355 1228 1391 sumpta
1251 1355 1304 1383 cst.
1351 1352 1384 1383 Γ.
1408 1353 1501 1383 ctiam
1524 1363 1623 1391 snpra
1652 1363 1726 1392 pay.
1749 1351 1811 1383 215
1841 1362 1872 1382 u.
1889 1353 1918 1381 3.
1964 1350 2066 1391 Scrip-

428 1407 494 1435 tma
517 1407 560 1435 est
583 1404 621 1435 ab
645 1404 766 1435 homine
790 1404 881 1436 Italo.
931 1404 980 1445 (f.
1005 1404 1148 1442 Balouos,
1173 1404 1247 1443 chl.
1267 1405 1337 1443 imp.
1358 1404 1411 1442 VI,
1430 1405 1522 1436 1075.
1787 1403 1840 1443 (P.
1857 1403 1962 1441 deest.)

538 1482 614 1513 Otto
635 1481 696 1513 Dei
714 1482 818 1523 gratia
835 1482 976 1513 marchio
994 1482 1297 1523 Brandeburgensis
1320 1482 1478 1513 universis
1495 1484 1681 1524 presentem
1698 1482 1849 1524 paginam
1866 1481 2066 1523 inspecturis.

535 1533 761 1574 Complectens
785 1534 824 1564 ab
849 1534 923 1564 olim
951 1533 1010 1564 sibi
1027 1534 1173 1565 Romana
1190 1537 1294 1564 mater
1317 1533 1455 1565 ecclesia
1479 1533 1616 1575 quadam
1642 1534 1733 1576 quasi
1757 1544 1912 1575 germana
1936 1533 2066 1564 caritate

429 1586 646 1621 Germaniam,
671 1585 756 1616 illam
781 1596 817 1616 co
841 1589 972 1616 terreno
997 1585 1161 1627 dignitatis
1186 1586 1313 1617 nomine
1338 1585 1513 1626 decoravit,
1538 1586 1623 1628 quod
1647 1589 1697 1617 est
1721 1597 1819 1628 super
1841 1596 1934 1616 omne
1951 1595 2065 1616 nomen

428 1637 647 1678 temporaliter
671 1641 794 1669 tantum
817 1637 1049 1679 presidentium
1073 1649 1151 1679 supe
1164 1650 1178 1669 1·
1203 1642 1332 1677 terram,
1356 1638 1507 1680 plantans
1537 1638 1569 1668 in
1593 1648 1632 1669 ea
1655 1639 1817 1681 principes
1841 1641 1992 1679 tanquam
2017 1647 2063 1668 ar-

429 1690 525 1721 bores
548 1691 728 1731 prcelectas
753 1694 785 1722 et
808 1691 916 1732 rigans
941 1691 1027 1732 ipsas
1052 1691 1157 1732 gratia
1182 1691 1355 1732 singulari,
1380 1690 1458 1721 illud
1483 1691 1529 1722 eis
1554 1690 1643 1722 dedit
1666 1692 1900 1722 incrementum
1924 1688 2066 1721 mirande

431 1742 583 1783 potentie,
608 1745 643 1772 ut
667 1742 769 1783 ipsius
795 1742 934 1773 ecclesie
959 1742 1152 1773 auctoritate
1180 1743 1302 1773 suffulti
1319 1742 1409 1773 velut
1432 1752 1563 1783 germen
1588 1743 1727 1774 electum
1751 1753 1810 1785 per
1825 1742 1966 1784 ipsorum
1983 1740 2067 1772 elec-

430 1793 548 1824 tionem
574 1793 662 1824 illum
687 1793 739 1834 qui
763 1793 853 1824 frena
875 1793 1035 1824 Romania
1059 1797 1185 1825 teneret
1209 1794 1352 1835 imperii,
1377 1794 1606 1835 germinarent.
1653 1794 1715 1825 Hic
1740 1797 1788 1826 est
1812 1793 1890 1825 illud
1913 1793 2067 1824 luminare

430 1845 532 1875 minus
556 1845 587 1875 in
612 1845 810 1876 firmamento
835 1846 999 1876 militantis
1025 1846 1164 1877 ecclesie
1182 1856 1238 1887 per
1260 1846 1414 1876 luminare
1431 1846 1534 1877 maius
1553 1846 1675 1877 Christi
1692 1846 1847 1878 vicarium
1864 1846 2066 1877 illustratum.

430 1897 492 1927 Hic
518 1900 577 1933 cst,
602 1898 654 1938 qui
680 1898 879 1928 materialem
905 1897 1047 1938 gladium
1073 1898 1112 1928 ad
1137 1898 1238 1939 ipsius
1263 1902 1375 1928 nutum
1393 1898 1517 1928 excutit
1534 1901 1566 1928 ct
1583 1899 1751 1937 convertit,
1776 1900 1811 1929 ut
1835 1898 1904 1929 eius
1928 1897 2066 1940 presidio

432 1951 594 1990 pastorum
635 1952 745 1990 pastor
781 1948 908 1979 adiutus
945 1960 1019 1979 ovcs
1055 1949 1115 1979 sibi
1147 1949 1284 1980 creditas
1315 1949 1472 1990 spirituali
1504 1949 1610 1991 gladio
1640 1950 1840 1991 protegendo
1865 1949 2067 1989 communiat,

431 2000 601 2041 temporali
626 2000 769 2031 refrenet
793 2004 823 2030 et
848 2000 987 2041 corrigat
1011 2000 1050 2031 ad
1074 2001 1249 2031 vindictam
1274 2001 1529 2040 malefactorum,
1563 2001 1691 2032 laudem
1715 2012 1790 2033 vero
1815 2001 2013 2033 credentium
2036 2003 2067 2032 et

432 2052 596 2083 bonorum.
693 2051 737 2082 l't
772 2052 868 2093 igitur
904 2052 1007 2082 omnis
1042 2053 1177 2083 materia
1212 2052 1424 2083 dissencionis
1461 2056 1493 2083 et
1528 2053 1672 2084 scandali
1707 2065 1764 2085 seu
1795 2054 1891 2085 etiam
1926 2052 2066 2084 rancoris

433 2103 560 2133 occasio
585 2103 666 2134 inter
692 2104 793 2144 ipsam
819 2104 990 2134 ecelesiam
1015 2107 1047 2134 et
1072 2104 1239 2145 imperium
1265 2104 1451 2135 auferantur
1475 2108 1507 2135 et
1524 2105 1568 2135 hii
1585 2105 1647 2136 duo
1666 2105 1765 2146 gladii
1782 2105 1813 2135 in
1830 2104 1923 2135 domo
1939 2103 2066 2135 Domini

433 2155 597 2185 constituti
623 2154 730 2185 debito
753 2154 862 2185 sedere
888 2155 1026 2196 copulati
1051 2166 1084 2186 se
1110 2156 1194 2197 ipsos
1223 2160 1397 2186 exerceant
1422 2156 1451 2186 in
1477 2157 1586 2187 utilem
1619 2157 1879 2188 reformationem
1904 2155 2065 2197 regiminis

433 2207 571 2237 universi
597 2210 628 2236 ct
654 2217 709 2236 nos
734 2207 764 2236 in
790 2209 861 2237 actu
888 2207 1062 2238 voluntatis
1088 2211 1119 2237 ct
1151 2208 1256 2248 operis
1289 2208 1490 2239 inveniamur
1518 2209 1574 2239 filii
1604 2208 1785 2240 devotionis
1818 2212 1849 2239 et
1882 2208 1983 2250 pacis,
2014 2207 2066 2249 qui

431 2261 495 2288 tam
520 2258 690 2288 ecclesiam
716 2268 809 2298 quam
835 2258 1002 2299 imperium
1027 2260 1198 2289 confovere
1228 2262 1395 2299 tenemur,
1420 2260 1571 2301 quicquid
1595 2271 1652 2302 per
1676 2260 1837 2292 dominum
1862 2264 2005 2291 nostrum
2027 2258 2066 2290 R.

433 2310 492 2339 Dei
518 2309 621 2349 gratia
644 2309 861 2339 Romanorum
891 2320 1000 2349 rcgcm
1033 2320 1161 2351 semper
1195 2315 1368 2350 augustum
1403 2311 1606 2342 sanctissimo
1637 2313 1717 2354 patri
1748 2316 1780 2343 et
1807 2312 1934 2343 domino
1959 2313 2066 2342 nostro

432 2361 560 2391 domiuo
587 2360 718 2391 Nicolao
743 2372 824 2401 pape
853 2361 908 2392 Ill.
934 2361 1064 2402 eiusque
1091 2373 1185 2392 succe
1197 2362 1342 2393 ssoribus
1375 2366 1407 2393 ct
1439 2363 1498 2404 ipsi
1522 2363 1668 2395 Romane
1699 2364 1835 2395 ecclesie
1859 2363 2065 2404 recognitum,

433 2412 667 2451 confirmatum,
699 2412 902 2450 ratiticatum,
932 2413 1131 2447 innovatum,
1162 2413 1201 2445 ‹le
1237 2425 1322 2445 novo
1352 2414 1519 2447 donatum.
1552 2415 1750 2446 declaratum
1779 2416 1846 2447 sive
1872 2423 2066 2451 concessum,

433 2464 570 2497 iuratum
603 2468 633 2493 ct
663 2467 767 2494 actum
800 2475 855 2494 scu
885 2465 1001 2495 factum
1033 2468 1081 2495 cst
1117 2476 1173 2506 pcr
1197 2466 1363 2507 privilegia
1388 2467 1438 2497 vcl
1464 2477 1664 2508 quecumque
1689 2468 1750 2498 alia
1775 2468 1893 2509 scripta
1917 2476 2065 2508 quorum-

433 2526 568 2556 cumque
586 2519 729 2545 tenorum
748 2526 844 2556 super
864 2517 1150 2555 recognitionilms.
1177 2518 1451 2552 ratificationibus,
1477 2519 1775 2560 approbationibus,
1799 2517 2063 2556 innovationibus,

434 2567 735 2599 confirmatiiniibus,
760 2567 994 2607 donationibus,
1020 2569 1285 2599 concessionibus
1311 2573 1342 2599 ct
1365 2570 1458 2600 factis
1484 2581 1540 2601 scu
1565 2570 1665 2611 gestis
1690 2574 1754 2601 tam
1778 2570 1913 2602 aliorum
1930 2570 2063 2611 impera—

434 2623 536 2649 torum
562 2622 593 2649 et
618 2629 729 2658 rogum
755 2618 969 2649 Romanorum
999 2620 1265 2660 predecessorum
1300 2621 1386 2659 regis
1416 2622 1561 2653 ciusdem
1586 2633 1680 2663 quam
1705 2622 1805 2664 ipsius
1830 2622 1914 2663 regis
1938 2624 1969 2653 et
1992 2630 2063 2662 spe-

536 2695 599 2721 2290
620 2698 641 2726 ἢ)
663 2697 756 2720 Romam
776 2705 812 2720 or.

540 2758 563 2789 1)
584 2758 670 2788 Supra
693 2760 802 2781 ›1r..·.'·.'‹›.
891 2760 916 2789 2)
945 2757 970 2782 Υ.
991 2757 1085 2783 ‘Mnas-
1105 2758 1210 2783 Arelas*
1231 2762 1279 2784 :551⁹
1299 2763 1391 2786 ›oz-17.
1479 2760 1505 2792 3)
1532 2759 1561 2786 V.
1583 2759 1674 2786 ibidem
1692 2763 1737 2786 ‘0¹75
1755 2767 1796 2785 nr.
1810 2763 1848 2786 22.

2093 706 2115 724 10

2093 965 2115 984 15

2093 1596 2116 1616 25

2093 1855 2116 1874 ³0

2091 2114 2114 2133 ³5

2090 2375 2114 2395 40

2088 2631 2112 2651 ⁴⁵
