2259 3116
310 409 358 433 ΑΝ.
376 409 407 428 2¹2.

436 110 496 139 {48
774 107 931 133 RUDOLFI
951 107 1055 134 REGIS
1074 107 1394 134 CONSTITUTIONES.
1432 107 1505 133 1291.
1542 106 1588 132 Nr.
1602 106 1659 132 459.
1672 106 1731 132 460.

538 194 618 225 Dise
644 197 798 236 satzunge
822 194 886 225 und
911 194 994 226 dirre
1018 194 1104 226 brief
1125 197 1204 225 wart
1227 195 1359 235 gelesen
1388 193 1453 224 und
1485 193 1541 224 der
1570 192 1721 224 lantfride
1746 195 1826 223 wart
1855 192 1990 224 irnfiwet
2013 193 2071 224 mit

437 246 494 277 der
516 246 636 277 fursten
661 245 725 277 und
749 246 805 277 der
828 247 1013 278 lantherren
1038 246 1101 277 und
1126 246 1183 277 der
1207 249 1289 277 stete
1313 256 1506 287 geswornen
1532 245 1625 275 eiden
1649 255 1689 275 an
1714 243 1785 275 dem
1813 247 1992 286 sunnetage
2016 255 2072 276 vor

437 298 508 328 dem
533 298 724 339 Palmctage
748 298 784 328 uf
805 297 878 329 dem
903 298 984 329 hove
1009 309 1047 329 zu
1072 298 1178 339 Spire,
1211 298 1251 328 da
1280 308 1353 328 man
1378 297 1460 328 zalte
1487 307 1547 327 von
1571 296 1672 327 Getes
1695 296 1813 337 geburl:
1842 299 1951 328 tusent
1975 297 2070 329 zwei-

435 349 572 380 hundert
594 349 658 380 und
683 350 752 380 einz
776 349 840 380 und
864 350 990 381 niunzic
1009 350 1070 391 jar.
1354 346 1356 348 ’

543 400 616 432 Und
641 404 719 432 wart
742 401 917 443 gestetiget
941 401 1089 433 derselbe
1114 401 1261 433 lantfride
1286 412 1346 432 von
1371 401 1433 432 den
1457 401 1593 432 nehsten
1618 399 1737 431 Ostern
1760 399 1840 431 uber
1864 399 1938 431 sehs
1959 400 2011 442 jar
2034 411 2070 432 ze

438 453 597 484 haltenne.

509 717 607 769 460.
644 716 811 769 MAN
824 716 1104 769 DATUM
1136 715 1241 768 DE
1279 715 1464 768 [URE
1498 714 1995 768 ADVOOATIAE

715 793 800 846 [N
840 793 1078 847 BONIS
1118 792 1802 846 CISTERCIENSIUM.

1113 896 1219 931 10291.
1265 895 1353 939 Apr.
1375 896 1410 930 9.

544 997 770 1037 Δνίιιίιιῃναῃὴωι
793 996 944 1027 tabularii
968 996 1112 1026 ,llsatime
1137 995 1296 1036 infimioris
1318 996 1475 1034 hucusque
1491 995 1642 1026 medicam
1659 995 1887 1035 descripsimus.
1929 996 2074 1036 S'iyillum

437 1051 640 1086 desideratur,
663 1049 727 1087 silis
749 1049 856 1079 sei-iaris
878 1049 966 1079 rabel?
989 1048 1099 1079 eoloris
1123 1048 1246 1079 rollolis.
1289 1048 1336 1085 Cf.
1355 1058 1451 1086 supra
1475 1058 1524 1079 ur.
1542 1047 1603 1077 4:35
1628 1050 1655 1077 ct
1672 1049 1744 1078 4:26.
1763 1066 1803 1070 —
1826 1048 1971 1086 Biilzmer,
1996 1048 2068 1088 Rey.

439 1103 508 1141 imp.
532 1102 583 1135 VI,
596 1104 690 1132 ..M-3¹⁸.
1785 1100 1837 1139 (P.
1862 1100 1966 1138 deest.)

544 1171 703 1201 Rudolfus
732 1170 793 1201 Dei
826 1171 930 1211 gratia
959 1170 1175 1201 Romanorum
1208 1180 1265 1201 rex
1295 1180 1424 1212 semper
1451 1173 1605 1211 angustus
1636 1170 1792 1200 universis
1825 1170 1906 1200 sacri
1936 1169 2072 1200 Romani

439 1223 563 1264 imperii
587 1223 735 1253 fidelibus
759 1223 893 1263 gratiam
918 1233 1007 1253 suam
1032 1226 1064 1252 ct
1087 1233 1180 1252 omne
1205 1222 1332 1253 bonum.

545 1274 592 1315 (1)
619 1274 651 1304 Si
676 1285 732 1315 pro
758 1275 896 1311 cunetis,
923 1285 1001 1315 quos
1028 1274 1208 1304 Romanum
1233 1274 1333 1305 ambit
1359 1274 1543 1315 imperium.
1574 1273 1614 1304 ad
1644 1274 1692 1304 sui
1724 1273 1801 1304 iuris
1831 1273 2072 1304 observanciam

438 1337 588 1367 sompnos
622 1330 653 1357 et
682 1326 806 1366 vigilias
837 1325 1051 1362 deducamus,
1077 1326 1216 1356 maxime
1247 1329 1354 1357 tamen
1387 1326 1474 1356 viros
1503 1325 1682 1367 religiosos,
1719 1325 1772 1367 qui
1804 1327 2071 1366 contempnentes

440 1379 580 1419 regimen
612 1377 719 1408 mundi
751 1377 810 1408 snb
834 1378 898 1408 vite
930 1377 1144 1408 sanctimonia
1169 1378 1311 1408 serviunt
1336 1378 1405 1419 regi
1429 1388 1557 1418 regum,
1591 1377 1622 1408 in
1654 1378 1719 1408 suis
1748 1377 1869 1408 iuribus
1900 1376 2069 1408 defensare

439 1440 641 1470 summopere
659 1440 715 1459 nos
733 1429 881 1460 delectat.
922 1429 1001 1459 Cum
1026 1429 1123 1469 igitur
1139 1430 1370 1460 monasterium
1395 1429 1427 1459 in
1444 1429 1675 1470 Nuwenburcg
1693 1428 1925 1471 Cysterciensis
1951 1428 2069 1460 ordinis

439 1492 510 1512 cum
535 1481 680 1511 omnibus
704 1481 769 1511 suis
794 1481 972 1511 attinentiis
998 1481 1218 1522 corporalibus
1244 1484 1276 1512 et
1301 1481 1554 1523 incorporalibus
1580 1491 1705 1512 necnon
1729 1481 1850 1512 iuribus
1876 1480 2070 1522 quibuscun-

439 1544 498 1574 que
524 1534 553 1563 in
579 1536 719 1564 nostram
745 1536 777 1563 et
800 1533 937 1563 Romani
954 1533 1087 1574 imperii,
1113 1534 1202 1564 velut
1219 1533 1386 1565 evidenter
1403 1537 1539 1576 apparet
1556 1535 1587 1565 in
1605 1534 1722 1565 nostris
1739 1533 1925 1576 patentibus
1943 1533 2070 1572 litteris⁷

438 1596 516 1626 quas
541 1585 670 1625 dignum
695 1584 844 1615 duximus
869 1584 974 1616 eidem
998 1586 1193 1615 monasterio
1211 1585 1432 1624 conferendas,
1457 1586 1693 1627 protectionem
1710 1586 1926 1627 receperimus
1945 1585 2068 1627 specia—

438 1638 517 1674 lem,
551 1637 642 1667 vobis
671 1637 829 1667 universis
862 1640 893 1667 et
924 1637 1057 1678 singulis
1087 1637 1305 1678 cuiuscunque
1338 1637 1549 1668 conditionis²
1577 1638 1701 1669 fueritis
1731 1638 1797 1669 sive
1826 1640 1929 1669 status
1959 1637 2070 1668 damus

440 1689 570 1719 tirmiter
594 1689 623 1719 in
650 1689 818 1725 mandatis,
844 1689 993 1729 quatinus
1018 1699 1112 1720 nemo
1138 1692 1279 1720 vestrum
1304 1689 1335 1719 in
1359 1690 1464 1726 terris7
1490 1689 1649 1730 grangiis,
1673 1689 1948 1731 possessionibus,
1973 1689 2068 1729 villis,

440 1740 560 1770 iuribus
585 1751 710 1771 necnon
734 1740 977 1781 quibuscunque
1002 1741 1180 1771 attinentiis
1205 1743 1369 1782 presumat
1394 1740 1432 1771 de
1458 1751 1539 1771 novo
1564 1740 1771 1772 advocaciam
1789 1742 1927 1782 aliquam
1945 1741 2068 1783 aliqua-

440 1793 512 1823 liter
530 1802 681 1823 exercere
700 1792 749 1823 vel
774 1802 831 1833 per
856 1791 985 1822 modum
1010 1792 1181 1822 advocacie
1207 1792 1255 1822 ius
1280 1791 1410 1833 aliquod
1427 1802 1591 1834 usurpare,
1616 1793 1755 1824 maxime
1780 1793 1811 1823 in
1829 1792 1920 1824 bonis
1945 1803 2006 1835 que
2030 1792 2068 1823 ab

439 1845 571 1885 antiquo
596 1848 739 1885 tempore
765 1845 881 1875 dictum
900 1845 1126 1875 monasterium
1152 1845 1210 1875 sub
1236 1848 1343 1875 nostra
1368 1847 1400 1875 et
1416 1844 1541 1886 imperii
1558 1845 1748 1876 defensione
1773 1848 1804 1876 et
1822 1845 1922 1877 tutela
1939 1845 2068 1887 speciali

439 1896 614 1927 dinoscitur
645 1896 841 1937 possedisse,
876 1897 1047 1938 presertim
1079 1907 1149 1926 cuin
1181 1907 1221 1927 ex
1246 1897 1408 1927 sententia
1431 1897 1612 1938 principum
1643 1900 1739 1938 atque
1771 1897 1847 1928 iuris
1876 1897 1908 1928 in
1932 1897 2069 1939 antiquis

440 1948 528 1978 bonis
553 1948 788 1989 Cystercicnsis
814 1948 931 1979 ordinis
957 1959 1050 1978 nemo
1074 1948 1134 1979 sibi
1159 1947 1334 1979 advocacie
1365 1948 1413 1979 ius
1439 1949 1488 1979 vel
1519 1959 1633 1979 nomen
1662 1959 1722 1980 nee
1750 1948 1868 1980 debeat
1891 1949 1942 1980 vel
1966 1948 2070 1980 valeat

440 1999 601 2030 ullomodo
627 2000 805 2032 vendicare.
852 2000 922 2035 Que
947 2000 1076 2041 quidem
1100 2000 1183 2031 bona
1207 2000 1238 2030 in
1267 2000 1338 2030 aliis
1367 2001 1484 2031 nostris
1509 2000 1696 2042 patentibus
1721 2001 1856 2033 litteris¹
1883 2004 1914 2033 et
1936 2001 2070 2032 aliorum

440 2051 607 2082 illustrium
633 2051 786 2093 [inclitelb
813 2052 1047 2083 recordacionis
1072 2063 1182 2093 regum
1208 2057 1239 2084 ct
1263 2053 1494 2094 imperatorum
1519 2053 1739 2084 Romanorum
1763 2053 1890 2095 plenius
1915 2055 1989 2084 sunt
2012 2063 2068 2084 ex-

440 2114 564 2144 pressa,
593 2104 631 2134 ad
656 2104 809 2134 maiorem
835 2104 1029 2135 evidentiam
1056 2105 1188 2135 inferius
1215 2104 1432 2145 exprimenda.
1523 2105 1571 2146 (2)
1595 2105 1666 2136 Hee
1696 2108 1805 2136 autem
1829 2106 1898 2137 loca
1921 2104 2069 2147 exprimi-

440 2165 508 2184 mus
534 2155 711 2193 sigillatim:
741 2159 862 2186 curtem
894 2156 923 2185 in
953 2156 1196 2186 Grebolzthuscn
1223 2166 1294 2186 cuni
1325 2156 1525 2197 appendiciis
1560 2157 1640 2195 suis,
1671 2160 1792 2188 curtem
1816 2157 1971 2199 Loupach
1998 2166 2067 2187 cum

440 2206 636 2247 appendiciis
661 2207 741 2245 suis,
776 2211 895 2237 curtem
919 2207 1113 2238 Wilenbuch
1138 2218 1207 2237 cum
1233 2208 1432 2249 appendiciis
1457 2209 1539 2246 suis,
1566 2212 1688 2239 curtem
1712 2208 1974 2240 Phaffenbrunne
1998 2217 2067 2239 cum

439 2258 636 2299 appendiciis
661 2259 742 2293 suis,
769 2263 889 2289 curtem
916 2259 1137 2289 ll'olicnsclieit
1163 2270 1232 2290 cum
1258 2259 1456 2301 appendiciis
1482 2260 1564 2298 suis,
1595 2263 1717 2291 curtem
1742 2261 1774 2291 in
1799 2260 1975 2292 Sufelheim
1998 2269 2067 2291 oum

439 2310 634 2351 appendiciis
663 2311 742 2340 suis.
779 2314 899 2341 curtem
930 2311 1136 2341 llekcnheim
1174 2321 1244 2341 cum
1273 2311 1471 2352 appendiciis
1507 2312 1589 2351 suis,
1626 2315 1746 2343 curtem
1778 2312 1963 2344 Harthusen
1997 2321 2065 2343 cum

439 2362 636 2403 appendiciis
661 2366 692 2393 et
723 2363 843 2393 iuribus
872 2363 953 2400 suis,
983 2366 1102 2393 curtem
1128 2363 1249 2393 Gemite
1280 2374 1350 2393 cum
1382 2363 1582 2405 appendiciis
1616 2367 1648 2395 ct
1678 2365 1800 2396 iuribus
1830 2364 1911 2403 suis,
1947 2366 2065 2395 curtem

442 2413 631 2444 liutcnlieim
663 2424 731 2443 cuin
761 2414 959 2455 appendiciis
990 2417 1020 2444 et
1052 2414 1173 2444 iuribus
1205 2415 1285 2446 suis.
1319 2418 1440 2445 curtem
1472 2415 1741 2447 Adelmanswilre
1770 2427 1841 2447 cum
1874 2414 2067 2457 appendiciis

439 2465 514 2503 suis,
539 2468 659 2496 curtem
684 2465 830 2496 Rotbacli
856 2476 926 2496 cum
951 2466 1147 2507 appendiciis
1172 2466 1245 2499 suis,
1271 2470 1392 2497 curtem
1418 2469 1448 2496 et
1473 2467 1579 2497 villam
1598 2467 1832 2498 Douchendorf
1853 2477 1923 2498 eum
1947 2475 2066 2508 appen-

440 2516 529 2547 diciis
555 2521 586 2547 ct
611 2517 731 2547 iuribus
763 2517 843 2550 suis,
876 2520 997 2547 curtem
1021 2517 1212 2547 liittcndorl’
1241 2528 1310 2548 cum
1342 2517 1540 2559 appendiciis
1577 2519 1660 2557 suis,
1695 2522 1818 2551 curtem
1843 2517 2064 2550 Dunnenheim

440 2579 510 2599 vum
535 2568 734 2609 appendiciis
760 2573 791 2599 et
816 2568 935 2598 iuribus
960 2569 1035 2602 suis,
1060 2572 1180 2599 curtem
1209 2569 1335 2600 hachen
1361 2580 1431 2600 cum
1457 2570 1656 2611 appendiciis
1672 2571 1748 2610 suis,
1773 2573 1896 2602 curtem
1914 2572 1946 2601 et
1962 2568 2064 2600 villam

541 2653 605 2680 460.
626 2652 733 2686 “stemma
752 2663 782 2679 eir
800 2655 964 2679 condictionis
983 2665 1019 2679 os,
1110 2654 1131 2683 ¹')
1151 2656 1221 2679 uncis
1240 2656 1339 2680 inclusa
1358 2661 1518 2681 evanuerunt
1536 2666 1572 2681 or.

544 2723 566 2754 l)
587 2724 659 2755 (Anac
679 2724 791 2747 serratam
811 2731 862 2747 non
883 2725 951 2747 sunl.

2099 1064 2121 1082 10

2097 1339 2120 1358 15

2096 1596 2120 1615 20

2095 1854 2118 1873 25

2094 2120 2117 2140 ³0
