2259 3116
422 110 478 140 148
758 105 915 132 RUDOLFI
935 104 1039 131 REGIS
1058 104 1378 131 CONSTITUTIONES.
1417 105 1490 130 1277.
1527 104 1574 131 Nr.
1590 105 1717 130 151.15‘2.

418 198 539 227 nostro,
564 197 599 224 ut
624 193 829 235 premittitur,
856 193 987 223 consilio
1013 196 1086 223 sunt
1103 193 1230 234 provisa
1255 192 1440 232 diligentius
1458 193 1680 229 observantes,
1705 191 1826 221 nullam
1853 194 1963 222 eontra
1988 202 2059 233 pre-

421 247 554 277 missam
580 245 817 287 providentium
836 245 1046 275 intentionem
1071 245 1101 275 in
1120 244 1245 275 Italiam
1264 244 1410 274 militiam
1436 245 1503 275 sive
1521 248 1651 285 gentem
1670 242 1776 273 medio
1793 246 1938 284 tempore
1962 243 2060 274 desti-

418 299 501 329 netis
538 298 667 337 facturi,
697 297 780 338 quod
811 296 992 327 huiusmodi
1026 296 1139 327 militia
1170 297 1237 326 sive
1267 306 1351 336 gens
1382 296 1441 326 iter
1465 306 1526 326 non
1552 298 1764 337 prosequatur
1788 298 2006 336 assumptum,
2036 296 2061 326 si

423 350 532 381 forsan
563 350 624 380 iam
656 350 719 380 iter
750 349 940 390 arripuisset
968 349 999 379 in
1032 348 1160 378 Italiam
1185 346 1352 385 veniendi,
1383 347 1558 377 consultius
1583 346 1795 383 attendendo,
1828 346 1911 388 quod
1939 357 1980 377 ex
2005 347 2062 378 hoc

421 406 532 433 contra
558 405 664 432 votum
692 405 724 432 et
747 401 988 443 beneplacitum
1014 400 1114 441 ipsius
1146 399 1230 430 sedis
1256 410 1292 429 ao
1318 402 1461 429 nostruin
1487 399 1651 440 premissis
1676 398 1866 430 tractatibus
1896 409 1960 429 non
1984 399 2064 430 levis

420 454 645 496 impedimenti
670 453 775 495 parari
805 456 917 495 posset
942 453 1083 491 occasio,
1115 456 1146 483 et
1177 451 1260 482 idem
1290 454 1446 481 tractatus
1477 461 1570 492 quam
1603 450 1875 492 periculosissime
1907 450 2064 492 impediri.

421 505 493 545 (11)
518 505 671 536 Ceterum
696 516 758 546 que
784 505 869 536 circa
894 504 1039 535 eiusdem
1065 503 1201 534 ecclesie
1227 507 1327 534 terras
1353 506 1385 533 et
1408 502 1595 544 specialiter
1619 502 1830 532 exarchatum
1851 501 2003 532 Ravenne
2027 512 2064 533 ac

421 558 626 599 Pentapolim
660 557 755 588 iidem
785 557 953 599 pontifices
978 556 1187 586 Innocentius
1217 559 1248 585 et
1271 555 1434 585 Iohannes
1467 565 1485 585 a
1509 558 1616 585 vestra
1644 554 1883 595 magnificentia
1913 564 1971 596 per
1991 564 2065 595 pre-

424 611 525 641 dictos
551 621 625 641 suos
650 611 778 641 nuntios
804 613 835 641 et
860 609 985 640 litteras
1011 609 1189 651 petierunt,
1219 618 1275 638 nos
1305 618 1375 638 cum
1407 617 1539 648 precum
1573 607 1727 637 instantia
1754 609 1940 648 repetentes
1966 606 2064 636 affec-

422 666 512 693 tuose
545 662 749 704 deposcimus
780 666 812 692 et
836 672 986 702 rogamus
1017 671 1099 691 nunc
1131 660 1246 690 saltem
1272 659 1369 690 celeri
1395 659 1587 689 executione
1613 658 1777 699 compleri.
1823 657 1983 689 Advertat
2006 658 2064 688 ita-

424 725 485 755 que
511 715 628 755 regalis
653 714 953 755 circumspectionis
978 713 1137 744 industria
1159 716 1344 753 presentem
1361 711 1461 752 ipsius
1486 711 1597 741 matris
1616 710 1755 741 ecclesie
1773 713 1891 740 statum
1918 713 1950 740 et
1966 709 2066 740 bene-

424 766 568 797 ficiorum
593 766 662 797 eius
688 777 749 797 non
774 767 953 803 immemor,
980 776 1037 795 sue
1063 764 1226 795 viduitatis
1252 762 1443 797 incomodiS,
1469 763 1584 804 quibus
1609 762 1648 793 ad
1673 772 1807 804 presens
1833 761 2002 803 premitur,
2027 761 2067 792 ab

427 819 489 849 illis
514 818 691 849 auxiliante
715 818 822 848 divina
847 817 992 859 potentia
1017 817 1167 847 celeriter
1190 814 1367 853 liberanda,
1393 814 1480 845 tiliali
1506 814 1723 855 compatiatur
1750 814 1879 844 affectu.
1925 812 1968 843 Et
1992 823 2068 843 ecce

423 870 577 901 dilectum
603 870 702 900 filium
734 870 922 910 religiosum
948 869 1050 899 virum
1080 868 1212 899 fratrem
1237 867 1411 898 Martinum
1442 866 1481 897 de
1506 866 1644 897 Tuscan.
1670 865 1790 896 ordinis
1814 865 2068 904 Predicatorum,

424 932 517 963 quem
542 921 604 952 fide
629 922 760 963 dignum
780 921 933 962 perhibet
951 920 1116 961 religionis
1141 920 1209 960 ipsa
1226 919 1392 960 professio,
1418 917 1456 948 ad
1476 921 1615 948 vestram
1640 917 1838 959 presentiam
1856 917 2068 957 destinamus,

423 977 459 1004 ut
487 977 658 1015 presentes
684 973 776 1004 vobis
807 975 934 1003 nostras
967 972 1092 1002 litteras
1124 973 1351 1012 representans
1385 980 1445 1011 que
1475 969 1680 1000 continentur
1708 969 1739 999 in
1770 969 1817 1000 eis
1846 969 1974 1000 oraculo
1998 969 2069 999 vive

424 1026 511 1056 vocis
537 1028 688 1066 exponat.

533 1077 607 1108 Dat.
625 1076 771 1113 viterbii,
798 1076 856 1108 VI.
875 1075 1041 1106 Kalendas
1067 1075 1216 1116 Augusti,
1241 1085 1324 1105 anno
1349 1074 1479 1104 Domini
1504 1073 1767 1112 MCCLXXVII,
1792 1073 1970 1115 apostolica
1994 1072 2070 1104 sede

427 1132 571 1160 vacante.

840 1222 914 1254 152.
938 1221 1222 1254 RESPONSUM
1245 1221 1397 1252 REGIS.
1444 1221 1542 1260 (Any.
1560 1221 1660 1259 Sept.)

533 1285 658 1315 Damus
681 1296 718 1315 ar
742 1284 768 1314 T
792 1295 840 1314 vr.
857 1285 937 1320 242),
966 1284 1002 1314 de
1024 1294 1083 1322 (μω
1107 1294 1132 1314 ν.
1157 1293 1256 1322 snpra
1280 1283 1323 1312 (nl
1344 1293 1393 1314 w:
1413 1284 1451 1312 14
1462 1300 1500 1304 ω
1511 1284 1559 1312 115.
1606 1281 1665 1312 Est
1688 1282 1820 1312 rubrum
1845 1281 2071 1312 Cardinalibus

427 1337 466 1367 de
499 1337 589 1366 obitu
618 1348 701 1378 pape
736 1340 768 1366 et
800 1336 966 1367 creacione
999 1336 1072 1366 novi
1104 1346 1198 1377 pape.
1245 1335 1294 1366 De
1325 1338 1458 1373 tempore
1486 1345 1511 1364 v.
1538 1334 1670 1374 Rcyesta
1698 1334 1831 1373 iwwmii.
1861 1352 1900 1356 —
1928 1333 2071 1370 Biffimer,

447 1390 501 1428 ἔρῃ.
519 1389 593 1427 imp.
618 1388 669 1425 VI,
687 1390 760 1418 857.
1789 1385 1840 1425 (P.
1858 1385 1966 1422 deest.)

537 1466 584 1497 Ex
615 1466 698 1497 alme
728 1466 838 1496 matris
870 1465 1008 1496 ecclesie
1038 1464 1162 1501 nubilo,
1195 1474 1254 1505 quo
1279 1464 1445 1495 viduitatis
1476 1464 1594 1494 amictu
1625 1463 1822 1494 circumdata
1851 1473 1935 1493 nunc
1963 1463 2072 1503 lugere

431 1519 645 1560 compellitur,
671 1519 796 1548 interne
822 1517 1056 1558 compassionis
1074 1517 1237 1553 instinctu,
1263 1516 1314 1557 qui
1333 1520 1549 1546 maternarum
1567 1516 1775 1546 afflictionum
1794 1518 1945 1556 expertes
1961 1524 2072 1546 revera

434 1581 491 1600 nos
516 1570 582 1600 fore
608 1580 670 1599 non
706 1570 843 1610 patitur,
876 1571 986 1599 nostra
1014 1567 1183 1609 precordia
1213 1568 1361 1608 gravibus
1393 1568 1515 1608 agitata
1547 1567 1693 1608 suspiriis
1731 1566 1840 1597 oculos
1869 1567 2072 1597 lacrimarum

430 1621 646 1652 inundacione
672 1621 854 1652 resolvunt.
884 1624 996 1662 utpote
1028 1630 1089 1661 que
1116 1620 1210 1650 vicini
1241 1630 1379 1660 presaga
1406 1619 1598 1649 discriminis
1631 1630 1671 1649 ex
1695 1618 1839 1649 Romane
1868 1618 1953 1649 sedis
1979 1628 2073 1649 vaca·

431 1674 522 1704 cionc
548 1673 673 1703 diutina
697 1672 921 1713 irreparabilia
951 1671 1196 1702 christianitatis
1231 1671 1359 1701 excidia
1389 1670 1608 1702 reformidant.
1655 1670 1740 1701 Sane
1771 1674 1806 1701 ut
1836 1674 1944 1701 cetera
1974 1670 2074 1711 pesti-

431 1725 534 1756 lencie
560 1735 679 1765 genera
704 1727 881 1763 taceamus,
915 1725 1030 1765 quibus
1056 1724 1085 1753 in
1112 1723 1258 1764 partibus
1277 1723 1457 1753 cismarinis
1482 1723 1613 1753 humani
1638 1723 1766 1763 generis
1783 1723 1931 1753 inimicus
1956 1722 2074 1763 ubique

433 1777 602 1807 deseviens
622 1777 704 1806 inter
725 1776 900 1806 catholicos
928 1786 1020 1816 reges
1046 1779 1077 1805 et
1102 1775 1263 1816 principes
1282 1775 1411 1806 horrida
1435 1775 1551 1805 bellice
1568 1775 1771 1816 tempestatis
1789 1775 1989 1805 irritamenta
2011 1773 2074 1804 dis-

437 1829 584 1859 seminat.
610 1828 766 1858 factioncs
785 1831 961 1868 exaggerat
987 1831 1018 1857 ct
1044 1827 1194 1858 edisserit
1213 1827 1405 1861 simultates,
1431 1831 1464 1857 ut
1480 1826 1622 1868 undique
1640 1837 1718 1868 gens
1743 1826 1773 1856 in
1792 1830 1922 1867 gentem
1947 1829 1979 1856 et
2002 1820 2093 1866 reg-¹

433 1891 507 1910 num
540 1880 694 1910 adversus
726 1890 859 1920 regnum
889 1879 1043 1910 atrociter
1077 1878 1309 1917 excandescat,
1342 1879 1561 1909 universitatis
1593 1882 1625 1909 et
1657 1878 1888 1918 singularitatis
1919 1878 2076 1912 catholice

434 1933 531 1962 debet
556 1933 670 1962 merito
695 1932 747 1972 pia
772 1931 868 1961 corda
894 1941 1126 1972 compungere.
1156 1941 1227 1969 vos,
1260 1931 1313 1971 qui
1345 1931 1423 1960 estis
1448 1930 1605 1960 micancia
1628 1930 1741 1960 domus
1766 1929 1925 1960 dominice
1950 1928 2075 1970 sydera,

436 1988 545 2026 potest
569 1983 732 2025 potissime
759 1982 796 2013 ad
823 1982 1106 2013 contribulacionis
1131 1982 1284 2023 precipue
1311 1983 1474 2012 lacrimam
1499 1992 1702 2012 commovere
1734 1982 1819 2012 illius
1851 1982 1997 2012 inmense
2021 1981 2075 2011 tri-

436 2036 625 2072 bulaeionis,
651 2035 746 2065 immo
770 2034 982 2065 desolacionis
1000 2034 1169 2071 acerbitas,
1194 2045 1257 2075 qua
1283 2034 1344 2064 iam
1362 2034 1462 2064 Terra
1487 2033 1615 2071 Sancta,
1641 2044 1702 2075 que
1720 2033 1948 2075 Redemptoris
1975 2032 2075 2064 nostri

437 2098 492 2129 pro
519 2087 610 2117 nobis
635 2087 735 2116 etl'uso
762 2086 998 2127 preciosissimo
1023 2086 1179 2126 sanguine
1205 2085 1322 2117 rubuit.
1348 2085 1472 2115 malleis
1498 2085 1679 2126 Agareniee
1705 2085 1943 2127 persecucionis
1968 2085 2076 2115 atteri-

437 2144 490 2169 tur
515 2143 547 2169 et
571 2149 654 2168 nunc
680 2138 776 2167 sentit
801 2138 940 2168 amarius
965 2148 1077 2168 manns
1103 2138 1232 2168 inimice
1258 2137 1431 2177 flagellum.
1477 2136 1559 2167 Nam
1591 2138 1672 2168 sicut
1697 2137 1814 2167 inclitis
1838 2136 1934 2178 Cypri
1960 2140 1992 2168 et:
2015 2136 2076 2167 Ar-

438 2191 543 2220 menie
570 2189 717 2229 regibus,
749 2189 924 2219 venerabili
952 2214 956 2219 .
982 2214 989 2220 .
1015 2189 1196 2230 patriarcha
1220 2188 1502 2219 lherosolimitano
1528 2199 1563 2219 ac
1588 2189 1659 2220 aliis
1685 2194 1769 2220 terre
1793 2192 1970 2219 memorate
1987 2198 2077 2229 mag-

439 2242 566 2272 natibus
593 2241 717 2281 lugubri
744 2241 833 2270 nobis
859 2241 1112 2271 annuiiciacione
1138 2240 1351 2271 scribentibus
1378 2241 1528 2271 seriosior
1552 2244 1641 2281 geste
1671 2241 1716 2271 rei
1742 2240 1842 2271 series
1868 2251 1925 2271 nos
1950 2239 2078 2271 edocuit

441 2293 617 2325 evidenter.
643 2293 728 2323 illins
753 2293 989 2333 preclarissiine
1015 2293 1154 2331 regionis
1180 2292 1369 2323 defecerunt
1394 2293 1524 2333 optima,
1550 2293 1644 2323 immo
1670 2302 1801 2333 prorsus
1827 2292 1857 2322 in
1883 2292 2076 2323 contrarium

440 2346 658 2379 diverterunt,
690 2345 851 2374 hostilium
884 2344 1046 2384 agminum
1072 2344 1185 2374 turmis
1216 2345 1244 2374 in
1272 2355 1342 2374 eam
1368 2349 1399 2374 et
1425 2344 1545 2374 incolas
1570 2345 1639 2374 eius
1665 2344 1907 2374 inhumanitatis
1932 2342 2076 2374 immani-

440 2402 505 2428 tate
532 2398 575 2427 sic
600 2397 865 2437 ‹legrassantilms
891 2397 1097 2426 incessanter.
1124 2396 1207 2437 qnod
1234 2407 1338 2437 panee
1364 2396 1504 2426 fidelium
1524 2399 1646 2426 restant
1670 2395 1773 2426 adhuc
1798 2396 1827 2426 in
1853 2395 1982 2436 regione
2007 2405 2077 2436 pre-

441 2449 688 2489 dieta-reliquie
725 2448 929 2478 conterende.
985 2448 1055 2477 lliis
1088 2449 1184 2487 igitur
1213 2449 1318 2478 causis
1356 2452 1386 2478 et
1420 2448 1491 2478 aliis
1523 2448 1667 2488 pluribus
1700 2447 1876 2477 rationibus
1908 2446 2078 2481 informati,

445 2501 645 2542 paternitatis
673 2504 776 2530 vestre
803 2499 1008 2540 prinleneiani
1040 2499 1248 2529 exhortamur
1277 2499 1434 2529 attencins
1465 2503 1496 2529 et
1522 2500 1698 2529 atl'ectuose
1728 2509 1890 2539 rogamus,
1922 2502 2079 2539 qnatenus

444 2552 537 2582 Urbis
564 2556 595 2582 ct
621 2551 706 2581 orbis
724 2551 843 2591 pariter
868 2551 1007 2581 evidenti
1033 2551 1248 2581 neccessitate
1268 2555 1400 2592 pensata
1421 2551 1521 2581 virum
1548 2555 1635 2581 tanta
1653 2551 1852 2591 perfectione
1870 2550 2077 2592 conspicuum

444 2604 604 2634 studeatis
631 2604 658 2633 in
686 2603 859 2644 apostolica
885 2604 960 2633 sede
987 2605 1158 2644 preticere,
1191 2603 1243 2644 qni
1270 2603 1299 2633 in
1325 2603 1394 2633 zelo
1420 2602 1479 2633 Dei
1504 2607 1535 2633 et
1568 2602 1692 2632 iusticie
1721 2602 1843 2643 absque
1868 2611 2079 2643 personarum

444 2656 631 2696 a‹·‹,·epti‹·ne.
658 2655 833 2684 communis
859 2659 1009 2696 appareat
1042 2659 1073 2684 et
1098 2655 1126 2684 in
1153 2655 1318 2684 caritativa
1344 2654 1514 2684 dulcedine
1543 2654 1666 2684 eunetis
1690 2653 1802 2684 at'tluat
1826 2653 1953 2695 pietatis
1977 2652 2079 2694 operi-

444 2707 515 2745 bns,
553 2706 634 2747 quod
674 2717 763 2736 suuni
800 2711 846 2736 est
882 2707 1052 2747 unicnique
1085 2707 1237 2746 equitatis
1275 2707 1303 2736 in
1336 2707 1453 2736 trutina
1489 2705 1664 2745 largiendo.
1715 2705 1811 2735 l‘nrro
1842 2705 2024 2745 religiosum
2050 2706 2080 2734 et

2094 667 2117 685 10

2097 929 2119 948 15

2098 1234 2122 1252 20

2100 1526 2123 1544 25

2103 1784 2126 1802 30

2103 2043 2125 2062 :15

2104 2302 2127 2321 40

2105 2563 2128 2582 ⁴5
