2259 3116
441 127 480 156 66
824 122 981 149 RUDOLFI
1000 121 1106 149 REGIS
1126 120 1445 149 CONSTITUTIONES.
1482 120 1558 147 1275.
1595 120 1642 146 Nr.
1659 119 1699 146 78.

540 271 593 303 78.
619 270 845 302 EPISTULA
870 269 1137 301 PONTIFIt'IS
1158 268 1463 300 PRINCIPIBUS
1486 268 1637 299 MISSA.
1684 268 1775 298 1275.
1821 267 1912 299 Febr.
1929 267 1978 297 15.

548 332 721 371 Eremfflar
755 331 984 370 archiepiscopo
1007 330 1174 361 Bremensi
1204 330 1355 360 directum
1383 329 1495 359 (Imaus
1527 339 1565 359 cz·
1594 328 1788 368 autom-apho
1811 327 2019 359 Hannoverae
2050 327 2082 358 iu

441 385 598 416 tabulario
622 385 704 424 ‘roffio
727 386 894 421 asservato,
920 383 972 413 cui
994 383 1147 421 appendet
1170 381 1253 413 bulla.
1270 381 1434 420 plumbea;
1457 392 1471 411 e
1493 391 1554 420 quo
1576 381 1641 411 iam
1664 380 1762 411 edidit
1778 379 1962 417 Sudmdorf
1979 379 2082 419 ‘Rem'-

439 436 549 467 strmn'
574 437 602 474 I,
622 438 684 467 122
709 446 758 466 nr.
778 437 827 466 64.
874 436 1006 467 Seri-ata
1039 437 1083 465 est
1112 437 1277 473 praeterea
1307 433 1394 473 apud
1426 433 1607 464 Boterdum
1635 432 1883 471 Neapolitanum
1912 432 1947 462 in
1972 431 2084 470 formis

437 490 553 527 variis,
577 500 655 528 quas
678 500 693 519 e
716 488 817 519 codice
841 487 994 522 tabularii
1024 486 1172 516 Vaticani
1200 486 1298 516 edidit
1324 485 1459 516 Theium·
1482 484 1499 516 l.
1518 495 1543 515 c.
1559 485 1586 521 Ι,
1601 485 1662 515 189
1685 495 1733 516 nr.
1751 486 1823 515 337.
1869 484 1983 523 Itaque
2005 493 2082 514 non-

440 541 528 572 nulla
551 552 631 581 qmte
654 541 833 580 discrepant
859 540 892 570 1η
908 539 1110 569 ιιηαιοέαίῖοησ
1127 538 1303 577 posuimus.
1346 537 1488 569 Ceterum
1506 547 1588 576 pars
1605 537 1698 576 prior
1721 536 1866 575 epistolae
1884 535 2084 575 principibus

439 594 551 624 missae
565 594 630 631 sere
646 593 770 623 omnino
787 591 953 623 coneordat
970 600 1039 621 cum
1055 601 1104 621 nr.
1123 592 1142 620 7
1146 592 1173 621 7.
1200 608 1237 612 —
1264 589 1409 620 Potthast
1426 599 1473 620 nr.
1490 589 1609 620 20990.
1633 589 1675 619 20
1685 589 1756 619 994.
1779 590 1822 618 20
1832 588 1903 619 995.
1938 587 2084 624 Bb'hmer,

440 645 514 685 Resy.
533 645 605 684 imp.
628 645 681 682 VI,
697 646 769 675 327.
1793 640 1847 681 (P.
1871 640 1977 680 deest.)

551 740 728 781 Gregorius
754 739 922 781 episcopus
953 749 1066 770 servus
1092 748 1259 769 servorum
1284 737 1347 768 Dei
1372 736 1549 768 venerabili
1574 736 1687 767 fratri.
1705 761 1712 768 .
1737 735 1979 777 archiepiscopo
2004 734 2084 766 Bre-

442 794 544 824 mensi
571 793 706 824 salutem
732 795 764 823 et
787 791 997 833 apostolicam
1022 790 1299 822 benedictionem.

550 844 781 876 Sacerdocium
814 847 845 874 et
874 844 1046 885 imperium
1079 853 1142 873 non
1177 843 1279 873 multo
1312 841 1444 873 differre
1470 841 1582 872 merito
1607 840 1767 882 sapientia
1791 840 1914 870 civilis*
1939 839 2086 872 asseruit.

445 897 609 939 Siquidem
633 897 688 928 illa
712 900 865 937 tanquam
891 896 1032 926 maxima
1056 895 1140 926 dona
1164 894 1230 925 Dei
1255 905 1273 924 a
1299 894 1411 925 celesti
1437 894 1554 924 collata
1571 892 1741 924 clementia
1758 891 1905 933 principii
1923 892 2088 933 coniungit

442 948 662 990 idemptitasb,
693 959 731 979 ea
759 948 846 979 velut
875 948 1005 978 auxiliis
1036 947 1155 978 mutuis
1188 957 1317 988 semper
1347 946 1477 987 egentia
1502 945 1647 986 suffragii
1673 945 1738 975 suis
1762 945 1847 975 inter
1870 944 1941 986 ipsa
1964 944 2087 975 vicibus

447 1000 625 1031 alternandi
649 1000 719 1030 unit
743 1000 921 1031 necessitas
947 1003 978 1030 et
1001 999 1041 1030 ad
1066 999 1247 1040 perfectum
1271 997 1381 1029 mundi
1407 997 1553 1038 regimen
1583 996 1748 1035 instituta,
1778 1000 1814 1026 ut
1837 996 1974 1026 alterum
1998 995 2087 1026 vide-

444 1053 520 1083 licet
545 1051 766 1094 spiritualibus
790 1052 904 1093 presit,
930 1052 1089 1093 reliquum
1113 1061 1189 1082 vero
1214 1050 1374 1081 ministret
1398 1049 1561 1086 humanis,
1596 1059 1659 1079 una
1683 1052 1715 1079 et
1739 1048 1852 1080 eadem
1877 1047 2087 1079 institutionis

449 1115 547 1136 causa
571 1104 674 1135 finalis
699 1104 769 1146 ipsa
792 1103 1062 1145 inseparabiliter,
1086 1103 1161 1134 licet
1185 1102 1244 1133 sub
1269 1102 1519 1133 ministeriorum
1538 1101 1726 1132 diversitate
1745 1100 1913 1132 coniuncta
1929 1099 2087 1141 designat.

445 1156 570 1187 Horum
595 1157 727 1197 insuper
750 1156 968 1187 necessariam
994 1155 1145 1186 unionem
1171 1155 1358 1185 alterutrius
1376 1153 1581 1184 considerata
1598 1153 1741 1184 carentia
1759 1152 1926 1184 evidenter
1949 1152 2089 1183 insinuat

446 1212 478 1239 et
501 1208 700 1249 emergentia
729 1207 845 1238 exinde
876 1206 1059 1238 discrimina
1089 1206 1306 1238 manifestant.
1352 1205 1529 1247 Imperium
1561 1215 1700 1246 namque
1732 1205 1764 1235 in
1794 1204 1971 1246 apostolice
2003 1203 2088 1234 sedis

446 1260 613 1291 vacatione
639 1270 695 1291 sue
724 1260 912 1291 destituitur
936 1259 1094 1290 directore
1130 1259 1258 1297 salutis,
1294 1258 1432 1289 ecclesia
1457 1268 1532 1288 vero
1564 1257 1596 1288 in
1620 1257 1725 1287 throni
1756 1256 1938 1287 cessatione
1967 1255 2088 1287 cesarei

445 1322 674 1354 oppressorum
709 1316 799 1354 patet
827 1311 1023 1349 incursibus,
1061 1311 1135 1341 dum
1169 1321 1226 1341 suo
1259 1310 1432 1341 defensore
1466 1310 1620 1351 privatur.
1667 1308 1789 1340 Curare
1818 1308 1927 1350 itaque
1957 1307 2087 1348 debent,

446 1374 558 1395 curare
589 1374 793 1405 summopere
823 1364 1043 1405 gubernantes
1068 1363 1205 1404 imperia
1236 1365 1268 1393 et
1298 1372 1398 1403 regna
1427 1365 1596 1403 regenteS‚
1629 1364 1664 1392 ut
1692 1360 1846 1392 ecclesias
1878 1363 1910 1391 et
1933 1370 2089 1402 personas

446 1416 682 1446 ecclesiasticas
706 1416 846 1455 foveant,
872 1415 1037 1446 libertates
1064 1418 1095 1445 et
1120 1415 1191 1445 iura
1214 1417 1366 1445 tueantur
1389 1415 1530 1456 ipsarum
1556 1417 1588 1444 et
1605 1413 1800 1454 temporalia
1823 1412 1884 1443 hiis
1901 1412 2090 1443 fulcimenta

447 1477 510 1498 non
535 1467 739 1505 subtrahunt,
765 1478 783 1498 a
809 1467 924 1508 quibus
943 1467 1155 1508 spiritualiter
1172 1466 1356 1505 fulciuntur,
1381 1466 1478 1496 immo
1502 1466 1534 1496 in
1552 1465 1637 1496 omni
1654 1464 1908 1506 promptitudine
1926 1467 2089 1506 tempora-

447 1520 520 1550 liter
545 1530 598 1550 eos
625 1519 852 1552 communiant.
878 1530 1011 1560 quorum
1029 1519 1169 1560 presidio
1188 1519 1369 1560 spiritualia
1387 1518 1545 1559 recipiunt
1566 1517 1774 1548 munimenta.
1815 1516 1879 1547 Sed
1904 1526 1962 1547 nec
1985 1516 2090 1547 minus

445 1572 498 1612 qui
540 1571 753 1602 ecclesiarum
788 1571 1010 1612 gubernacula
1038 1574 1155 1612 gerunt
1190 1581 1314 1601 summa
1355 1581 1424 1601 esse
1454 1575 1549 1601 cura-⁰
1579 1569 1726 1607 solliciti,
1763 1568 1849 1599 omni
1879 1568 2000 1599 debent
2029 1578 2089 1610 ope
2117 1582 2138 1601 2·

446 1627 612 1664 satagere,
642 1627 677 1654 ut
701 1634 795 1663 reges
827 1623 992 1664 ceterique
1022 1623 1173 1653 catholici
1202 1622 1365 1664 principes
1398 1621 1506 1652 debite
1535 1621 1680 1663 polleant
1713 1621 1899 1662 integritate
1934 1621 2089 1662 potentie,

446 1678 549 1705 status
579 1676 627 1706 sui
658 1674 858 1717 plenitudine
891 1675 1101 1716 integrentur.
1149 1674 1305 1705 Consulte
1337 1684 1475 1715 namque
1507 1673 1569 1704 illis
1603 1672 1779 1708 assistitur,
1809 1682 1943 1714 quorum
1974 1671 2090 1704 cedere

446 1727 543 1758 debet
567 1728 764 1769 prosperitas
796 1727 825 1757 in
851 1727 1006 1757 auxilium
1031 1727 1224 1757 assistentis.
1264 1725 1394 1757 Debent
1419 1725 1538 1767 quippe
1563 1728 1630 1756 toto
1655 1725 1712 1756 niti
1730 1725 1909 1763 conamine,
1934 1726 1969 1755 ut·
1992 1734 2092 1765 regna

2115 799 2138 818 1⁰

2116 1058 2139 1076 15

2116 1323 2140 1342 20

447 1789 528 1820 pace
554 1779 740 1812 refloreant.
771 1782 855 1809 statu
879 1779 1014 1821 pacifico
1040 1778 1185 1819 vigiantd
1210 1782 1242 1810 et
1266 1778 1498 1820 tranquillitate
1523 1777 1669 1808 fruantur
1692 1779 1811 1818 optata.
1858 1776 1894 1807 In
1917 1776 1977 1807 hoc
2003 1775 2087 1807 enim
2114 1767 2117 1771 ⁴

449 1831 597 1861 ecclesiis
624 1832 700 1872 ipsis
724 1831 843 1872 quietis
869 1835 901 1862 ct
924 1832 1013 1872 pacis
1039 1831 1173 1861 comoda
1197 1833 1422 1872 procurantur.
1468 1830 1568 1860 Porro
1593 1829 1810 1871 predictorum
1834 1831 1959 1859 attenta
1984 1827 2090 1859 eonsi-

448 1883 570 1913 dcratio
596 1894 658 1914 non
684 1883 844 1914 immerito
873 1883 1104 1914 conscientiam
1130 1886 1291 1914 nostram⁹
1315 1882 1451 1919 artabat,
1477 1881 1526 1912 utf
1550 1881 1590 1912 ad
1615 1881 1749 1923 collapsi
1772 1881 2008 1922 reparationem
2033 1880 2091 1910 im—

451 1935 531 1976 perii
562 1935 781 1965 sollicitudine
811 1934 920 1965 debita
954 1938 1166 1975 exurgentes.
1200 1935 1391 1965 electionem
1422 1934 1606 1964 unanimem
1637 1933 1676 1964 ab
1708 1933 1857 1963 omnibus
1892 1932 2091 1974 principibus

451 1997 562 2017 vocem
591 1987 620 2017 in
647 1987 804 2017 electione
830 1987 1033 2028 imperatoris
1058 1987 1270 2025 habentibus,
1305 1986 1463 2017 carissimi
1495 1989 1619 2016 tantum
1649 1986 1679 2016 in
1704 1984 1831 2016 Christo
1860 1984 1917 2015 filii
1942 1984 2090 2016 nostri..

452 2038 540 2078 regis
565 2037 700 2068 Boemie
725 2038 867 2075 illustris,
892 2039 945 2079 qui
970 2039 1030 2069 sibi
1054 2039 1101 2068 ius·
1126 2039 1155 2068 in
1175 2038 1323 2079 eligendo
1342 2038 1535 2079 imperatore
1553 2041 1737 2079 competere
1753 2037 1880 2075 asserit,
1905 2047 1968 2067 non
1993 2036 2091 2067 inter-

452 2089 603 2119 venientc
640 2100 816 2127 consensu,
852 2090 891 2120 dc
926 2091 1092 2121 carissimo
1128 2090 1158 2120 in
1190 2089 1318 2120 Christo
1354 2089 1418 2120 filio
1453 2092 1561 2120 nostro
1593 2089 1736 2120 Rudolfo
1766 2099 1843 2130 rege
1874 2088 2092 2119 Romanorum

454 2141 570 2172 illustri
596 2141 795 2172 concorditer
819 2142 1012 2172 celebratam
1039 2145 1070 2173 et
1095 2142 1273 2183 principum
1298 2141 1437 2183 ipsorum
1463 2152 1499 2171 ac
1523 2141 1666 2182 aliorum,
1691 2141 1834 2172 maxime
1858 2140 1911 2182 qui
1934 2150 2037 2182 nuper
2060 2140 2093 2170 in

453 2193 590 2223 concilio
624 2198 861 2231 convenerunt.
897 2194 1144 2235 multiplicatam
1175 2194 1358 2224 instantiam
1389 2204 1513 2224 necnon
1543 2197 1574 2224 et
1605 2203 1805 2224 communem
1831 2193 1923 2234 quasi
1947 2191 2093 2223 eiusdem

454 2245 580 2276 concilii
606 2245 778 2276 clamorem
806 2245 844 2276 ad
872 2246 973 2288 ipsius
999 2247 1084 2287 regis
1107 2246 1323 2276 Romanorum
1349 2245 1589 2288 expeditionem
1615 2246 1787 2277 instantem
1813 2244 1979 2275 benivolus
2003 2243 2094 2275 favor

455 2297 639 2328 admitteret
670 2300 701 2327 et
726 2300 872 2339 prompta
905 2298 1053 2328 executio
1078 2297 1259 2329 desiderato
1284 2298 1431 2339 impleret
1460 2298 1588 2328 effectu.
1634 2297 1707 2328 Illis
1732 2296 1894 2328 adiciebat
1919 2306 1981 2327 non
2005 2296 2093 2327 leves

458 2349 690 2379 sollicitationis
714 2350 856 2387 aculcos.
886 2349 968 2390 quod
998 2353 1124 2391 sumpte
1156 2349 1195 2380 de
1225 2350 1385 2391 preteritis
1415 2350 1598 2380 coniecture
1628 2352 1821 2390 argumenta
1850 2348 1927 2379 satis
1956 2347 2094 2378 efficatia

457 2402 633 2432 futurorum
670 2401 772 2442 ipsum
806 2400 1022 2431 Romanorum
1059 2411 1165 2441 regem
1200 2402 1340 2431 futurum
1375 2401 1568 2432 catholicum
1601 2401 1796 2443 principem,
1829 2400 1899 2430 Deo
1932 2399 2092 2437 devotum,

457 2453 600 2483 veritatis
626 2453 772 2489 amicum,
797 2453 968 2483 zelatorem
994 2453 1131 2491 iustitie,
1167 2453 1373 2483 favorabilem
1400 2453 1546 2483 ecclesiis
1576 2463 1611 2483 ac
1635 2453 1782 2495 personis
1807 2451 2037 2483 ecclesiasticis
2063 2454 2095 2481 et

455 2504 673 2535 ecclesiastice
702 2504 862 2535 libertatis
894 2505 1040 2535 sedulum
1075 2508 1290 2546 promotorem
1321 2505 1538 2535 verisimiliter
1566 2505 1802 2547 repromittunt.
1847 2503 1983 2545 Propter
2011 2502 2094 2544 quod

455 2560 630 2588 memorato
656 2556 869 2586 Romanorum
896 2557 962 2597 regi
987 2556 1247 2587 denominatione
1272 2557 1360 2597 regia
1384 2556 1422 2587 de
1448 2557 1580 2587 fratrum
1603 2561 1783 2587 nostrorum
1805 2556 1935 2587 consilio
1956 2555 2096 2596 ascripta

459 2609 629 2647 suasimus,
655 2611 687 2637 ut
712 2618 746 2638 se
772 2608 815 2638 sic
840 2608 1036 2650 disponeret.
1062 2609 1106 2639 sic
1131 2611 1269 2650 pararet.
1295 2607 1376 2648 quod
1401 2618 1471 2638 eum
1497 2618 1569 2638 enm
1595 2607 1635 2639 ad
1660 2608 1854 2646 unctionem,
1880 2606 2092 2638 consecratio-

564 2703 606 2729 ?S.
627 2708 649 2735 ¹¹)
670 2704 876 2728 merito-civilis
896 2704 919 2728 iu
941 2712 1033 2728 rasura
1048 2713 1084 2728 or.
1157 2702 1178 2734 b)
1193 2703 1362 2736 indempnitas
1375 2713 1411 2728 or.
1483 2704 1505 2736 c)
1519 2704 1585 2729 circa
1598 2713 1635 2729 or.
1706 2702 1731 2734 d)
1744 2704 1779 2728 sic
1792 2712 1829 2729 ον.
1899 2704 1920 2734 e)
1934 2706 2043 2727 vestram
2057 2711 2094 2729 or.

455 2750 472 2779 ¹)
493 2749 517 2772 ιἰι
538 2748 605 2772 [Ima
624 2747 684 2771 add.
705 2756 740 2771 or.

2119 1844 2143 1861 30

2120 2103 2143 2121 35

2121 2360 2146 2378 lo

2122 2619 2145 2637 45
