2259 3116
348 1211 402 1232 Nov.
421 1214 437 1231 l.

451 127 506 156 164
816 122 972 149 RUDOLFI
992 122 1097 150 REGIS
1118 122 1440 149 UONSTITUTIONES.
1478 122 1551 148 1279.
1589 121 1637 147 Nr.
1654 121 1710 147 119.

448 212 552 250 [laque
582 221 634 248 ca,
669 210 782 249 quibus
809 212 925 241 textum
958 221 1073 242 sanare
1104 210 1208 241 eonati
1237 220 1359 247 sumus,
1388 210 1479 240 miris
1510 209 1701 239 inclzcsinms.
1756 208 1803 246 (Υ.
1832 208 1984 246 Βϋῆηισν,
2013 208 2087 249 Rey.

445 264 519 302 imp.
542 262 594 300 VI,
613 264 704 293 1127.
1800 259 1853 297 (P.
1877 260 1983 300 deest.)

555 409 725 450 Magnifico
756 411 788 439 et
813 408 985 439 excellenti
1019 407 1154 449 principi
1185 407 1314 438 domino
1346 406 1535 447 Ed(wardo)
1567 407 1633 447 regi
1667 406 1799 448 Anglie,
1830 406 1958 437 domino
1982 407 2086 438 Yber-

447 461 516 499 nie,
551 460 623 491 duci
648 460 823 501 Aquitanie
855 459 971 490 illustri
1005 469 1082 489 suus
1114 459 1250 490 devotus
1282 461 1314 489 et
1339 459 1468 489 humilis
1493 458 1683 489 Basiliensis
1709 458 1882 500 episcopus
1907 469 1979 489 cum
2003 459 2088 490 omni

448 513 636 544 reverencia
660 523 694 543 se
719 514 865 553 paratum
890 511 928 541 ad
954 511 1065 552 quevis
1091 521 1211 551 genera
1236 510 1420 542 famulatus.

556 581 604 623 (1)
629 581 783 613 Memorie
808 591 964 612 revocans
990 580 1135 622 graciose
1160 580 1289 621 pietatis
1314 582 1421 610 vestre
1446 579 1555 621 gracia
1579 579 1676 620 plena
1699 579 1852 617 verbum,
1884 589 1946 621 quo
1981 579 2088 610 inclite

448 633 576 664 domine
611 633 722 675 regine
745 633 863 673 Anglie
895 632 1124 674 respondistis,
1155 632 1239 673 quod
1271 632 1450 662 Iohannam
1484 631 1604 662 claram
1635 633 1743 662 natam
1768 634 1908 662 vestram
1936 634 2089 662 nontam

448 684 670 715 Hartemanno
704 684 904 715 serenissimi
937 683 1055 714 domini
1084 684 1183 714 nostri
1209 683 1429 714 Romanorum
1458 683 1543 723 regis
1568 683 1684 713 illustri
1708 683 1772 713 filio
1801 693 1896 724 quam
1921 693 1991 714 mee
2016 683 2089 714 fidei

447 736 680 778 desponsastis,
708 734 829 778 [co]gor
852 735 965 766 merito
992 738 1098 766 vestra
1123 734 1162 766 ad
1186 735 1246 765 hoc
1270 746 1321 766 me
1348 735 1525 765 clemencia
1551 738 1688 775 cogente
1713 738 1746 765 et
1776 734 1815 765 ad
1844 735 1904 766 hoc
1933 745 1972 766 ea
1995 745 2089 776 quam

446 788 569 819 fecistis
594 787 690 819 michi
713 787 823 828 gracia
847 798 896 818 me
922 787 1041 828 ligante
1068 786 1181 817 merito
1206 786 1329 827 alligor,
1355 785 1438 827 quod
1457 786 1562 817 omnia
1586 790 1618 817 et
1642 786 1768 827 singula
1785 797 2001 828 promoveam,
2027 797 2087 828 que

446 839 529 870 bono
561 839 674 875 statui,
707 838 818 869 honori
849 841 881 869 et
911 838 1044 869 comodo
1068 838 1192 879 prefate
1225 841 1300 868 nate
1326 841 1432 868 vestre
1462 841 1599 878 possunt
1622 838 1808 879 prospicere
1833 838 1864 869 in
1888 838 2030 870 futurum
2054 842 2086 870 et

447 902 508 932 que
539 891 680 932 gloriose
712 890 879 931 dignitatis
904 893 1011 920 vestre
1036 890 1087 931 pie
1112 890 1288 920 clemencie
1314 892 1449 931 possunt
1474 889 1588 921 cedere
1612 890 1652 920 ad
1676 890 1842 921 honorem.
1886 890 2089 932 Quapropter

446 942 589 984 predicto
614 942 836 973 Hartemanno
871 942 971 972 multa
1005 941 1205 972 discussione
1230 942 1340 982 previa
1370 941 1515 972 consului
1547 941 1633 972 bona
1660 941 1737 982 fide,
1773 941 1856 983 quod
1890 942 2089 973 invictissimi

447 994 567 1024 domini
593 994 694 1024 nostri
719 993 934 1024 Romanorum
968 994 1054 1034 regis
1088 993 1221 1024 illustris
1254 993 1407 1034 genitoris
1437 993 1486 1023 sui
1517 993 1721 1034 presenciam
1746 993 1917 1024 accederet
1947 994 2087 1033 indilate,

447 1049 561 1087 petens
591 1049 623 1077 et
653 1049 739 1076 certa
763 1046 902 1087 probans
928 1046 1148 1087 experiencia,
1180 1049 1237 1075 ut³
1266 1045 1326 1075 hac
1357 1045 1442 1084 vice,
1472 1048 1643 1086 antequam
1670 1045 1820 1086 Angliam
1852 1046 2001 1085 intraret,
2032 1056 2088 1087 pro

448 1098 535 1139 regia
562 1098 725 1129 voluntate
750 1097 877 1128 ordinet
902 1108 994 1128 suuni
1020 1101 1149 1137 statum,
1174 1097 1248 1138 quia
1273 1097 1332 1127 hoc
1358 1095 1477 1139 iud['ico
1501 1095 1682 1139 con]dicere
1706 1097 1842 1128 nominis
1867 1098 1964 1129 vestri
1989 1098 2088 1139 glorie

449 1153 481 1180 et
510 1150 633 1180 honori.
722 1149 767 1190 (2)
794 1149 886 1179 Unde
915 1150 1060 1190 prefatus
1084 1148 1357 1190 Hart(emannus)
1383 1148 1501 1179 domini
1533 1149 1633 1179 nostri
1657 1149 1742 1189 regis
1767 1148 1986 1180 Romanorum
2012 1149 2089 1180 adiit

452 1202 664 1240 maiestatem,
689 1202 799 1232 volens
817 1202 900 1231 circa
916 1201 1035 1231 festum
1053 1200 1203 1231 Omnium
1223 1204 1402 1231 sanctorum
1418 1201 1426 1218 ¹
1445 1199 1483 1231 de
1501 1199 1642 1231 WVienna
1659 1211 1809 1232 reversus
1832 1201 1956 1231 nunciis
1976 1202 2089 1232 vestris

451 1253 606 1284 exhibere
643 1253 674 1283 in
710 1253 854 1294 partibus
892 1253 957 1283 suis
991 1251 1160 1283 iocundum
1193 1255 1225 1282 ct
1253 1251 1397 1293 hylarem
1431 1262 1615 1284 occursum.
1652 1252 1861 1293 quamobrem
1889 1252 1984 1283 credo
2014 1256 2088 1283 tunc

449 1306 602 1346 temporis
632 1306 739 1335 onmia
768 1305 841 1336 hinc
876 1305 948 1336 inde
978 1305 1060 1335 inter
1084 1314 1140 1334 vos
1172 1308 1204 1334 et
1234 1314 1343 1344 regem
1372 1302 1593 1334 Romanorum
1625 1304 1780 1345 promissa
1809 1314 1866 1345 pro
1896 1304 1960 1334 voti
1990 1304 2087 1335 vestri

449 1356 608 1387 desiderio
637 1356 792 1398 expediri.
839 1356 961 1387 Tamen
991 1360 1025 1386 ut
1048 1356 1181 1386 nucleus
1213 1356 1315 1386 omnis
1340 1355 1484 1386 veritatis
1511 1359 1615 1386 vestre
1646 1356 1845 1386 excellencie
1876 1355 1907 1386 in
1941 1356 2087 1387 omnibus

447 1409 588 1451 patefiat,
615 1412 722 1440 vestre
747 1408 988 1449 magnificencie
1014 1408 1159 1449 significo
1184 1407 1268 1438 bona
1291 1407 1365 1439 fide.
1390 1407 1473 1448 quod
1499 1407 1620 1448 primus
1645 1407 1804 1438 adventus
1828 1407 1949 1438 domini
1967 1407 2086 1438 Harte-

447 1461 554 1491 manni
579 1461 609 1490 in
629 1460 773 1501 Angliam
800 1460 858 1490 fuit
884 1460 1067 1490 infirmitate
1093 1460 1237 1500 legitima
1263 1459 1436 1500 impeditus
1448 1458 1470 1497 2,
1496 1458 1655 1490 secundus
1681 1470 1756 1490 vero
1782 1469 1858 1490 suus
1882 1459 1913 1489 in
1937 1459 2089 1500 Angliam

448 1512 604 1543 adventus
640 1513 700 1542 suit
728 1515 859 1554 propter
888 1512 1095 1553 negociorum
1121 1512 1352 1542 tumultuosam
1378 1510 1616 1541 multitudinem
1644 1510 1839 1549 retardatus⁷
1871 1511 1989 1542 tercius
2014 1521 2088 1542 vero

449 1575 489 1595 ex
513 1564 638 1595 desidia
665 1569 697 1594 et
721 1564 901 1605 neglicncia
926 1567 975 1594 est
997 1563 1153 1594 hactenus
1179 1563 1398 1604 imperfectus.
1443 1562 1511 1593 Nec
1544 1562 1684 1594 breviter
1718 1562 1851 1593 dicendo
1876 1563 2088 1604 neglienciam

448 1616 541 1646 valeo
573 1626 744 1653 excusare,
779 1615 852 1646 licet
887 1616 989 1657 ipsam
1022 1615 1183 1646 consulam
1213 1614 1394 1646 emendare.
1483 1614 1530 1655 (3)
1559 1614 1680 1657 Unlum
1711 1619 1816 1646 tamen
1846 1612 1888 1656 in]
1921 1614 2000 1654 fide,
2031 1625 2092 1656 qua

448 1667 540 1698 vobis
559 1678 686 1709 semper
710 1667 780 1697 volo
798 1667 936 1698 fideliter
953 1668 1065 1707 teneri,
1091 1667 1232 1698 seribere
1250 1670 1357 1697 vestre
1383 1666 1582 1697 excellencie
1606 1677 1669 1697 non
1699 1667 1844 1705 obmitto,
1869 1666 1953 1708 quod
1976 1677 2091 1697 nomen

447 1723 478 1750 et
507 1720 644 1753 famam,
678 1730 771 1760 quam
804 1719 842 1750 de
876 1720 1062 1750 constancia
1094 1724 1125 1750 ct
1156 1720 1331 1750 stabilitate
1363 1723 1470 1750 vestra
1501 1718 1647 1760 predicat
1674 1722 1761 1749 totus
1795 1718 1945 1758 mundus,
1977 1718 2007 1748 in
2031 1718 2091 1749 hoc

447 1772 531 1802 facto
561 1774 761 1802 constantem
794 1775 825 1802 et
863 1772 987 1802 firmum
1024 1782 1079 1802 vos
1113 1770 1309 1813 exhibend[o
1334 1771 1440 1802 velitis
1465 1769 1576 1813 o]pere
1601 1770 1765 1801 declarare
1790 1774 1822 1801 et
1849 1770 1946 1801 michi
1984 1773 2090 1801 vestro

446 1823 563 1854 devoto
599 1823 744 1853 servitori
774 1823 804 1853 in
839 1823 897 1853 hac
928 1827 1018 1864 parte
1048 1823 1240 1854 fiducialiter
1270 1826 1376 1854 vestre
1408 1823 1585 1853 voluntatis
1620 1822 1858 1864 beneplacitum
1891 1822 2088 1853 rescribatis.

447 1875 509 1906 Pro
541 1878 626 1905 certo
658 1878 804 1905 tenentes
838 1875 867 1905 in
898 1875 959 1905 fide
990 1878 1022 1906 et
1052 1875 1269 1913 consciencia,
1302 1885 1364 1916 qua
1394 1878 1506 1905 teneor
1536 1874 1613 1905 Iesu
1638 1874 1782 1913 Christo,
1808 1873 1894 1916 quod
1918 1878 2088 1915 antequam

448 1927 563 1958 vellem
596 1927 626 1957 in
658 1928 822 1968 promissis
854 1927 936 1958 inter
961 1937 1016 1957 vos
1041 1930 1072 1957 et
1097 1926 1260 1957 dominum
1286 1931 1427 1957 nostrum
1451 1925 1670 1956 Romanorum
1695 1936 1804 1967 regem
1830 1929 1967 1957 vestram
1991 1917 2090 1955 ‘filiani

449 1978 604 2015 fraudari,
639 1979 747 2019 pocius
781 1979 933 2019 eligerem
970 1989 1027 2020 per
1062 1978 1223 2009 biennium
1264 1982 1295 2009 et
1329 1978 1411 2008 ultra
1449 1989 1467 2008 a
1497 1981 1607 2008 nostra
1630 1977 1762 2019 dyocesi
1795 1977 1926 2008 exulare
1951 1980 1982 2008 et
2010 1986 2090 2007 nun-

449 2041 542 2071 quam
576 2030 693 2060 domini
725 2031 822 2060 nostri
859 2030 1078 2060 Romanorum
1112 2031 1195 2071 regis
1225 2031 1334 2071 gracia
1366 2030 1526 2063 rcfortari.
1558 2040 1628 2060 cuni
1657 2030 1760 2071 ipsam
1793 2029 1825 2059 in
1849 2029 1965 2067 filiam,
1989 2028 2090 2059 domi-

450 2092 521 2112 nam
549 2085 580 2111 ct
605 2092 756 2122 sponsam
783 2082 877 2111 michi
902 2093 960 2123 per
984 2080 1208 2123 dign[acionis]
1233 2086 1338 2112 vestre
1358 2081 1455 2112 verba
1473 2081 1640 2121 graciosab
1665 2081 1886 2122 adoptaverim
1905 2081 2089 2122 specialem.

448 2133 497 2173 (4)
524 2133 675 2163 l‘retcrca
699 2133 738 2163 ad
764 2134 932 2164 clementis
959 2134 1109 2164 bonitatis
1128 2138 1231 2165 vestre
1256 2133 1471 2164 desideratam
1497 2134 1610 2163 facicm
1636 2133 1749 2163 libenti
1773 2132 1963 2164 accederem
1981 2132 2089 2163 volun-

450 2188 526 2223 tate,
552 2185 577 2214 si
603 2195 664 2214 non
682 2189 814 2226 propter
831 2186 1007 2216 exercitum
1034 2186 1062 2215 in
1082 2185 1245 2216 Austriam
1272 2189 1381 2215 contra
1400 2196 1508 2226 regem
1527 2184 1659 2215 Boemie
1677 2185 1806 2215 ductum
1831 2184 1936 2215 adhuc
1959 2184 2089 2214 fuissem

449 2237 620 2266 nimiorum
650 2236 830 2267 debitorum
850 2248 947 2267 onere
967 2240 1188 2278 pregravatus.
1228 2237 1350 2267 Tamen
1377 2247 1447 2267 cum
1473 2247 1530 2278 per
1548 2236 1609 2267 Dei
1627 2237 1766 2277 graciam
1792 2237 1889 2267 cicius
1913 2235 2088 2272 relevabor,

450 2288 489 2318 ad
515 2291 675 2318 vestrane·
705 2289 936 2319 excellenciam
964 2289 1100 2324 veniam,
1126 2288 1254 2329 quando
1280 2292 1311 2318 et
1335 2288 1388 2319 ubi
1407 2292 1514 2319 vestre
1539 2288 1698 2329 placuerit
1721 2288 1893 2325 maiestati,
1918 2286 2088 2318 dummodo

450 2340 676 2370 serenissimus
703 2340 851 2370 dominns
878 2344 986 2371 noster
1010 2340 1225 2371 Romanorum
1252 2351 1307 2371 rex
1342 2340 1441 2370 nostri
1467 2340 1573 2370 valcat
1602 2350 1727 2372 carere.
1757 2340 1830 2381 quia
1862 2339 2006 2369 dominus
2031 2348 2086 2369 rex

450 2391 592 2431 Ungurie
619 2392 680 2421 iam
711 2391 857 2422 Romane
883 2392 1018 2423 ecclesie
1046 2397 1077 2422 et
1102 2392 1172 2422 fidei
1198 2392 1357 2422 cliatolice
1384 2402 1417 2421 se
1442 2391 1557 2422 dicitur
1581 2391 1794 2433 opposuissc³
1819 2394 1850 2421 ct
1872 2394 2004 2431 propter
2027 2389 2085 2419 hoc

542 2464 556 2476 h

553 2538 614 2564 179.
643 2543 665 2561 ¹¹1
688 2544 714 2562 ιιῑ
741 2539 935 2570 supetarci-[lulum
964 2548 1039 2570 v<nlmi-
1065 2540 1084 2563 si
1110 2539 1189 2563 delas»
1213 2548 1248 2562 or.
1356 2537 1379 2562 ¹¹)
1404 2539 1514 2569 sequium·
1534 2539 1589 2569 eleg
1608 2539 1713 2563 deletum
1735 2547 1771 2562 or.
1869 2537 1891 2569 ι”)
1911 2537 2021 2568 seqnitur
2039 2544 2087 2568 exp

449 2584 553 2607 ,lt-laum
576 2592 612 2607 or.

555 2712 577 2744 l)
601 2712 637 2743 (71
661 2716 766 2737 ›12:175.
855 2714 879 2739 ‘ll
909 2711 933 2736 l'.
953 2719 1036 2743 snpra
1058 2715 1162 2738 ›11:151‘.
1251 2714 1276 2736 ῑὶ)
1299 2713 1338 2743 (Ὶζ
1360 2712 1422 2745 Ιιίῃ,
1445 2713 1502 2744 imp,
1526 2711 1568 2743 VJ,
1586 2716 1656 2737 103⁹.
1678 2715 1743 2737 1127,

2118 796 2140 815 10

2118 1055 2139 1073 15

2116 1312 2140 1331 20

2116 1578 2139 1596 25

2117 1833 2140 1852 30

2116 2091 2138 2110 ³5

2114 2347 2138 2365 40
