2259 3116
442 108 498 137 136
785 105 941 131 RUDOLFI
962 105 1064 132 REGIS
1084 104 1406 131 CONSTITUTIONES.
1444 105 1517 130 1277.
1554 103 1743 130 N1·.140.141.

437 193 620 230 documenti,
643 202 702 232 qao
716 193 820 231 qratia
838 193 873 223 *in
890 193 983 231 pacis
1000 192 1082 231 Sept.
1098 195 1147 224 12.
1165 193 1348 231 compositae
1371 202 1394 223 c.
1409 195 1427 223 4
1446 194 1472 223 et
1490 195 1509 222 (J’
1520 193 1678 233 promissa
1695 192 1873 223 conceditur
1888 194 1917 223 ct
1932 195 2072 233 augetur,

436 257 460 276 v.
486 246 618 286 Reyesta
641 245 774 284 ‘inlperiL
801 264 836 268 -
862 245 1006 283 Biilmaer,
1031 245 1104 284 Regl.
1122 246 1196 284 imp.
1216 244 1268 282 ΓΙ,
1282 247 1355 277 884.
1792 244 1844 283 (P.
1862 245 1969 284 deest.)

542 323 756 365 R(udolfus)³
779 323 841 354 Dei
865 324 975 365 gracia
998 323 1217 355 Romanorum
1242 323 1318 354 rexb
1343 327 1401 354 ete.
1428 323 1584 354 universis
1608 323 1746 354 Romani
1770 323 1894 364 imperii
1925 323 2074 355 fidelibus

436 380 604 418 presentes
628 376 752 407 litteras
778 376 969 418 inspecturis
994 376 1135 417 graciam
1160 386 1249 407 suam
1274 379 1306 407 et
1330 386 1423 406 omne
1447 376 1576 407 bonum.

542 428 612 459 Etsi
636 428 832 470 generaliter
855 428 895 459 ad
920 438 1031 459 omnes
1057 428 1182 470 imperii
1207 428 1347 459 Romani
1374 427 1485 459 fideles
1515 427 1739 459 benivolencie
1772 429 1881 458 nostre
1906 427 2074 458 dexteram

436 481 612 512 debeamus
637 480 812 512 extendere
836 479 1035 524 debitricem,
1061 480 1100 511 ad
1124 480 1288 522 principes
1313 483 1421 511 tamen
1445 480 1598 522 precipue
1623 479 1820 521 principatus
1845 479 1979 519 amicos,
2004 480 2072 521 qui-

436 533 496 564 bus
520 532 594 564 date
619 532 711 564 nobis
736 532 889 563 divinitus
914 533 1064 575 potencie
1083 532 1259 563 fulciuntur
1284 532 1430 572 honores,
1456 543 1513 563 nos
1539 531 1633 563 decet
1651 531 1821 573 specialius
1840 530 1950 561 oculos
1966 533 2074 562 nostre

436 585 704 616 consideracionis
724 584 900 617 extendere
926 596 962 616 ac
981 585 1062 616 votis
1082 585 1257 616 eorundem
1275 595 1466 616 consensum
1484 584 1671 615 benivolum
1688 583 1891 625 prompcius⁰
1909 582 2074 614 inclinare.

436 637 521 668 Hinc
540 640 589 668 est
606 637 691 678 quod
706 647 762 667 nos
776 637 931 668 illustrem
950 637 1004 668 Ofl
1021 648 1131 678 regem
1150 636 1307 668 Bohemie
1325 636 1503 678 principem
1520 640 1666 667 nostrum
1684 635 1889 667 karissimum
1907 635 2074 677 cupientes

437 690 546 721 favore
563 689 671 731 gracie
688 689 839 731 prosequi
857 689 1020 731 specialis,
1045 690 1149 721 eidem
1174 690 1351 720 liberaliter
1368 689 1513 720 ducimus
1531 687 1773 729 indulgendum,
1797 691 1832 718 ut
1855 698 1874 718 a
1890 687 2072 729 frequenta-

438 743 528 773 eione
549 742 637 772 curie
662 744 770 772 nostre
794 742 912 783 regalis
926 743 945 780 ¹,
972 743 997 773 si
1022 753 1115 784 quam
1141 753 1159 773 a
1183 742 1274 773 nobis
1300 741 1359 772 hoc
1384 752 1466 772 anno
1490 741 1622 771 instanti
1641 740 1796 771 celebrari
1819 740 2020 781 contingerit,
2045 743 2077 771 et

437 794 476 825 ab
502 793 713 835 expedicione
738 804 795 824 seu
828 793 1065 824 instauraeione
1091 794 1208 835 regalis
1233 794 1411 831 exercitus,
1447 792 1472 823 si
1497 803 1592 834 quam
1623 792 1778 823 celsitudo
1812 792 1902 833 regia
1931 792 2075 831 moverit,

437 857 495 888 per
512 846 669 888 presentis
686 848 718 876 et
733 845 880 876 instantis
897 847 972 876 anni
990 846 1134 887 spacium
1153 846 1194 876 sit
1211 844 1444 887 exempt11s⁰·2.
1482 845 1519 875 In
1537 844 1627 876 euius
1643 844 1690 876 rei
1707 844 1927 876 testimonium
1944 854 2075 885 presens

438 898 592 940 scriptum
616 897 795 928 maiestatis
820 901 927 928 nostre
951 898 1056 939 sigillo
1081 897 1232 929 duximus
1256 897 1501 929 roborandumf.

545 958 663 988 Datum
688 957 778 999 regni
803 958 901 988 nostri
926 958 1035 999 quinto
1045 963 1067 988 S.

519 1119 592 1151 141,
619 1120 854 1151 LITTERAE
877 1120 1111 1152 oTToKARl
1132 1120 1351 1152 HUDOLFO
1374 1120 1495 1152 REGI
1514 1120 1697 1152 MISSAE.
1745 1122 1834 1151 1277.
1874 1122 1937 1151 oct.
1954 1122 2004 1150 31.

546 1188 775 1220 Doemmmtmn
790 1189 1010 1229 yrcwissimwn
1026 1190 1138 1228 quanti
1161 1190 1342 1227 faciendam
1365 1190 1406 1220 sit}
1422 1190 1465 1220 acl
1480 1189 1718 1229 eoqnoscaudmn
1734 1189 1805 1220 novi
1829 1188 1898 1219 belli
1921 1189 2077 1229 origyiowm,

439 1241 564 1271 alm-ius
587 1242 761 1280 capositam
790 1244 833 1271 cst
864 1242 897 1271 ¹[¹12
928 1241 1067 1281 Reflestis
1091 1242 1225 1280 imperii.
1272 1242 1433 1272 Insertmn
1457 1245 1500 1272 cst
1528 1242 1618 1279 ‘iufra
1641 1252 1690 1272 nr.
1710 1243 1785 1279 147,
1817 1241 1909 1271 cuius
1932 1243 2077 1282 autoyra-

432 1293 519 1332 pleon
541 1296 724 1324 asservatur
746 1294 780 1324 in
804 1293 961 1324 tabulario
992 1293 1235 1328 Viudobonensi,·
1258 1305 1283 1325 v.
1308 1294 1406 1333 infin.
1431 1313 1470 1317 -
1495 1294 1640 1332 Bo'lmzcr,
1665 1294 1739 1333 Rcy.
1756 1294 1828 1332 imp.
1850 1292 1904 1330 VI,
1921 1292 1992 1324 885.

1784 1345 1838 1385 (P.
1863 1345 1971 1385 deest.)

546 1415 832 1446 Excellentissimo
858 1415 983 1447 domino
1009 1427 1065 1447 suo
1090 1416 1219 1447 domino
1237 1416 1273 1447 R.
1299 1416 1439 1458 glorioso
1458 1416 1676 1448 Romanorum
1702 1417 1771 1458 regi
1789 1426 1917 1458 semper
1941 1417 2076 1456 augusto

441 1470 477 1499 (e).
503 1468 564 1499 Dei
589 1469 698 1509 gracia
722 1468 915 1499 Boemorum
940 1479 997 1500 rex
1022 1468 1163 1500 debitam
1187 1472 1219 1500 et
1242 1472 1387 1510 paratam
1412 1468 1451 1500 ad
1476 1469 1633 1510 obsequia
1657 1469 1866 1500 voluntatem.

547 1519 596 1561 (1)
620 1520 683 1551 Pro
708 1521 850 1561 negociis
868 1520 1111 1562 WVitegonidnm
1135 1524 1168 1552 et
1183 1521 1317 1552 aliorum
1334 1522 1527 1552 servitorum
1545 1524 1725 1553 vestrorum
1742 1520 1938 1552 Boemorum
1955 1521 2076 1550 vestra-

439 1583 507 1603 rum
533 1572 714 1614 accepimus
738 1573 971 1603 continenciam
995 1574 1187 1605 litterarum.
1233 1574 1321 1609 Quos
1348 1573 1487 1615 quidem,
1512 1584 1591 1615 quos
1615 1577 1742 1605 vestros
1767 1572 1871 1603 dicitis
1895 1571 2075 1608 servitores,

438 1635 456 1654 a
484 1624 585 1665 prima
614 1635 684 1655 cum
716 1628 825 1656 vestra
860 1625 1050 1656 celsitudine
1081 1636 1189 1657 eoram
1216 1626 1412 1667 principibus
1445 1625 1529 1667 apud
1559 1625 1745 1657 Danubium
1776 1625 1948 1657 concordia
1977 1623 2076 1654 inita³

437 1686 609 1717 numquam
634 1676 774 1707 inclusos
799 1677 951 1708 scivimus
975 1681 1082 1709 vestre
1107 1678 1188 1719 paci.
1235 1676 1338 1712 Quam
1368 1678 1476 1719 utique
1500 1677 1681 1709 ordinatam
1711 1679 1794 1710 inter
1823 1689 1879 1709 vos
1908 1681 1940 1709 et
1963 1688 2021 1708 nos
2045 1679 2077 1708 et

437 1739 494 1769 per
522 1728 683 1770 principes
715 1729 888 1760 stabilitam
922 1730 1121 1761 servavimus
1150 1733 1182 1760 et
1212 1740 1341 1761 servare
1374 1729 1570 1761 intendimus
1604 1741 1661 1772 pro
1690 1733 1835 1772 tempore
1865 1730 1929 1761 vite
1959 1734 2076 1770 nostre,

438 1781 512 1811 licet
534 1780 566 1810 in
589 1780 753 1822 plerisque
778 1781 862 1812 eirea
888 1792 945 1812 nos
970 1792 1031 1812 non
1056 1782 1151 1812 fuerit
1168 1782 1384 1813 observatum.
1475 1781 1523 1823 (2)
1548 1782 1648 1813 Porro
1665 1782 1867 1824 postmodum
1885 1793 1955 1814 cum
1973 1783 2074 1814 domi-

438 1843 512 1863 num
547 1832 584 1864 Β.
610 1833 827 1864 venerabilem
863 1833 1114 1864 Olmunzensem
1150 1834 1352 1875 episcopum,
1392 1833 1571 1865 Zmilonem
1606 1834 1645 1865 de
1684 1834 1817 1866 Belkaw
1852 1834 2007 1866 baronem
2040 1846 2076 1866 ac

438 1885 625 1923 magistrum
651 1884 794 1914 Ulricum
820 1885 978 1915 notarium
1003 1885 1116 1916 fideles
1142 1889 1267 1916 nostros
1292 1885 1331 1916 ad
1357 1889 1497 1916 vestram
1528 1887 1821 1927 magnificenciam1
1837 1897 1894 1928 pro
1924 1887 1985 1918 hiis
2014 1898 2074 1928 que

439 1936 479 1966 ad
503 1947 614 1977 pacem
640 1936 765 1967 fucrant
790 1938 980 1968 miseramus
992 1939 1014 1974 ⁴,
1040 1939 1225 1969 nullatenus
1250 1938 1442 1969 ascenderat
1466 1939 1497 1969 in
1522 1949 1575 1969 cor
1598 1941 1756 1977 nostrum,
1781 1938 1865 1980 qnod
1890 1938 2076 1970 debuissent

439 1988 537 2029 aliqui
562 1988 601 2019 de
626 1989 744 2019 nostris
770 1990 940 2030 terrigenis
966 1993 997 2021 et
1022 1990 1081 2021 hiis
1107 1991 1260 2027 maxime„
1286 1991 1339 2031 qui
1363 1990 1454 2021 nobis
1481 1990 1645 2021 fidelitatis
1671 1990 1819 2032 homagio
1845 1993 1919 2021 sunt
1942 1991 2074 2029 astricti,

440 2050 571 2080 quorum
596 2040 697 2070 ceiam
723 2041 871 2082 prosapia
895 2052 950 2083 per
974 2042 1095 2072 nullum
1121 2042 1250 2073 modum
1276 2042 1483 2084 excepcionis
1508 2053 1526 2072 a
1550 2045 1730 2073 nostrorum
1755 2042 1994 2084 progenitorum
2019 2043 2075 2074 ob-

440 2091 559 2131 sequiis
592 2091 712 2132 pariter
744 2095 839 2133 atque
872 2093 988 2123 nostris
1013 2094 1119 2135 excipi
1154 2095 1256 2135 potuit
1286 2094 1336 2125 vel
1368 2094 1551 2135 aliqualiter
1579 2094 1760 2135 segregari,
1791 2094 1863 2136 paci
1892 2097 1998 2126 vestre
2022 2097 2076 2125 aut

440 2142 636 2173 ordinacioni
656 2144 714 2173 sub
732 2144 838 2185 aliquo
856 2148 1008 2185 pretextu
1027 2146 1195 2176 concordie
1214 2145 1414 2177 intercludi-'1
1503 2146 1552 2187 (3)
1576 2146 1619 2177 Et
1643 2147 1669 2177 si
1693 2146 1747 2187 qui
1765 2149 1837 2177 sunt
1860 2146 1916 2185 illi,
1942 2157 2075 2188 quorum

439 2194 655 2225 mediantibus
688 2196 877 2226 tractatibus
911 2197 1011 2227 eciam
1046 2197 1104 2227 sub
1129 2198 1303 2239 privilegiis
1335 2198 1383 2228 vel
1417 2198 1668 2239 quibuscumque
1699 2198 1919 2229 instrumentis
1949 2198 1989 2229 sit
2016 2198 2075 2229 hec

440 2247 623 2277 interclusio
650 2252 833 2287 procurata„
865 2248 906 2279 hii
938 2250 1127 2289 transgressi
1158 2250 1237 2280 fines
1270 2250 1493 2280 mandatorum
1525 2253 1705 2280 nostrorum
1737 2250 1805 2280 sine
1834 2250 1937 2281 tocius
1969 2253 2074 2281 nostre

440 2299 638 2328 consciencie
662 2299 799 2339 puritate
825 2300 883 2331 hec
909 2304 1056 2342 poterant
1080 2304 1302 2343 attemptasse.
1348 2301 1438 2332 Licet
1462 2302 1594 2343 prefatis
1619 2302 1737 2333 nostris
1761 2302 1938 2343 terrigenis,
1963 2301 2016 2343 qui
2040 2311 2073 2332 se

441 2353 548 2379 contra
579 2361 634 2379 nos
665 2355 836 2381 erexerant
874 2353 1043 2391 infrunite,
1080 2362 1117 2383 ex
1151 2353 1250 2393 regali
1285 2354 1482 2394 benignitate
1517 2353 1740 2384 admiserimus
1772 2353 2020 2385 misericorditer
2044 2356 2075 2384 et

442 2401 593 2440 benigne,
618 2402 701 2442 quod
727 2414 826 2444 usque
852 2404 891 2434 :id
917 2405 1105 2443 nfrminiun,
1130 2405 1158 2434 in
1185 2416 1246 2446 quo
1272 2416 1368 2446 super
1391 2405 1535 2436 articulis
1561 2405 1751 2446 quibusdam
1776 2406 1859 2437 inter
1882 2416 1938 2436 vos
1962 2408 1994 2436 et
2017 2415 2074 2436 nos

441 2465 496 2494 per
521 2454 680 2495 principes
705 2454 866 2486 debebunt
890 2457 997 2497 aliqua
1021 2457 1194 2496 declarari,
1220 2457 1324 2488 medio
1351 2459 1495 2499 tempore
1520 2460 1628 2488 nostre
1653 2458 1742 2499 pacis
1768 2458 1884 2488 intuitu
1908 2457 1965 2489 sub
1988 2460 2072 2488 treu-

546 2556 607 2581 140.
629 2562 650 2585 ¹¹)
670 2560 697 2582 Α.
722 2558 746 2586 1;
774 2560 894 2583 lohannes
913 2560 936 2583 2'1.
1033 2559 1056 2590 1’)
1077 2562 1145 2584 Rmn.
1166 2570 1207 2584 rex
1229 2562 1318 2585 desunt
1336 2562 1358 2585 3.
1459 2561 1480 2591 r)
1501 2567 1558 2586 volo
1578 2562 1782 2595 promptitudinis
1801 2560 1823 2585 2.
1843 2560 1867 2585 3.
1963 2559 1987 2593 d)
2007 2579 2012 2585 .
2027 2579 2032 2585 .
2050 2560 2073 2585 3.

440 2604 462 2633 ⁰)
482 2606 644 2632 vxmnpturm
666 2601 685 2626 l.
776 2601 793 2632 f)
814 2607 859 2627 cte.
880 2603 940 2627 ιιιΙιΙ.
960 2603 983 2631 tl,
1003 2604 1043 2627 ιιΙιί
1062 2608 1142 2628 celcra
1162 2604 1259 2629 (Issum.
1348 2604 1371 2635 u)
1390 2605 1424 2629 ,wic
1448 2605 1466 2629 l.
1486 2606 1509 2629 L'.

545 2687 567 2713 13»
588 2686 625 2718 (fs.
646 2695 727 2718 snpra
749 2694 788 2712 nr.
805 2691 847 2712 1:51*
866 2696 883 2713 ιι
902 2692 924 2713 a,
995 2690 1021 2720 2)
1042 2699 1061 2713 v.
1077 2693 1099 2714 4,
1171 2690 1196 2714 :51
1217 2689 1303 2720 Supra
1324 2697 1364 2715 m.
1380 2694 1436 2714 115¹:
1455 2693 1487 2722 (s.
1501 2698 1520 2715 c.
1537 2695 1558 2715 ·.¹.
1629 2690 1654 2716 θ
1680 2693 1744 2715 1277.
1765 2689 1831 2715 Μαί.
1845 2692 1868 2714 ⁶.
1937 2690 1963 2721 5)
1984 2687 2074 2720 Supra

442 2737 480 2755 nr,
500 2733 549 2754 1220,
575 2733 617 2755 1510
636 2738 656 2754 ι’.
671 2734 745 2761 ris-1111.

2102 699 2126 718 10

2100 728 2106 737 ι

2104 967 2127 986 15

2103 1633 2126 1652 25

2102 1900 2125 1918 30

2102 2160 2124 2178 ³⁵

2101 2420 2124 2438 ¹¹0

2099 2738 2122 2758 ⁴5
