2259 3164
153 733 164 751 5

146 1025 169 1043 1⁰

146 1282 168 1300 15

148 1539 171 1558 20

149 1792 172 1811 25

154 2305 176 2323 35

157 2568 180 2587 40

563 190 719 217 RUDOLFI
739 190 843 216 REGIS
862 190 1180 217 CONSTITUTIONES.
1218 192 1290 218 1286.
1328 193 1373 219 Nr.
1387 193 1444 219 373.
1756 197 1815 226 355

402 384 652 435 373—375.
694 382 1193 436 INFEUDATIO
1230 383 1598 438 DUCATUS

747 460 1262 513 KARINTHIAE.

551 562 658 597 mse.
699 562 774 597 Ian.
797 561 1028 597 aa-*Febiu
1054 562 1084 597 1.
1131 562 1236 598 1285.
1279 563 1382 598 Mart.
1407 564 1464 599 29.

440 660 516 692 373.
542 661 866 693 PRIVILEGJUM
884 661 1027 693 REGIS
1047 662 1251 694 PRIMUM.
1299 664 1391 693 1286.
1430 663 1502 693 Ian.
1520 665 1570 694 23.

299 720 437 752 Contulit
468 721 683 761 autoyraphon
715 722 866 752 tabularia·
900 722 1143 753 Vindobonensis
1182 723 1284 753 socius
1319 726 1422 753 noster
1454 723 1487 755 J.
1511 724 1658 754 Leclmer.
1707 724 1817 755 Trium

191 772 361 812 sigillorum
389 773 463 810 duo,
498 772 626 811 Rudolfi
655 774 735 812 reyis
761 773 898 804 videlicet
927 777 956 804 et
986 774 1184 812 Memmi-di,
1210 773 1288 812 plns
1308 775 1447 805 oizz'nusve
1471 774 1554 805 laesa
1577 779 1753 814 supersunt.
1778 795 1815 799 —

191 823 333 862 Bfflmzer,
358 824 431 864 Rey.
449 824 522 863 ivm.
545 823 598 861 VI,
616 825 705 854 1964.
1529 826 1581 866 (P.
1607 827 1712 867 deest.)

297 910 455 941 Rudolfus
479 910 541 941 Dei
566 910 676 951 gracia
698 910 913 942 Romanorum
939 922 995 942 rex
1020 922 1148 952 semper
1172 914 1328 952 augustus
1354 911 1515 942 universis
1540 912 1665 954 imperii
1682 912 1818 943 Romani

194 961 342 992 fidelibus
366 965 534 1003 presentes
558 962 683 993 litteras
708 962 899 1003 inspecturis
925 963 975 993 vel
1000 965 1031 993 et
1055 962 1211 993 audituris
1237 963 1376 1003 graciam
1403 974 1492 994 suam
1517 967 1549 994 et
1572 974 1664 994 omne
1693 964 1818 995 bonum.

300 1013 347 1053 (1)
372 1013 535 1054 Perpetue
560 1014 646 1055 pacis
679 1017 710 1044 et
743 1014 887 1044 amicicie
920 1014 1030 1045 federa
1062 1015 1145 1045 inter
1174 1015 1331 1045 illustrem
1354 1015 1524 1046 Albertum
1551 1015 1663 1046 ducem
1687 1015 1818 1047 Austrie

195 1067 227 1095 et
251 1063 360 1104 Stirie,
393 1064 556 1095 dominum
581 1063 744 1103 Carniole,
776 1065 919 1096 Marchie
950 1069 981 1097 et
1005 1066 1121 1096 Portus
1146 1066 1266 1097 Naonis
1296 1066 1472 1108 principem
1498 1070 1528 1098 et
1552 1067 1651 1097 filium
1676 1071 1819 1097 nostrum

195 1116 345 1147 dilectum
371 1127 413 1147 ex
436 1127 499 1147 una
523 1119 555 1148 et
571 1117 781 1158 spectabilem
799 1117 900 1147 virum
918 1117 1142 1148 Meinhardum
1159 1118 1307 1148 comitem
1326 1117 1535 1159 Tyrolensem
1558 1129 1704 1149 socerum
1729 1129 1819 1149 suum

196 1178 237 1199 ex
259 1172 348 1210 parte
373 1168 476 1199 altera
500 1169 608 1210 vigore
632 1172 789 1210 perpetuo
815 1169 1014 1209 affectantes,
1040 1173 1104 1200 tam
1128 1170 1193 1200 filio
1217 1173 1326 1200 nostro
1351 1169 1494 1212 predicto
1519 1180 1613 1211 quam
1638 1170 1697 1211 ipsi
1715 1171 1820 1201 comiti

195 1220 226 1250 in
249 1219 388 1250 futurum
413 1220 521 1251 taliter
545 1220 750 1262 providemus
774 1221 834 1251 hoc
858 1222 1044 1262 expressius
1069 1224 1279 1260 attestantes,
1311 1221 1395 1262 quod
1420 1232 1461 1252 ex
1485 1221 1659 1252 collacione
1683 1221 1818 1252 ducatus

196 1271 261 1302 sive
285 1271 482 1312 principatus
507 1275 591 1302 terre
608 1271 787 1309 Karinthie,
812 1282 872 1313 quo
897 1272 972 1303 dicti
1000 1273 1127 1303 comitis
1152 1273 1277 1303 titulum
1303 1273 1457 1314 ampliare
1482 1273 1689 1314 disponimus,
1715 1273 1819 1304 eidem

196 1323 227 1353 in
249 1323 341 1354 terris
366 1322 515 1353 Carniole
545 1326 576 1354 et
606 1323 745 1354 marchie
770 1322 914 1354 Sclavice
946 1334 1007 1364 que
1036 1323 1131 1364 vulgo
1156 1323 1451 1355 Windischmarich
1481 1324 1595 1355 dicitur
1625 1325 1746 1355 nullum
1770 1325 1819 1355 ius

196 1375 321 1415 penitus
352 1375 549 1415 acquiratur,
585 1375 659 1415 quin
692 1375 803 1416 pocius
834 1374 917 1406 dicte
951 1378 1035 1406 terre
1060 1385 1131 1405 cum
1155 1376 1431 1413 ministerialibus,
1464 1377 1595 1415 castris,
1626 1376 1818 1414 civitatibus,

196 1425 304 1463 bonis,
328 1425 524 1465 hominibus,
549 1426 729 1457 advocaciis
755 1429 786 1457 et
811 1426 926 1457 ceteris
958 1427 1023 1457 suis
1055 1427 1262 1468 pertinenciis
1291 1428 1449 1458 universis
1478 1428 1579 1458 libere
1612 1427 1696 1469 apud
1720 1428 1818 1458 filium

197 1481 336 1508 nostrum
360 1477 538 1519 predictum
564 1482 773 1519 permaneant
802 1489 871 1509 cum
897 1479 981 1509 omni
1005 1479 1080 1509 iuris
1105 1478 1316 1520 plenitudine,
1342 1480 1423 1510 sicut
1451 1479 1587 1510 eundem
1612 1480 1674 1510 iam
1698 1479 1820 1520 pridem

197 1528 280 1570 apud
295 1529 476 1570 Augustam
494 1533 620 1571 sceptro
638 1533 747 1560 nostro
773 1530 860 1571 regio
877 1530 1079 1561 investivisse
1097 1531 1266 1561 recolimus
1291 1530 1329 1561 de
1347 1530 1477 1562 eisdem.
1513 1530 1616 1561 Salvis
1640 1542 1698 1572 per
1715 1532 1822 1562 omnia

197 1579 259 1611 filio
289 1584 398 1612 nostro
434 1581 575 1622 predicto
607 1582 737 1619 castris,
767 1582 960 1619 civitatibus,
994 1582 1256 1612 ministerialibus
1287 1592 1323 1612 ac
1361 1583 1476 1613 ceteris
1506 1583 1598 1613 bonis
1629 1586 1659 1613 et
1689 1583 1820 1621 iuribus,

198 1641 395 1673 quocumque
419 1632 547 1663 nomine
573 1636 772 1671 censeantur,
797 1634 822 1663 si
846 1639 927 1674 quaa
950 1634 981 1664 in
1008 1633 1099 1664 terris
1117 1633 1278 1674 predictis,
1305 1634 1428 1664 scilicet
1446 1633 1595 1665 Carnicle
1620 1638 1652 1665 et
1668 1632 1820 1673 Mai-chie,

198 1683 237 1713 ab
273 1683 345 1714 olim
380 1684 539 1726 principes
567 1685 634 1716 sive
669 1685 766 1715 duces
796 1684 962 1716 Karinthie
991 1695 1190 1726 quocumque
1225 1685 1292 1716 iure
1320 1686 1370 1716 vel
1401 1686 1491 1716 titulo
1520 1685 1746 1727 possederunt,
1782 1685 1822 1716 ad

199 1744 258 1775 que
288 1735 389 1765 dictus
429 1746 533 1767 comes
568 1740 717 1778 pretextu
753 1737 937 1767 collacionis
976 1747 1032 1767 seu
1068 1737 1297 1767 infeodacionis
1328 1737 1461 1768 ducatus
1495 1736 1663 1768 Karinthie
1701 1737 1821 1767 nullum

198 1796 345 1827 umquam
368 1787 444 1818 iuris
469 1792 522 1818 aut
544 1787 621 1818 facti
645 1792 823 1829 respectum
841 1788 982 1819 habebit.
1019 1788 1113 1819 Salvo
1138 1792 1244 1819 tamen
1272 1799 1309 1820 eo
1327 1789 1493 1820 dumtaxat
1510 1789 1615 1819 comiti
1638 1792 1822 1827 memorato,

199 1838 279 1878 quod
303 1838 370 1879 ipse
388 1849 493 1869 comes
518 1849 594 1880 sepe
613 1839 711 1870 dictas
733 1844 835 1871 terras
853 1839 1034 1871 Carniolam
1060 1842 1091 1870 et
1109 1840 1284 1871 marchiam
1303 1840 1492 1877 Sclavicam,
1511 1851 1588 1881 quas
1613 1850 1669 1881 pro
1687 1839 1821 1881 quadam

200 1899 320 1920 summa
348 1891 483 1932 pecunie
513 1902 569 1922 seu
598 1892 723 1932 argenti
752 1891 812 1921 sibi
836 1892 898 1922 iam
929 1891 1048 1921 dudum
1078 1891 1314 1932 assignavimus
1340 1891 1513 1932 obligatas,
1548 1894 1611 1922 tam
1638 1891 1691 1921 diu
1716 1891 1822 1932 quiete

199 1941 370 1981 possideat,
395 1953 561 1984 quousque
586 1943 671 1974 dicta
695 1954 817 1973 sumnia
842 1943 992 1984 pecunie,
1018 1953 1111 1983 quem
1137 1943 1253 1973 nostris
1278 1953 1315 1973 ac
1341 1943 1395 1973 filii
1420 1943 1521 1973 nostri
1549 1942 1684 1984 predicti
1709 1942 1822 1972 litteris

201 1992 259 2023 sibi
282 1992 420 2035 desuper
437 1994 560 2025 traditis
585 1998 635 2025 est
658 2005 823 2036 expressa,
848 1994 950 2025 eidem
968 1994 1110 2035 plenarie
1136 1994 1231 2025 fuerit
1248 1994 1421 2035 persoluta.
1460 1994 1531 2029 Qua
1549 1994 1712 2025 solucione
1738 2004 1821 2023 coui-

201 2044 285 2084 pleta
308 2044 390 2076 dicte
407 2049 490 2077 terre
515 2046 554 2077 ad
571 2046 668 2076 filium
685 2050 827 2076 nostrum
846 2045 1015 2076 Albertum
1034 2046 1083 2075 vel
1108 2056 1180 2076 suos
1198 2046 1334 2076 heredes
1359 2057 1430 2076 cum
1452 2046 1598 2076 omnibus
1616 2045 1822 2087 pertinenciis

202 2095 264 2125 suis
288 2099 319 2126 et
335 2096 466 2133 iuribus,
492 2098 572 2128 sicut
590 2098 734 2139 superius
754 2101 803 2128 est
819 2108 1017 2138 expressum,
1041 2097 1142 2127 libere
1161 2101 1371 2128 revertentur.
1453 2098 1500 2138 (2)
1519 2097 1679 2128 Ducatum
1697 2107 1821 2137 quoque

201 2145 367 2179 Karinthie
392 2148 494 2179 dictus
519 2160 626 2180 comes
650 2148 858 2180 Minhai·dus¹’
883 2159 953 2179 cum
979 2149 1125 2179 omnibus
1150 2148 1213 2178 illis
1238 2148 1359 2179 iuribus
1384 2152 1415 2179 et
1439 2149 1611 2179 honoribus
1635 2147 1822 2189 possidebit,

204 2197 283 2228 sicut
305 2198 407 2240 ipsum
426 2200 568 2231 illustres
586 2200 744 2241 quondam
763 2200 969 2231 Bernhardus
995 2203 1027 2230 et
1043 2199 1171 2230 Ulricus
1196 2200 1293 2231 duces
1312 2199 1478 2230 Karinthie
1496 2200 1666 2230 illustrium
1684 2200 1823 2229 virorum

204 2246 348 2290 Liupoldi
378 2254 409 2281 et
433 2251 587 2283 Friderici
613 2252 727 2283 ducum
757 2252 914 2293 quondam
940 2251 1069 2282 Austrie
1101 2255 1132 2281 et
1162 2251 1256 2282 Stirie
1286 2252 1480 2293 temporibus
1511 2251 1730 2292 possederunt.
1777 2250 1823 2280 Eo

205 2303 308 2331 tamen
325 2312 451 2343 semper
466 2307 611 2345 excepto,
636 2303 718 2344 quod
743 2304 768 2334 si
793 2314 871 2344 quas
890 2304 1045 2339 civitatee,
1072 2306 1186 2340 castra,
1212 2303 1294 2332 bona
1312 2303 1362 2333 vel
1380 2304 1457 2340 iura,
1482 2313 1680 2343 quocumque
1699 2302 1823 2331 nomine

205 2356 401 2391 censeantur,
428 2354 523 2385 duces
547 2355 609 2385 iam
634 2355 709 2385 dicti
733 2355 873 2386 interris
892 2353 1040 2385 Carniole
1066 2357 1097 2384 et
1114 2354 1255 2384 Marchie
1280 2354 1481 2395 supradictis,
1507 2355 1587 2384 sicut
1610 2354 1824 2395 premisimus,

204 2405 382 2442 tenuerunt,
406 2405 529 2446 integra
545 2406 609 2436 filio
626 2410 735 2437 nostro
752 2409 937 2437 remaneant
954 2409 985 2436 et
1008 2406 1047 2436 ab
1073 2406 1138 2447 ipso
1157 2409 1314 2436 terrarum
1339 2416 1465 2436 suarum
1484 2406 1622 2436 dominio
1641 2405 1823 2435 nullatenus

207 2458 452 2494 sequestrentur.
528 2458 575 2498 (3)
599 2457 636 2488 In
654 2458 769 2488 ducatu
787 2468 912 2499 quoque
930 2461 1013 2488 terre
1031 2457 1199 2488 Karinthie
1218 2458 1324 2488 omnia
1341 2457 1394 2488 illa
1411 2458 1488 2494 iura,
1507 2468 1566 2498 quc
1587 2456 1720 2498 predicti
1740 2455 1822 2496 prin-

207 2505 291 2547 cipes
304 2506 476 2549 Liupoldus
494 2512 526 2540 ct
541 2509 721 2540 Fridericus
739 2513 803 2540 tam
821 2511 851 2540 in
867 2510 1048 2540 hominibus
1065 2520 1158 2550 quam
1176 2510 1205 2540 in
1220 2510 1310 2540 bonis
1328 2509 1403 2539 inibi
1418 2511 1599 2543 tenuerunt,
1618 2507 1699 2537 filius
1717 2511 1824 2536 noster

206 2559 364 2599 predictus
389 2561 533 2591 similiter
556 2566 587 2592 et
610 2562 676 2602 pari
702 2562 769 2592 iure
794 2572 850 2603 per
873 2562 979 2592 omnia
1004 2561 1190 2602 possidebit.
1280 2560 1328 2601 (4)
1354 2561 1506 2590 Preterea
1531 2569 1637 2589 comes
1662 2557 1822 2598 predictus

205 2610 423 2641 ministeriales
446 2611 501 2642 filii
526 2613 625 2642 nostri
649 2613 782 2653 predicti
807 2613 838 2643 in
864 2623 897 2643 se
921 2616 954 2643 et
977 2613 1007 2642 in
1033 2613 1097 2642 suis
1122 2613 1249 2651 castris,
1281 2612 1370 2642 bonis
1396 2622 1431 2641 ac
1456 2610 1575 2640 iuribus
1600 2610 1629 2639 in
1655 2608 1823 2639 Karinthia

205 2662 379 2692 constitutis
404 2673 464 2693 non
482 2664 627 2703 gravabit
650 2664 681 2694 in
706 2665 811 2704 aliquo
835 2668 945 2694 contra
962 2664 1120 2694 iusticiam
1146 2674 1203 2694 nec
1220 2663 1337 2693 artabit
1362 2673 1420 2692 nec
1438 2663 1537 2692 eciam
1556 2666 1661 2691 castra
1682 2660 1729 2689 vel
1748 2669 1820 2699 pos-

206 2713 362 2744 sessiones
386 2724 508 2755 eorum,
536 2725 736 2756 quocumque
767 2726 805 2746 ea
836 2716 903 2746 iure
935 2715 1135 2757 possideant,
1171 2714 1384 2755 comparabit,
1414 2713 1473 2743 nisi
1498 2712 1536 2743 ad
1561 2712 1618 2742 hoc
1647 2711 1702 2741 filii
1726 2710 1823 2740 nostri

305 2797 368 2825 373.
387 2799 409 2832 Β)
428 2802 462 2826 εἰσ
481 2811 532 2832 or.;
551 2803 583 2835 cf.
603 2812 642 2826 nr.
656 2804 708 2827 375.
796 2802 819 2834 b)
839 2803 873 2827 sic
891 2811 927 2827 or.

888 2849 890 2853 ¹
1573 2846 1621 2873 45³³
