<?xml version="1.0" encoding="UTF-8"?>
<!DOCTYPE html PUBLIC "-//W3C//DTD XHTML 1.0 Transitional//EN"
    "http://www.w3.org/TR/xhtml1/DTD/xhtml1-transitional.dtd">
<html xmlns="http://www.w3.org/1999/xhtml" xml:lang="en" lang="en">
 <head>
  <title>
</title>
<meta http-equiv="Content-Type" content="text/html;charset=utf-8" />
  <meta name='ocr-system' content='tesseract 3.04.00' />
  <meta name='ocr-capabilities' content='ocr_page ocr_carea ocr_par ocr_line ocrx_word'/>
</head>
<body>
  <div class='ocr_page' id='page_1' title='image "./monumentagelegum03geseuoft/monumentagelegum03geseuoft_0193.png"; bbox 0 0 2259 3164; ppageno 0'>
   <div class='ocr_carea' id='block_1_1' title="bbox 435 183 1786 224">
    <p class='ocr_par' dir='ltr' id='par_1_1' title="bbox 435 183 1786 224">
     <span class='ocr_line' id='line_1_1' title="bbox 435 183 1786 224; baseline 0.003 -12"><span class='ocrx_word' id='word_1_1' title='bbox 435 186 593 213; x_wconf 79' lang='lat' dir='ltr'>RUDOLFI</span> <span class='ocrx_word' id='word_1_2' title='bbox 609 186 713 213; x_wconf 75' lang='lat' dir='ltr'><strong>REGIS</strong></span> <span class='ocrx_word' id='word_1_3' title='bbox 731 186 1052 214; x_wconf 64' lang='lat' dir='ltr'>CONSTITUTIONES.</span> <span class='ocrx_word' id='word_1_4' title='bbox 1091 189 1163 215; x_wconf 69' lang='lat'>1978.</span> <span class='ocrx_word' id='word_1_5' title='bbox 1200 188 1247 215; x_wconf 87' lang='lat' dir='ltr'>Nr.</span> <span class='ocrx_word' id='word_1_6' title='bbox 1261 190 1317 216; x_wconf 60' lang='lat'>1053.</span> <span class='ocrx_word' id='word_1_7' title='bbox 1333 191 1388 216; x_wconf 74' lang='lat'><strong>1134.</strong></span> <span class='ocrx_word' id='word_1_8' title='bbox 1404 192 1457 217; x_wconf 58' lang='lat'>1435».</span> <span class='ocrx_word' id='word_1_9' title='bbox 1708 197 1764 224; x_wconf 76' lang='lat'>155</span> <span class='ocrx_word' id='word_1_10' title='bbox 1783 183 1786 186; x_wconf 35' lang='lat'><strong>⁴</strong></span> 
     </span>
    </p>
   </div>
   <div class='ocr_carea' id='block_1_2' title="bbox 135 272 1764 474">
    <p class='ocr_par' dir='ltr' id='par_1_2' title="bbox 135 272 1764 368">
     <span class='ocr_line' id='line_1_2' title="bbox 239 272 1764 319; baseline 0.004 -15"><span class='ocrx_word' id='word_1_11' title='bbox 239 272 415 305; x_wconf 84' lang='lat' dir='ltr'>Edwardus</span> <span class='ocrx_word' id='word_1_12' title='bbox 439 273 502 305; x_wconf 89' lang='lat' dir='ltr'>Dei</span> <span class='ocrx_word' id='word_1_13' title='bbox 526 273 629 315; x_wconf 86' lang='lat' dir='ltr'>gratia</span> <span class='ocrx_word' id='word_1_14' title='bbox 653 284 710 305; x_wconf 84' lang='lat' dir='ltr'>rex</span> <span class='ocrx_word' id='word_1_15' title='bbox 734 273 867 314; x_wconf 85' lang='lat' dir='ltr'>Anglie,</span> <span class='ocrx_word' id='word_1_16' title='bbox 898 273 1045 305; x_wconf 79' lang='lat' dir='ltr'>dominus</span> <span class='ocrx_word' id='word_1_17' title='bbox 1071 274 1228 307; x_wconf 90' lang='lat' dir='ltr'>Hibernic</span> <span class='ocrx_word' id='word_1_18' title='bbox 1263 279 1294 306; x_wconf 90' lang='lat' dir='ltr'>et</span> <span class='ocrx_word' id='word_1_19' title='bbox 1318 276 1381 308; x_wconf 80' lang='lat' dir='ltr'>dux</span> <span class='ocrx_word' id='word_1_20' title='bbox 1406 277 1580 319; x_wconf 72' lang='lat' dir='ltr'>Aquitanie</span> <span class='ocrx_word' id='word_1_21' title='bbox 1605 280 1764 317; x_wconf 86' lang='lat' dir='ltr'>omnibus,</span> 
     </span>
     <span class='ocr_line' id='line_1_3' title="bbox 135 325 1011 368; baseline -0.002 -10"><span class='ocrx_word' id='word_1_22' title='bbox 135 326 173 358; x_wconf 84' lang='lat' dir='ltr'>ad</span> <span class='ocrx_word' id='word_1_23' title='bbox 197 336 276 368; x_wconf 90' lang='lat' dir='ltr'>quos</span> <span class='ocrx_word' id='word_1_24' title='bbox 299 328 467 367; x_wconf 74' lang='lat' dir='ltr'>presentes</span> <span class='ocrx_word' id='word_1_25' title='bbox 492 325 599 357; x_wconf 78' lang='lat' dir='ltr'>littere</span> <span class='ocrx_word' id='word_1_26' title='bbox 624 326 839 367; x_wconf 77' lang='lat' dir='ltr'><strong>pervenerint,</strong></span> <span class='ocrx_word' id='word_1_27' title='bbox 865 326 1011 357; x_wconf 85' lang='lat' dir='ltr'>salutem.</span> 
     </span>
    </p>

    <p class='ocr_par' dir='ltr' id='par_1_3' title="bbox 135 377 1763 474">
     <span class='ocr_line' id='line_1_4' title="bbox 239 377 1763 423; baseline 0.004 -15"><span class='ocrx_word' id='word_1_28' title='bbox 239 377 373 408; x_wconf 85' lang='lat' dir='ltr'><strong>Noverit</strong></span> <span class='ocrx_word' id='word_1_29' title='bbox 395 377 586 407; x_wconf 81' lang='lat' dir='ltr'>universitas</span> <span class='ocrx_word' id='word_1_30' title='bbox 611 380 733 417; x_wconf 84' lang='lat' dir='ltr'>vestra,</span> <span class='ocrx_word' id='word_1_31' title='bbox 765 377 848 418; x_wconf 90' lang='lat' dir='ltr'>quod</span> <span class='ocrx_word' id='word_1_32' title='bbox 877 388 932 408; x_wconf 87' lang='lat' dir='ltr'>nos</span> <span class='ocrx_word' id='word_1_33' title='bbox 957 377 1069 409; x_wconf 83' lang='lat' dir='ltr'>damus</span> <span class='ocrx_word' id='word_1_34' title='bbox 1103 382 1135 408; x_wconf 89' lang='lat' dir='ltr'>et</span> <span class='ocrx_word' id='word_1_35' title='bbox 1159 379 1364 410; x_wconf 76' lang='lat' dir='ltr'>concedimus</span> <span class='ocrx_word' id='word_1_36' title='bbox 1394 391 1451 421; x_wconf 88' lang='lat' dir='ltr'>per</span> <span class='ocrx_word' id='word_1_37' title='bbox 1474 386 1641 423; x_wconf 78' lang='lat' dir='ltr'>presentes</span> <span class='ocrx_word' id='word_1_38' title='bbox 1665 394 1763 414; x_wconf 83' lang='lat' dir='ltr'>vene-</span> 
     </span>
     <span class='ocr_line' id='line_1_5' title="bbox 135 428 1763 474; baseline 0.002 -13"><span class='ocrx_word' id='word_1_39' title='bbox 135 430 226 462; x_wconf 85' lang='lat' dir='ltr'>rabili</span> <span class='ocrx_word' id='word_1_40' title='bbox 261 429 344 471; x_wconf 86' lang='lat' dir='ltr'>patri</span> <span class='ocrx_word' id='word_1_41' title='bbox 372 429 403 459; x_wconf 91' lang='lat' dir='ltr'>in</span> <span class='ocrx_word' id='word_1_42' title='bbox 438 428 565 459; x_wconf 83' lang='lat' dir='ltr'>Christo</span> <span class='ocrx_word' id='word_1_43' title='bbox 594 428 722 459; x_wconf 87' lang='lat' dir='ltr'>domino</span> <span class='ocrx_word' id='word_1_44' title='bbox 760 428 798 460; x_wconf 83' lang='lat' dir='ltr'>G.</span> <span class='ocrx_word' id='word_1_45' title='bbox 832 429 1028 460; x_wconf 87' lang='lat' dir='ltr'>Virdunensi</span> <span class='ocrx_word' id='word_1_46' title='bbox 1061 431 1213 471; x_wconf 81' lang='lat' dir='ltr'>episcopo</span> <span class='ocrx_word' id='word_1_47' title='bbox 1249 435 1280 461; x_wconf 89' lang='lat' dir='ltr'>et</span> <span class='ocrx_word' id='word_1_48' title='bbox 1311 434 1469 474; x_wconf 74' lang='lat' dir='ltr'>religiosis</span> <span class='ocrx_word' id='word_1_49' title='bbox 1503 434 1576 464; x_wconf 87' lang='lat' dir='ltr'>viris</span> <span class='ocrx_word' id='word_1_50' title='bbox 1612 434 1763 464; x_wconf 85' lang='lat' dir='ltr'>fratribus</span> 
     </span>
    </p>
   </div>
   <div class='ocr_carea' id='block_1_3' title="bbox 96 479 1762 522">
    <p class='ocr_par' dir='ltr' id='par_1_4' title="bbox 96 479 1762 522">
     <span class='ocr_line' id='line_1_6' title="bbox 96 479 1762 522; baseline 0.001 -9"><span class='ocrx_word' id='word_1_51' title='bbox 96 497 106 513; x_wconf 69' lang='grc' dir='ltr'>ε,</span> <span class='ocrx_word' id='word_1_52' title='bbox 134 481 263 512; x_wconf 90' lang='lat' dir='ltr'>Andree</span> <span class='ocrx_word' id='word_1_53' title='bbox 279 481 473 512; x_wconf 82' lang='lat' dir='ltr'>Pentecoste</span> <span class='ocrx_word' id='word_1_54' title='bbox 498 484 529 510; x_wconf 90' lang='lat' dir='ltr'>et</span> <span class='ocrx_word' id='word_1_55' title='bbox 552 479 686 511; x_wconf 84' lang='lat' dir='ltr'>Iohanni</span> <span class='ocrx_word' id='word_1_56' title='bbox 711 480 749 511; x_wconf 91' lang='lat' dir='ltr'>de</span> <span class='ocrx_word' id='word_1_57' title='bbox 769 480 971 522; x_wconf 71' lang='lat' dir='ltr'>Sevenak(e)</span> <span class='ocrx_word' id='word_1_58' title='bbox 996 481 1035 512; x_wconf 89' lang='lat' dir='ltr'>de</span> <span class='ocrx_word' id='word_1_59' title='bbox 1061 481 1170 512; x_wconf 90' lang='lat' dir='ltr'>ordine</span> <span class='ocrx_word' id='word_1_60' title='bbox 1189 482 1428 515; x_wconf 83' lang='lat' dir='ltr'>Predicatoruin</span> <span class='ocrx_word' id='word_1_61' title='bbox 1454 484 1576 515; x_wconf 76' lang='lat' dir='ltr'>duobus</span> <span class='ocrx_word' id='word_1_62' title='bbox 1597 485 1646 515; x_wconf 84' lang='lat' dir='ltr'>vel</span> <span class='ocrx_word' id='word_1_63' title='bbox 1672 485 1762 515; x_wconf 84' lang='lat' dir='ltr'>alteri</span> 
     </span>
    </p>
   </div>
   <div class='ocr_carea' id='block_1_4' title="bbox 83 751 105 769">
    <p class='ocr_par' dir='ltr' id='par_1_5' title="bbox 83 751 105 769">
     <span class='ocr_line' id='line_1_7' title="bbox 83 751 105 769; baseline 0 0"><span class='ocrx_word' id='word_1_64' title='bbox 83 751 105 769; x_wconf 80' lang='lat'>10</span> 
     </span>
    </p>
   </div>
   <div class='ocr_carea' id='block_1_5' title="bbox 83 1010 103 1028">
    <p class='ocr_par' dir='ltr' id='par_1_6' title="bbox 83 1010 103 1028">
     <span class='ocr_line' id='line_1_8' title="bbox 83 1010 103 1028; baseline 0 0"><span class='ocrx_word' id='word_1_65' title='bbox 83 1010 103 1028; x_wconf 86' lang='lat'>15</span> 
     </span>
    </p>
   </div>
   <div class='ocr_carea' id='block_1_6' title="bbox 79 1266 102 1285">
    <p class='ocr_par' dir='ltr' id='par_1_7' title="bbox 79 1266 102 1285">
     <span class='ocr_line' id='line_1_9' title="bbox 79 1266 102 1285; baseline 0 0"><span class='ocrx_word' id='word_1_66' title='bbox 79 1266 102 1285; x_wconf 82' lang='lat'>20</span> 
     </span>
    </p>
   </div>
   <div class='ocr_carea' id='block_1_7' title="bbox 78 1675 100 1694">
    <p class='ocr_par' dir='ltr' id='par_1_8' title="bbox 78 1675 100 1694">
     <span class='ocr_line' id='line_1_10' title="bbox 78 1675 100 1694; baseline -0.045 0"><span class='ocrx_word' id='word_1_67' title='bbox 78 1675 100 1694; x_wconf 76' lang='lat'>25</span> 
     </span>
    </p>
   </div>
   <div class='ocr_carea' id='block_1_8' title="bbox 77 1931 100 1950">
    <p class='ocr_par' dir='ltr' id='par_1_9' title="bbox 77 1931 100 1950">
     <span class='ocr_line' id='line_1_11' title="bbox 77 1931 100 1950; baseline 0 0"><span class='ocrx_word' id='word_1_68' title='bbox 77 1931 100 1950; x_wconf 77' lang='lat'>30</span> 
     </span>
    </p>
   </div>
   <div class='ocr_carea' id='block_1_9' title="bbox 76 2200 98 2219">
    <p class='ocr_par' dir='ltr' id='par_1_10' title="bbox 76 2200 98 2219">
     <span class='ocr_line' id='line_1_12' title="bbox 76 2200 98 2219; baseline 0 0"><span class='ocrx_word' id='word_1_69' title='bbox 76 2200 98 2219; x_wconf 81' lang='lat'>35</span> 
     </span>
    </p>
   </div>
   <div class='ocr_carea' id='block_1_10' title="bbox 127 531 1763 1341">
    <p class='ocr_par' dir='ltr' id='par_1_11' title="bbox 127 531 1763 1341">
     <span class='ocr_line' id='line_1_13' title="bbox 134 531 1763 576; baseline 0.001 -12"><span class='ocrx_word' id='word_1_70' title='bbox 134 534 271 575; x_wconf 88' lang='lat' dir='ltr'>ipsorum</span> <span class='ocrx_word' id='word_1_71' title='bbox 302 531 535 563; x_wconf 79' lang='lat' dir='ltr'>exhibitoribus</span> <span class='ocrx_word' id='word_1_72' title='bbox 560 531 609 562; x_wconf 91' lang='lat' dir='ltr'>vel</span> <span class='ocrx_word' id='word_1_73' title='bbox 643 531 813 562; x_wconf 81' lang='lat' dir='ltr'>exhibitori</span> <span class='ocrx_word' id='word_1_74' title='bbox 844 532 1047 573; x_wconf 85' lang='lat' dir='ltr'>presencium</span> <span class='ocrx_word' id='word_1_75' title='bbox 1076 533 1204 573; x_wconf 81' lang='lat' dir='ltr'>plenam</span> <span class='ocrx_word' id='word_1_76' title='bbox 1237 537 1268 564; x_wconf 87' lang='lat' dir='ltr'>et</span> <span class='ocrx_word' id='word_1_77' title='bbox 1291 534 1424 565; x_wconf 76' lang='lat' dir='ltr'>liberam</span> <span class='ocrx_word' id='word_1_78' title='bbox 1459 538 1652 576; x_wconf 82' lang='lat' dir='ltr'>potestatem</span> <span class='ocrx_word' id='word_1_79' title='bbox 1684 536 1763 566; x_wconf 88' lang='lat' dir='ltr'>reci-</span> 
     </span>
     <span class='ocr_line' id='line_1_14' title="bbox 132 583 1763 628; baseline 0.001 -13"><span class='ocrx_word' id='word_1_80' title='bbox 132 584 237 627; x_wconf 81' lang='lat' dir='ltr'>piendi</span> <span class='ocrx_word' id='word_1_81' title='bbox 261 584 389 614; x_wconf 88' lang='lat' dir='ltr'>nomine</span> <span class='ocrx_word' id='word_1_82' title='bbox 413 586 519 614; x_wconf 85' lang='lat' dir='ltr'>nostro</span> <span class='ocrx_word' id='word_1_83' title='bbox 550 586 582 614; x_wconf 82' lang='lat' dir='ltr'>et</span> <span class='ocrx_word' id='word_1_84' title='bbox 605 583 749 614; x_wconf 83' lang='lat' dir='ltr'>Iohanne</span> <span class='ocrx_word' id='word_1_85' title='bbox 781 583 844 613; x_wconf 87' lang='lat' dir='ltr'>filie</span> <span class='ocrx_word' id='word_1_86' title='bbox 869 587 992 623; x_wconf 81' lang='lat' dir='ltr'>nostre,</span> <span class='ocrx_word' id='word_1_87' title='bbox 1021 583 1222 614; x_wconf 85' lang='lat' dir='ltr'>Hartmanno</span> <span class='ocrx_word' id='word_1_88' title='bbox 1246 586 1439 616; x_wconf 75' lang='lat' dir='ltr'>serenissimi</span> <span class='ocrx_word' id='word_1_89' title='bbox 1472 587 1621 628; x_wconf 86' lang='lat' dir='ltr'>principis</span> <span class='ocrx_word' id='word_1_90' title='bbox 1647 587 1763 617; x_wconf 92' lang='lat' dir='ltr'>domini</span> 
     </span>
     <span class='ocr_line' id='line_1_15' title="bbox 132 635 1763 676; baseline 0.001 -10"><span class='ocrx_word' id='word_1_91' title='bbox 132 635 316 676; x_wconf 80' lang='lat' dir='ltr'>Rod(olph)i</span> <span class='ocrx_word' id='word_1_92' title='bbox 341 635 402 666; x_wconf 89' lang='lat' dir='ltr'>Dei</span> <span class='ocrx_word' id='word_1_93' title='bbox 427 635 530 675; x_wconf 82' lang='lat' dir='ltr'>gratia</span> <span class='ocrx_word' id='word_1_94' title='bbox 554 635 771 665; x_wconf 78' lang='lat' dir='ltr'>Romanorum</span> <span class='ocrx_word' id='word_1_95' title='bbox 804 635 889 675; x_wconf 82' lang='lat' dir='ltr'>regis</span> <span class='ocrx_word' id='word_1_96' title='bbox 922 645 1050 676; x_wconf 82' lang='lat' dir='ltr'>semper</span> <span class='ocrx_word' id='word_1_97' title='bbox 1079 636 1206 676; x_wconf 76' lang='lat' dir='ltr'>augusti</span> <span class='ocrx_word' id='word_1_98' title='bbox 1238 637 1301 667; x_wconf 88' lang='lat' dir='ltr'>filio</span> <span class='ocrx_word' id='word_1_99' title='bbox 1331 638 1527 670; x_wconf 77' lang='lat' dir='ltr'>maritandc,</span> <span class='ocrx_word' id='word_1_100' title='bbox 1558 639 1763 669; x_wconf 80' lang='lat' dir='ltr'>securitatem</span> 
     </span>
     <span class='ocr_line' id='line_1_16' title="bbox 133 686 1761 728; baseline 0.001 -10"><span class='ocrx_word' id='word_1_101' title='bbox 133 697 188 718; x_wconf 91' lang='lat' dir='ltr'>seu</span> <span class='ocrx_word' id='word_1_102' title='bbox 211 687 395 718; x_wconf 84' lang='lat' dir='ltr'>caucionem</span> <span class='ocrx_word' id='word_1_103' title='bbox 420 686 458 717; x_wconf 91' lang='lat' dir='ltr'>de</span> <span class='ocrx_word' id='word_1_104' title='bbox 484 686 594 717; x_wconf 86' lang='lat' dir='ltr'>decem</span> <span class='ocrx_word' id='word_1_105' title='bbox 619 686 746 716; x_wconf 88' lang='lat' dir='ltr'>milibus</span> <span class='ocrx_word' id='word_1_106' title='bbox 773 696 953 716; x_wconf 84' lang='lat' dir='ltr'>marearum</span> <span class='ocrx_word' id='word_1_107' title='bbox 980 687 1220 727; x_wconf 80' lang='lat' dir='ltr'>sterlingorum,</span> <span class='ocrx_word' id='word_1_108' title='bbox 1252 698 1330 728; x_wconf 84' lang='lat' dir='ltr'>quas</span> <span class='ocrx_word' id='word_1_109' title='bbox 1356 689 1438 719; x_wconf 84' lang='lat' dir='ltr'>dicto</span> <span class='ocrx_word' id='word_1_110' title='bbox 1464 688 1665 720; x_wconf 78' lang='lat' dir='ltr'>Hartmanno</span> <span class='ocrx_word' id='word_1_111' title='bbox 1691 700 1761 719; x_wconf 85' lang='lat' dir='ltr'>cum</span> 
     </span>
     <span class='ocr_line' id='line_1_17' title="bbox 132 737 1761 780; baseline 0.001 -10"><span class='ocrx_word' id='word_1_112' title='bbox 132 738 241 770; x_wconf 83' lang='lat' dir='ltr'>eadem</span> <span class='ocrx_word' id='word_1_113' title='bbox 266 738 332 769; x_wconf 83' lang='lat' dir='ltr'>filia</span> <span class='ocrx_word' id='word_1_114' title='bbox 355 742 464 768; x_wconf 86' lang='lat' dir='ltr'>nostra</span> <span class='ocrx_word' id='word_1_115' title='bbox 488 737 565 769; x_wconf 86' lang='lat' dir='ltr'>dare</span> <span class='ocrx_word' id='word_1_116' title='bbox 589 741 736 769; x_wconf 88' lang='lat' dir='ltr'>tenemur</span> <span class='ocrx_word' id='word_1_117' title='bbox 760 737 791 767; x_wconf 90' lang='lat' dir='ltr'>in</span> <span class='ocrx_word' id='word_1_118' title='bbox 816 737 934 777; x_wconf 88' lang='lat' dir='ltr'>dotem,</span> <span class='ocrx_word' id='word_1_119' title='bbox 960 737 1050 768; x_wconf 86' lang='lat' dir='ltr'>nobis</span> <span class='ocrx_word' id='word_1_120' title='bbox 1075 739 1125 769; x_wconf 88' lang='lat' dir='ltr'>vel</span> <span class='ocrx_word' id='word_1_121' title='bbox 1152 738 1236 770; x_wconf 84' lang='lat' dir='ltr'>dicte</span> <span class='ocrx_word' id='word_1_122' title='bbox 1262 740 1324 771; x_wconf 88' lang='lat' dir='ltr'>filic</span> <span class='ocrx_word' id='word_1_123' title='bbox 1350 744 1457 771; x_wconf 87' lang='lat' dir='ltr'>nostre</span> <span class='ocrx_word' id='word_1_124' title='bbox 1483 740 1710 780; x_wconf 78' lang='lat' dir='ltr'>restituendas,</span> <span class='ocrx_word' id='word_1_125' title='bbox 1736 741 1761 771; x_wconf 88' lang='lat' dir='ltr'>si</span> 
     </span>
     <span class='ocr_line' id='line_1_18' title="bbox 131 789 1761 833; baseline 0.001 -12"><span class='ocrx_word' id='word_1_126' title='bbox 131 790 248 821; x_wconf 89' lang='lat' dir='ltr'>dietum</span> <span class='ocrx_word' id='word_1_127' title='bbox 272 790 507 821; x_wconf 86' lang='lat' dir='ltr'>Hartmannum</span> <span class='ocrx_word' id='word_1_128' title='bbox 539 789 696 820; x_wconf 87' lang='lat' dir='ltr'>decedere</span> <span class='ocrx_word' id='word_1_129' title='bbox 729 789 917 830; x_wconf 84' lang='lat' dir='ltr'>eontigerit,</span> <span class='ocrx_word' id='word_1_130' title='bbox 946 789 1011 820; x_wconf 80' lang='lat' dir='ltr'>filia</span> <span class='ocrx_word' id='word_1_131' title='bbox 1041 793 1151 821; x_wconf 80' lang='lat' dir='ltr'>nostra</span> <span class='ocrx_word' id='word_1_132' title='bbox 1183 792 1355 832; x_wconf 82' lang='lat' dir='ltr'>superstite</span> <span class='ocrx_word' id='word_1_133' title='bbox 1389 792 1581 833; x_wconf 82' lang='lat' dir='ltr'>supradicta.</span> <span class='ocrx_word' id='word_1_134' title='bbox 1628 792 1761 823; x_wconf 82' lang='lat' dir='ltr'>Necnon</span> 
     </span>
     <span class='ocr_line' id='line_1_19' title="bbox 129 840 1763 884; baseline 0.001 -11"><span class='ocrx_word' id='word_1_135' title='bbox 129 842 301 883; x_wconf 83' lang='lat' dir='ltr'>recipiendi</span> <span class='ocrx_word' id='word_1_136' title='bbox 326 845 358 873; x_wconf 84' lang='lat' dir='ltr'>et</span> <span class='ocrx_word' id='word_1_137' title='bbox 381 841 570 883; x_wconf 86' lang='lat' dir='ltr'>acceptandi</span> <span class='ocrx_word' id='word_1_138' title='bbox 595 841 722 871; x_wconf 89' lang='lat' dir='ltr'>nominc</span> <span class='ocrx_word' id='word_1_139' title='bbox 747 844 854 871; x_wconf 87' lang='lat' dir='ltr'>nostro</span> <span class='ocrx_word' id='word_1_140' title='bbox 880 844 912 872; x_wconf 85' lang='lat' dir='ltr'>et</span> <span class='ocrx_word' id='word_1_141' title='bbox 936 840 1018 872; x_wconf 83' lang='lat' dir='ltr'>dicte</span> <span class='ocrx_word' id='word_1_142' title='bbox 1043 841 1106 872; x_wconf 90' lang='lat' dir='ltr'>filie</span> <span class='ocrx_word' id='word_1_143' title='bbox 1131 846 1239 873; x_wconf 85' lang='lat' dir='ltr'>nostre</span> <span class='ocrx_word' id='word_1_144' title='bbox 1268 844 1523 884; x_wconf 81' lang='lat' dir='ltr'>assignaeionem</span> <span class='ocrx_word' id='word_1_145' title='bbox 1541 844 1682 875; x_wconf 80' lang='lat' dir='ltr'>dotalicii</span> <span class='ocrx_word' id='word_1_146' title='bbox 1708 855 1763 874; x_wconf 89' lang='lat' dir='ltr'>seu</span> 
     </span>
     <span class='ocr_line' id='line_1_20' title="bbox 130 893 1763 937; baseline 0.001 -13"><span class='ocrx_word' id='word_1_147' title='bbox 130 893 251 925; x_wconf 78' lang='lat' dir='ltr'>doscli¹</span> <span class='ocrx_word' id='word_1_148' title='bbox 275 894 326 924; x_wconf 86' lang='lat' dir='ltr'>vel</span> <span class='ocrx_word' id='word_1_149' title='bbox 357 893 543 924; x_wconf 80' lang='lat' dir='ltr'>donacionis</span> <span class='ocrx_word' id='word_1_150' title='bbox 567 896 697 935; x_wconf 89' lang='lat' dir='ltr'>propter</span> <span class='ocrx_word' id='word_1_151' title='bbox 726 893 858 934; x_wconf 85' lang='lat' dir='ltr'>nupcias</span> <span class='ocrx_word' id='word_1_152' title='bbox 890 893 993 924; x_wconf 88' lang='lat' dir='ltr'>eidem</span> <span class='ocrx_word' id='word_1_153' title='bbox 1026 893 1087 924; x_wconf 87' lang='lat' dir='ltr'>filie</span> <span class='ocrx_word' id='word_1_154' title='bbox 1120 898 1228 925; x_wconf 87' lang='lat' dir='ltr'>nostre</span> <span class='ocrx_word' id='word_1_155' title='bbox 1261 906 1279 925; x_wconf 81' lang='lat' dir='ltr'>a</span> <span class='ocrx_word' id='word_1_156' title='bbox 1310 895 1393 926; x_wconf 86' lang='lat' dir='ltr'>dicto</span> <span class='ocrx_word' id='word_1_157' title='bbox 1423 906 1499 937; x_wconf 80' lang='lat' dir='ltr'>rege</span> <span class='ocrx_word' id='word_1_158' title='bbox 1526 896 1576 926; x_wconf 88' lang='lat' dir='ltr'>vel</span> <span class='ocrx_word' id='word_1_159' title='bbox 1609 896 1676 926; x_wconf 89' lang='lat' dir='ltr'>eius</span> <span class='ocrx_word' id='word_1_160' title='bbox 1700 896 1763 926; x_wconf 89' lang='lat' dir='ltr'>filio</span> 
     </span>
     <span class='ocr_line' id='line_1_21' title="bbox 129 944 1762 989; baseline 0.001 -13"><span class='ocrx_word' id='word_1_161' title='bbox 129 945 309 977; x_wconf 84' lang='lat' dir='ltr'>faciendam</span> <span class='ocrx_word' id='word_1_162' title='bbox 338 955 374 976; x_wconf 80' lang='lat' dir='ltr'>ac</span> <span class='ocrx_word' id='word_1_163' title='bbox 399 945 501 976; x_wconf 88' lang='lat' dir='ltr'>eciam</span> <span class='ocrx_word' id='word_1_164' title='bbox 526 944 699 987; x_wconf 86' lang='lat' dir='ltr'>stipulandi</span> <span class='ocrx_word' id='word_1_165' title='bbox 733 955 788 986; x_wconf 88' lang='lat' dir='ltr'>pro</span> <span class='ocrx_word' id='word_1_166' title='bbox 812 945 902 975; x_wconf 88' lang='lat' dir='ltr'>nobis</span> <span class='ocrx_word' id='word_1_167' title='bbox 934 948 965 976; x_wconf 89' lang='lat' dir='ltr'>ct</span> <span class='ocrx_word' id='word_1_168' title='bbox 989 945 1074 976; x_wconf 85' lang='lat' dir='ltr'>dicta</span> <span class='ocrx_word' id='word_1_169' title='bbox 1098 946 1162 976; x_wconf 89' lang='lat' dir='ltr'>filia</span> <span class='ocrx_word' id='word_1_170' title='bbox 1187 950 1297 977; x_wconf 86' lang='lat' dir='ltr'>nostra</span> <span class='ocrx_word' id='word_1_171' title='bbox 1326 950 1357 977; x_wconf 91' lang='lat' dir='ltr'>et</span> <span class='ocrx_word' id='word_1_172' title='bbox 1388 947 1563 989; x_wconf 89' lang='lat' dir='ltr'>recipiendi</span> <span class='ocrx_word' id='word_1_173' title='bbox 1588 947 1762 987; x_wconf 74' lang='lat' dir='ltr'>obligaeio-</span> 
     </span>
     <span class='ocr_line' id='line_1_22' title="bbox 130 996 1763 1040; baseline 0.001 -12"><span class='ocrx_word' id='word_1_174' title='bbox 130 1008 212 1037; x_wconf 89' lang='lat' dir='ltr'>nem,</span> <span class='ocrx_word' id='word_1_175' title='bbox 236 1002 350 1038; x_wconf 74' lang='lat' dir='ltr'>quam³</span> <span class='ocrx_word' id='word_1_176' title='bbox 374 998 409 1028; x_wconf 91' lang='lat' dir='ltr'>in·</span> <span class='ocrx_word' id='word_1_177' title='bbox 421 997 586 1038; x_wconf 86' lang='lat' dir='ltr'>premissis</span> <span class='ocrx_word' id='word_1_178' title='bbox 604 997 741 1028; x_wconf 90' lang='lat' dir='ltr'>viderint</span> <span class='ocrx_word' id='word_1_179' title='bbox 759 1007 815 1027; x_wconf 88' lang='lat' dir='ltr'>seu</span> <span class='ocrx_word' id='word_1_180' title='bbox 834 996 947 1027; x_wconf 85' lang='lat' dir='ltr'>viderit</span> <span class='ocrx_word' id='word_1_181' title='bbox 964 999 1182 1038; x_wconf 71' lang='lat' dir='ltr'>oportunamb,</span> <span class='ocrx_word' id='word_1_182' title='bbox 1207 1002 1239 1029; x_wconf 88' lang='lat' dir='ltr'>et</span> <span class='ocrx_word' id='word_1_183' title='bbox 1256 998 1393 1029; x_wconf 85' lang='lat' dir='ltr'>faciendi</span> <span class='ocrx_word' id='word_1_184' title='bbox 1411 999 1559 1030; x_wconf 89' lang='lat' dir='ltr'>universa</span> <span class='ocrx_word' id='word_1_185' title='bbox 1577 1003 1609 1030; x_wconf 80' lang='lat' dir='ltr'>et</span> <span class='ocrx_word' id='word_1_186' title='bbox 1627 1000 1763 1040; x_wconf 74' lang='lat' dir='ltr'>singula,</span> 
     </span>
     <span class='ocr_line' id='line_1_23' title="bbox 129 1048 1761 1092; baseline -0.001 -11"><span class='ocrx_word' id='word_1_187' title='bbox 129 1061 189 1091; x_wconf 89' lang='lat' dir='ltr'>que</span> <span class='ocrx_word' id='word_1_188' title='bbox 214 1050 244 1080; x_wconf 93' lang='lat' dir='ltr'>in</span> <span class='ocrx_word' id='word_1_189' title='bbox 269 1049 420 1092; x_wconf 86' lang='lat' dir='ltr'>predictis</span> <span class='ocrx_word' id='word_1_190' title='bbox 445 1049 496 1080; x_wconf 89' lang='lat' dir='ltr'>vel</span> <span class='ocrx_word' id='word_1_191' title='bbox 521 1050 605 1080; x_wconf 84' lang='lat' dir='ltr'>circa</span> <span class='ocrx_word' id='word_1_192' title='bbox 629 1048 772 1090; x_wconf 86' lang='lat' dir='ltr'>predicta</span> <span class='ocrx_word' id='word_1_193' title='bbox 797 1060 856 1080; x_wconf 89' lang='lat' dir='ltr'>seu</span> <span class='ocrx_word' id='word_1_194' title='bbox 880 1049 1007 1090; x_wconf 84' lang='lat' dir='ltr'>aliquac</span> <span class='ocrx_word' id='word_1_195' title='bbox 1032 1050 1082 1080; x_wconf 89' lang='lat' dir='ltr'>vel</span> <span class='ocrx_word' id='word_1_196' title='bbox 1108 1050 1235 1091; x_wconf 86' lang='lat' dir='ltr'>aliquod</span> <span class='ocrx_word' id='word_1_197' title='bbox 1255 1050 1468 1091; x_wconf 84' lang='lat' dir='ltr'>predictorum</span> <span class='ocrx_word' id='word_1_198' title='bbox 1494 1051 1585 1081; x_wconf 87' lang='lat' dir='ltr'>nobis</span> <span class='ocrx_word' id='word_1_199' title='bbox 1602 1051 1652 1081; x_wconf 87' lang='lat' dir='ltr'>vel</span> <span class='ocrx_word' id='word_1_200' title='bbox 1678 1050 1761 1081; x_wconf 83' lang='lat' dir='ltr'>dicte</span> 
     </span>
     <span class='ocr_line' id='line_1_24' title="bbox 128 1100 1763 1143; baseline 0 -11"><span class='ocrx_word' id='word_1_201' title='bbox 128 1102 190 1133; x_wconf 84' lang='lat' dir='ltr'>filie</span> <span class='ocrx_word' id='word_1_202' title='bbox 220 1104 327 1132; x_wconf 82' lang='lat' dir='ltr'>nostre</span> <span class='ocrx_word' id='word_1_203' title='bbox 360 1101 499 1132; x_wconf 80' lang='lat' dir='ltr'>viderint</span> <span class='ocrx_word' id='word_1_204' title='bbox 528 1111 584 1132; x_wconf 85' lang='lat' dir='ltr'>seu</span> <span class='ocrx_word' id='word_1_205' title='bbox 617 1100 732 1131; x_wconf 89' lang='lat' dir='ltr'>viderit</span> <span class='ocrx_word' id='word_1_206' title='bbox 765 1101 929 1142; x_wconf 82' lang='lat' dir='ltr'>expedire.</span> <span class='ocrx_word' id='word_1_207' title='bbox 980 1101 1097 1132; x_wconf 74' lang='lat' dir='ltr'>Ratun]</span> <span class='ocrx_word' id='word_1_208' title='bbox 1131 1102 1271 1132; x_wconf 89' lang='lat' dir='ltr'>habituri</span> <span class='ocrx_word' id='word_1_209' title='bbox 1305 1105 1337 1133; x_wconf 93' lang='lat' dir='ltr'>et</span> <span class='ocrx_word' id='word_1_210' title='bbox 1367 1105 1492 1143; x_wconf 83' lang='lat' dir='ltr'>gratum</span> <span class='ocrx_word' id='word_1_211' title='bbox 1522 1113 1577 1143; x_wconf 90' lang='lat' dir='ltr'>pro</span> <span class='ocrx_word' id='word_1_212' title='bbox 1609 1103 1700 1133; x_wconf 87' lang='lat' dir='ltr'>nobis</span> <span class='ocrx_word' id='word_1_213' title='bbox 1732 1106 1763 1133; x_wconf 81' lang='lat' dir='ltr'>et</span> 
     </span>
     <span class='ocr_line' id='line_1_25' title="bbox 128 1152 1762 1194; baseline 0 -10"><span class='ocrx_word' id='word_1_214' title='bbox 128 1153 211 1184; x_wconf 85' lang='lat' dir='ltr'>dicta</span> <span class='ocrx_word' id='word_1_215' title='bbox 245 1153 310 1184; x_wconf 86' lang='lat' dir='ltr'>filia</span> <span class='ocrx_word' id='word_1_216' title='bbox 341 1156 467 1191; x_wconf 81' lang='lat' dir='ltr'>nostra,</span> <span class='ocrx_word' id='word_1_217' title='bbox 499 1153 649 1194; x_wconf 85' lang='lat' dir='ltr'>quiequid</span> <span class='ocrx_word' id='word_1_218' title='bbox 678 1163 735 1194; x_wconf 93' lang='lat' dir='ltr'>per</span> <span class='ocrx_word' id='word_1_219' title='bbox 766 1163 875 1183; x_wconf 90' lang='lat' dir='ltr'>onmes</span> <span class='ocrx_word' id='word_1_220' title='bbox 900 1152 1059 1194; x_wconf 90' lang='lat' dir='ltr'>predictos</span> <span class='ocrx_word' id='word_1_221' title='bbox 1089 1153 1168 1184; x_wconf 87' lang='lat' dir='ltr'>duos</span> <span class='ocrx_word' id='word_1_222' title='bbox 1193 1154 1241 1184; x_wconf 86' lang='lat' dir='ltr'>vel</span> <span class='ocrx_word' id='word_1_223' title='bbox 1272 1154 1408 1184; x_wconf 83' lang='lat' dir='ltr'>alterum</span> <span class='ocrx_word' id='word_1_224' title='bbox 1443 1154 1618 1185; x_wconf 88' lang='lat' dir='ltr'>eorundem</span> <span class='ocrx_word' id='word_1_225' title='bbox 1643 1154 1762 1184; x_wconf 85' lang='lat' dir='ltr'>factum</span> 
     </span>
     <span class='ocr_line' id='line_1_26' title="bbox 127 1204 1762 1246; baseline 0 -11"><span class='ocrx_word' id='word_1_226' title='bbox 127 1205 222 1236; x_wconf 87' lang='lat' dir='ltr'>fuerit</span> <span class='ocrx_word' id='word_1_227' title='bbox 245 1205 276 1235; x_wconf 92' lang='lat' dir='ltr'>in</span> <span class='ocrx_word' id='word_1_228' title='bbox 301 1205 447 1236; x_wconf 89' lang='lat' dir='ltr'>omnibus</span> <span class='ocrx_word' id='word_1_229' title='bbox 473 1208 504 1235; x_wconf 91' lang='lat' dir='ltr'>et</span> <span class='ocrx_word' id='word_1_230' title='bbox 526 1204 661 1246; x_wconf 83' lang='lat' dir='ltr'>singulis</span> <span class='ocrx_word' id='word_1_231' title='bbox 679 1204 881 1246; x_wconf 85' lang='lat' dir='ltr'>supradictis.</span> <span class='ocrx_word' id='word_1_232' title='bbox 917 1204 959 1235; x_wconf 88' lang='lat' dir='ltr'>Et</span> <span class='ocrx_word' id='word_1_233' title='bbox 982 1205 1042 1236; x_wconf 89' lang='lat' dir='ltr'>hoc</span> <span class='ocrx_word' id='word_1_234' title='bbox 1061 1204 1208 1236; x_wconf 88' lang='lat' dir='ltr'>omnibus</span> <span class='ocrx_word' id='word_1_235' title='bbox 1234 1215 1367 1246; x_wconf 88' lang='lat' dir='ltr'>quorum</span> <span class='ocrx_word' id='word_1_236' title='bbox 1394 1206 1526 1237; x_wconf 86' lang='lat' dir='ltr'>interest</span> <span class='ocrx_word' id='word_1_237' title='bbox 1544 1206 1762 1246; x_wconf 77' lang='lat' dir='ltr'>significamus</span> 
     </span>
     <span class='ocr_line' id='line_1_27' title="bbox 127 1257 681 1299; baseline -0.002 -11"><span class='ocrx_word' id='word_1_238' title='bbox 127 1260 238 1288; x_wconf 87' lang='lat' dir='ltr'>tenore</span> <span class='ocrx_word' id='word_1_239' title='bbox 262 1257 467 1299; x_wconf 82' lang='lat' dir='ltr'>presencium</span> <span class='ocrx_word' id='word_1_240' title='bbox 491 1257 681 1288; x_wconf 86' lang='lat' dir='ltr'>litterarum.</span> 
     </span>
     <span class='ocr_line' id='line_1_28' title="bbox 232 1308 507 1341; baseline 0 -2"><span class='ocrx_word' id='word_1_241' title='bbox 232 1308 305 1341; x_wconf 81' lang='lat' dir='ltr'>Dat.</span> <span class='ocrx_word' id='word_1_242' title='bbox 332 1312 364 1340; x_wconf 88' lang='lat' dir='ltr'>ct</span> <span class='ocrx_word' id='word_1_243' title='bbox 389 1311 507 1340; x_wconf 83' lang='lat' dir='ltr'>cetera.</span> 
     </span>
    </p>
   </div>
   <div class='ocr_carea' id='block_1_11' title="bbox 212 1453 1685 1606">
    <p class='ocr_par' dir='ltr' id='par_1_12' title="bbox 212 1453 1685 1606">
     <span class='ocr_line' id='line_1_29' title="bbox 212 1453 1685 1486; baseline -0.001 -2"><span class='ocrx_word' id='word_1_244' title='bbox 212 1453 286 1486; x_wconf 83' lang='lat'>164.</span> <span class='ocrx_word' id='word_1_245' title='bbox 317 1454 564 1486; x_wconf 81' lang='lat' dir='ltr'><em>PROMISSIO</em></span> <span class='ocrx_word' id='word_1_246' title='bbox 590 1454 742 1486; x_wconf 75' lang='lat' dir='ltr'><em>SUPER</em></span> <span class='ocrx_word' id='word_1_247' title='bbox 770 1454 1067 1485; x_wconf 74' lang='lat' dir='ltr'><em>HARTMANNO</em></span> <span class='ocrx_word' id='word_1_248' title='bbox 1096 1455 1153 1485; x_wconf 91' lang='lat' dir='ltr'>IN</span> <span class='ocrx_word' id='word_1_249' title='bbox 1179 1453 1487 1485; x_wconf 70' lang='lat' dir='ltr'><em>ROMANORUM</em></span> <span class='ocrx_word' id='word_1_250' title='bbox 1511 1453 1685 1484; x_wconf 65' lang='lat' dir='ltr'><em>REGEM</em></span> 
     </span>
     <span class='ocr_line' id='line_1_30' title="bbox 630 1505 1250 1545; baseline -0.003 -8"><span class='ocrx_word' id='word_1_251' title='bbox 630 1505 924 1537; x_wconf 80' lang='lat' dir='ltr'><em>ASSUMENDO.</em></span> <span class='ocrx_word' id='word_1_252' title='bbox 972 1507 1063 1536; x_wconf 65' lang='lat'><em>1278.</em></span> <span class='ocrx_word' id='word_1_253' title='bbox 1099 1506 1250 1545; x_wconf 57' lang='lat' dir='ltr'>Apuffl.</span> 
     </span>
     <span class='ocr_line' id='line_1_31' title="bbox 231 1566 1648 1606; baseline -0.002 -8"><span class='ocrx_word' id='word_1_254' title='bbox 231 1567 283 1598; x_wconf 70' lang='lat' dir='ltr'>Ex</span> <span class='ocrx_word' id='word_1_255' title='bbox 306 1567 406 1598; x_wconf 76' lang='lat' dir='ltr'>eodem</span> <span class='ocrx_word' id='word_1_256' title='bbox 432 1566 546 1598; x_wconf 77' lang='lat' dir='ltr'>Rotzdo</span> <span class='ocrx_word' id='word_1_257' title='bbox 569 1577 616 1598; x_wconf 73' lang='lat' dir='ltr'>nr.</span> <span class='ocrx_word' id='word_1_258' title='bbox 635 1568 663 1599; x_wconf 68' lang='grc'>8.</span> <span class='ocrx_word' id='word_1_259' title='bbox 691 1585 728 1589; x_wconf 89' lang='grc'>-</span> <span class='ocrx_word' id='word_1_260' title='bbox 755 1566 898 1603; x_wconf 71' lang='lat' dir='ltr'>L&#39;iilzmcr,</span> <span class='ocrx_word' id='word_1_261' title='bbox 924 1566 997 1605; x_wconf 62' lang='lat' dir='ltr'>Rea.</span> <span class='ocrx_word' id='word_1_262' title='bbox 1015 1567 1086 1605; x_wconf 70' lang='lat' dir='ltr'>imp.</span> <span class='ocrx_word' id='word_1_263' title='bbox 1112 1566 1164 1604; x_wconf 70' lang='grc' dir='ltr'>ΓΙ,</span> <span class='ocrx_word' id='word_1_264' title='bbox 1182 1567 1252 1596; x_wconf 73' lang='lat'>935.</span> <span class='ocrx_word' id='word_1_265' title='bbox 1465 1566 1518 1606; x_wconf 87' lang='lat' dir='ltr'>(P.</span> <span class='ocrx_word' id='word_1_266' title='bbox 1543 1566 1648 1605; x_wconf 60' lang='lat' dir='ltr'>(loesi.)</span> 
     </span>
    </p>
   </div>
   <div class='ocr_carea' id='block_1_12' title="bbox 125 1660 1757 2168">
    <p class='ocr_par' dir='ltr' id='par_1_13' title="bbox 126 1660 1757 1756">
     <span class='ocr_line' id='line_1_32' title="bbox 231 1660 1757 1704; baseline -0.002 -11"><span class='ocrx_word' id='word_1_267' title='bbox 231 1661 422 1704; x_wconf 90' lang='lat' dir='ltr'>Rudolphus</span> <span class='ocrx_word' id='word_1_268' title='bbox 439 1661 502 1693; x_wconf 86' lang='lat' dir='ltr'>Dei</span> <span class='ocrx_word' id='word_1_269' title='bbox 519 1662 622 1703; x_wconf 87' lang='lat' dir='ltr'>gratia</span> <span class='ocrx_word' id='word_1_270' title='bbox 639 1661 857 1692; x_wconf 86' lang='lat' dir='ltr'>Romanorum</span> <span class='ocrx_word' id='word_1_271' title='bbox 882 1671 938 1692; x_wconf 83' lang='lat' dir='ltr'>rex</span> <span class='ocrx_word' id='word_1_272' title='bbox 957 1671 1082 1702; x_wconf 89' lang='lat' dir='ltr'>semper</span> <span class='ocrx_word' id='word_1_273' title='bbox 1099 1664 1255 1702; x_wconf 81' lang='lat' dir='ltr'>augustus</span> <span class='ocrx_word' id='word_1_274' title='bbox 1273 1662 1431 1692; x_wconf 87' lang='lat' dir='ltr'>universis</span> <span class='ocrx_word' id='word_1_275' title='bbox 1449 1664 1616 1703; x_wconf 86' lang='lat' dir='ltr'>presentes</span> <span class='ocrx_word' id='word_1_276' title='bbox 1634 1660 1757 1691; x_wconf 83' lang='lat' dir='ltr'>litteras</span> 
     </span>
     <span class='ocr_line' id='line_1_33' title="bbox 126 1713 802 1756; baseline -0.003 -11"><span class='ocrx_word' id='word_1_277' title='bbox 126 1714 314 1756; x_wconf 81' lang='lat' dir='ltr'>inspecturis</span> <span class='ocrx_word' id='word_1_278' title='bbox 340 1714 476 1745; x_wconf 80' lang='lat' dir='ltr'>salutem</span> <span class='ocrx_word' id='word_1_279' title='bbox 500 1717 532 1745; x_wconf 87' lang='lat' dir='ltr'>et·</span> <span class='ocrx_word' id='word_1_280' title='bbox 556 1724 649 1744; x_wconf 89' lang='lat' dir='ltr'>omne</span> <span class='ocrx_word' id='word_1_281' title='bbox 674 1713 802 1744; x_wconf 84' lang='lat' dir='ltr'>bonurn.</span> 
     </span>
    </p>

    <p class='ocr_par' dir='ltr' id='par_1_14' title="bbox 125 1765 1756 2168">
     <span class='ocr_line' id='line_1_34' title="bbox 229 1765 1752 1806; baseline -0.001 -11"><span class='ocrx_word' id='word_1_282' title='bbox 229 1765 460 1797; x_wconf 86' lang='lat' dir='ltr'>Desiderantes</span> <span class='ocrx_word' id='word_1_283' title='bbox 492 1776 532 1796; x_wconf 85' lang='lat' dir='ltr'>ex</span> <span class='ocrx_word' id='word_1_284' title='bbox 561 1765 682 1796; x_wconf 85' lang='lat' dir='ltr'>intimis</span> <span class='ocrx_word' id='word_1_285' title='bbox 706 1765 805 1796; x_wconf 85' lang='lat' dir='ltr'>nostri</span> <span class='ocrx_word' id='word_1_286' title='bbox 830 1765 948 1803; x_wconf 89' lang='lat' dir='ltr'>cordis,</span> <span class='ocrx_word' id='word_1_287' title='bbox 984 1765 1067 1806; x_wconf 89' lang='lat' dir='ltr'>quod</span> <span class='ocrx_word' id='word_1_288' title='bbox 1091 1765 1155 1795; x_wconf 86' lang='lat' dir='ltr'>filio</span> <span class='ocrx_word' id='word_1_289' title='bbox 1180 1768 1289 1796; x_wconf 87' lang='lat' dir='ltr'>nestro</span> <span class='ocrx_word' id='word_1_290' title='bbox 1314 1765 1483 1796; x_wconf 79' lang='lat' dir='ltr'>karissimo</span> <span class='ocrx_word' id='word_1_291' title='bbox 1514 1765 1653 1805; x_wconf 84' lang='lat' dir='ltr'>desuper</span> <span class='ocrx_word' id='word_1_292' title='bbox 1677 1774 1752 1794; x_wconf 91' lang='lat' dir='ltr'>con-</span> 
     </span>
     <span class='ocr_line' id='line_1_35' title="bbox 126 1816 1754 1857; baseline -0.002 -9"><span class='ocrx_word' id='word_1_293' title='bbox 126 1817 256 1848; x_wconf 86' lang='lat' dir='ltr'>cedatur</span> <span class='ocrx_word' id='word_1_294' title='bbox 279 1817 455 1848; x_wconf 85' lang='lat' dir='ltr'>ascendere</span> <span class='ocrx_word' id='word_1_295' title='bbox 474 1817 588 1848; x_wconf 89' lang='lat' dir='ltr'>solium</span> <span class='ocrx_word' id='word_1_296' title='bbox 605 1817 693 1857; x_wconf 84' lang='lat' dir='ltr'>regie</span> <span class='ocrx_word' id='word_1_297' title='bbox 711 1817 900 1855; x_wconf 78' lang='lat' dir='ltr'>maiestatis,</span> <span class='ocrx_word' id='word_1_298' title='bbox 924 1817 1129 1857; x_wconf 88' lang='lat' dir='ltr'>presencium</span> <span class='ocrx_word' id='word_1_299' title='bbox 1147 1816 1230 1847; x_wconf 89' lang='lat' dir='ltr'>serie</span> <span class='ocrx_word' id='word_1_300' title='bbox 1248 1817 1448 1857; x_wconf 73' lang='lat' dir='ltr'>pollicemur,</span> <span class='ocrx_word' id='word_1_301' title='bbox 1473 1816 1555 1857; x_wconf 90' lang='lat' dir='ltr'>quod</span> <span class='ocrx_word' id='word_1_302' title='bbox 1574 1827 1630 1846; x_wconf 93' lang='lat' dir='ltr'>nos</span> <span class='ocrx_word' id='word_1_303' title='bbox 1655 1816 1754 1845; x_wconf 90' lang='lat' dir='ltr'>omni-</span> 
     </span>
     <span class='ocr_line' id='line_1_36' title="bbox 125 1866 1756 1907; baseline -0.001 -9"><span class='ocrx_word' id='word_1_304' title='bbox 125 1868 234 1900; x_wconf 85' lang='lat' dir='ltr'>modas</span> <span class='ocrx_word' id='word_1_305' title='bbox 260 1879 352 1900; x_wconf 80' lang='lat' dir='ltr'>curas</span> <span class='ocrx_word' id='word_1_306' title='bbox 376 1872 503 1900; x_wconf 78' lang='lat' dir='ltr'>nostras</span> <span class='ocrx_word' id='word_1_307' title='bbox 528 1872 560 1899; x_wconf 82' lang='lat' dir='ltr'>et</span> <span class='ocrx_word' id='word_1_308' title='bbox 584 1868 689 1899; x_wconf 78' lang='lat' dir='ltr'>studia</span> <span class='ocrx_word' id='word_1_309' title='bbox 714 1871 938 1899; x_wconf 87' lang='lat' dir='ltr'>convertemus</span> <span class='ocrx_word' id='word_1_310' title='bbox 964 1871 995 1898; x_wconf 90' lang='lat' dir='ltr'>et</span> <span class='ocrx_word' id='word_1_311' title='bbox 1019 1868 1237 1898; x_wconf 82' lang='lat' dir='ltr'>laborabimus</span> <span class='ocrx_word' id='word_1_312' title='bbox 1263 1868 1435 1898; x_wconf 82' lang='lat' dir='ltr'>efficaciter</span> <span class='ocrx_word' id='word_1_313' title='bbox 1458 1868 1542 1898; x_wconf 85' lang='lat' dir='ltr'>bona</span> <span class='ocrx_word' id='word_1_314' title='bbox 1566 1867 1641 1907; x_wconf 87' lang='lat' dir='ltr'>fide,</span> <span class='ocrx_word' id='word_1_315' title='bbox 1671 1866 1756 1907; x_wconf 88' lang='lat' dir='ltr'>quod</span> 
     </span>
     <span class='ocr_line' id='line_1_37' title="bbox 125 1919 1754 1961; baseline -0.002 -10"><span class='ocrx_word' id='word_1_316' title='bbox 125 1920 206 1951; x_wconf 85' lang='lat' dir='ltr'>filius</span> <span class='ocrx_word' id='word_1_317' title='bbox 230 1924 338 1951; x_wconf 87' lang='lat' dir='ltr'>noster</span> <span class='ocrx_word' id='word_1_318' title='bbox 362 1920 581 1951; x_wconf 80' lang='lat' dir='ltr'>Hartmannus</span> <span class='ocrx_word' id='word_1_319' title='bbox 606 1920 645 1951; x_wconf 88' lang='lat' dir='ltr'>de</span> <span class='ocrx_word' id='word_1_320' title='bbox 670 1919 847 1961; x_wconf 83' lang='lat' dir='ltr'>Habspurg</span> <span class='ocrx_word' id='word_1_321' title='bbox 871 1923 903 1950; x_wconf 88' lang='lat' dir='ltr'>et</span> <span class='ocrx_word' id='word_1_322' title='bbox 927 1919 966 1950; x_wconf 93' lang='lat' dir='ltr'>de</span> <span class='ocrx_word' id='word_1_323' title='bbox 989 1919 1124 1960; x_wconf 76' lang='lat' dir='ltr'>Kyburg</span> <span class='ocrx_word' id='word_1_324' title='bbox 1149 1930 1271 1957; x_wconf 85' lang='lat' dir='ltr'>eomes⁷</span> <span class='ocrx_word' id='word_1_325' title='bbox 1294 1919 1427 1950; x_wconf 85' lang='lat' dir='ltr'>Alsacie</span> <span class='ocrx_word' id='word_1_326' title='bbox 1449 1919 1658 1960; x_wconf 72' lang='lat' dir='ltr'>lantgravius,</span> <span class='ocrx_word' id='word_1_327' title='bbox 1684 1928 1754 1948; x_wconf 89' lang='lat' dir='ltr'>cum</span> 
     </span>
     <span class='ocr_line' id='line_1_38' title="bbox 125 1969 1755 2014; baseline -0.002 -12"><span class='ocrx_word' id='word_1_328' title='bbox 125 1971 279 2014; x_wconf 86' lang='lat' dir='ltr'>imperiali</span> <span class='ocrx_word' id='word_1_329' title='bbox 301 1972 483 2004; x_wconf 84' lang='lat' dir='ltr'>diademate</span> <span class='ocrx_word' id='word_1_330' title='bbox 500 1972 608 2002; x_wconf 85' lang='lat' dir='ltr'>divina</span> <span class='ocrx_word' id='word_1_331' title='bbox 624 1972 753 2002; x_wconf 81' lang='lat' dir='ltr'>favente</span> <span class='ocrx_word' id='word_1_332' title='bbox 772 1972 948 2003; x_wconf 84' lang='lat' dir='ltr'>clemencia</span> <span class='ocrx_word' id='word_1_333' title='bbox 973 1971 1115 2012; x_wconf 83' lang='lat' dir='ltr'>insigniti</span> <span class='ocrx_word' id='word_1_334' title='bbox 1132 1971 1296 2007; x_wconf 72' lang='lat' dir='ltr'>fuerimus,</span> <span class='ocrx_word' id='word_1_335' title='bbox 1322 1971 1352 2000; x_wconf 95' lang='lat' dir='ltr'>in</span> <span class='ocrx_word' id='word_1_336' title='bbox 1370 1969 1611 2012; x_wconf 75' lang='lat' dir='ltr'>Roman[or]uni</span> <span class='ocrx_word' id='word_1_337' title='bbox 1637 1980 1755 2010; x_wconf 80' lang='lat' dir='ltr'>regem,</span> 
     </span>
     <span class='ocr_line' id='line_1_39' title="bbox 125 2021 1756 2065; baseline -0.001 -12"><span class='ocrx_word' id='word_1_338' title='bbox 125 2023 248 2065; x_wconf 89' lang='lat' dir='ltr'>imperii</span> <span class='ocrx_word' id='word_1_339' title='bbox 271 2024 450 2065; x_wconf 88' lang='lat' dir='ltr'>principum</span> <span class='ocrx_word' id='word_1_340' title='bbox 472 2025 648 2055; x_wconf 88' lang='lat' dir='ltr'>electorum</span> <span class='ocrx_word' id='word_1_341' title='bbox 674 2023 909 2054; x_wconf 85' lang='lat' dir='ltr'>interveniente</span> <span class='ocrx_word' id='word_1_342' title='bbox 935 2033 1095 2054; x_wconf 84' lang='lat' dir='ltr'>consensu</span> <span class='ocrx_word' id='word_1_343' title='bbox 1119 2022 1269 2053; x_wconf 89' lang='lat' dir='ltr'>benivolo</span> <span class='ocrx_word' id='word_1_344' title='bbox 1296 2025 1326 2052; x_wconf 83' lang='lat' dir='ltr'>et</span> <span class='ocrx_word' id='word_1_345' title='bbox 1351 2022 1510 2059; x_wconf 89' lang='lat' dir='ltr'>concordi,</span> <span class='ocrx_word' id='word_1_346' title='bbox 1536 2021 1756 2062; x_wconf 83' lang='lat' dir='ltr'>sollempniter</span> 
     </span>
     <span class='ocr_line' id='line_1_40' title="bbox 125 2073 1753 2116; baseline -0.002 -11"><span class='ocrx_word' id='word_1_347' title='bbox 125 2078 312 2108; x_wconf 84' lang='lat' dir='ltr'>assumatur.</span> <span class='ocrx_word' id='word_1_348' title='bbox 358 2075 395 2106; x_wconf 92' lang='lat' dir='ltr'>In</span> <span class='ocrx_word' id='word_1_349' title='bbox 420 2076 509 2106; x_wconf 90' lang='lat' dir='ltr'>euius</span> <span class='ocrx_word' id='word_1_350' title='bbox 534 2076 580 2107; x_wconf 93' lang='lat' dir='ltr'>rei</span> <span class='ocrx_word' id='word_1_351' title='bbox 604 2075 822 2106; x_wconf 82' lang='lat' dir='ltr'>testimonium</span> <span class='ocrx_word' id='word_1_352' title='bbox 848 2085 982 2116; x_wconf 87' lang='lat' dir='ltr'>presens</span> <span class='ocrx_word' id='word_1_353' title='bbox 1008 2075 1161 2115; x_wconf 87' lang='lat' dir='ltr'>scriptum</span> <span class='ocrx_word' id='word_1_354' title='bbox 1192 2073 1349 2105; x_wconf 88' lang='lat' dir='ltr'>conscribi</span> <span class='ocrx_word' id='word_1_355' title='bbox 1379 2077 1410 2104; x_wconf 89' lang='lat' dir='ltr'>et</span> <span class='ocrx_word' id='word_1_356' title='bbox 1439 2073 1617 2104; x_wconf 79' lang='lat' dir='ltr'>maiestatis</span> <span class='ocrx_word' id='word_1_357' title='bbox 1646 2076 1753 2103; x_wconf 77' lang='lat' dir='ltr'>nostre</span> 
     </span>
     <span class='ocr_line' id='line_1_41' title="bbox 125 2126 623 2168; baseline 0 -11"><span class='ocrx_word' id='word_1_358' title='bbox 125 2126 227 2168; x_wconf 83' lang='lat' dir='ltr'>sigillo</span> <span class='ocrx_word' id='word_1_359' title='bbox 251 2127 401 2158; x_wconf 82' lang='lat' dir='ltr'>iussimus</span> <span class='ocrx_word' id='word_1_360' title='bbox 425 2127 623 2159; x_wconf 86' lang='lat' dir='ltr'>communiri.</span> 
     </span>
    </p>
   </div>
   <div class='ocr_carea' id='block_1_13' title="bbox 229 2185 1477 2228">
    <p class='ocr_par' dir='ltr' id='par_1_15' title="bbox 229 2185 1477 2228">
     <span class='ocr_line' id='line_1_42' title="bbox 229 2185 1477 2228; baseline -0.001 -10"><span class='ocrx_word' id='word_1_361' title='bbox 229 2186 303 2221; x_wconf 81' lang='lat' dir='ltr'>Dat.</span> <span class='ocrx_word' id='word_1_362' title='bbox 327 2187 475 2227; x_wconf 89' lang='lat' dir='ltr'>Wienne,</span> <span class='ocrx_word' id='word_1_363' title='bbox 499 2188 576 2220; x_wconf 88' lang='lat' dir='ltr'><strong>VII.</strong></span> <span class='ocrx_word' id='word_1_364' title='bbox 592 2187 665 2220; x_wconf 81' lang='lat' dir='ltr'>Kal.</span> <span class='ocrx_word' id='word_1_365' title='bbox 690 2187 775 2227; x_wconf 88' lang='lat' dir='ltr'>Maii,</span> <span class='ocrx_word' id='word_1_366' title='bbox 801 2186 910 2218; x_wconf 89' lang='lat' dir='ltr'>indict.</span> <span class='ocrx_word' id='word_1_367' title='bbox 927 2186 983 2225; x_wconf 87' lang='lat' dir='ltr'>VI,</span> <span class='ocrx_word' id='word_1_368' title='bbox 1010 2186 1099 2228; x_wconf 84' lang='lat' dir='ltr'>regni</span> <span class='ocrx_word' id='word_1_369' title='bbox 1124 2186 1225 2217; x_wconf 90' lang='lat' dir='ltr'>nostri</span> <span class='ocrx_word' id='word_1_370' title='bbox 1249 2196 1331 2217; x_wconf 89' lang='lat' dir='ltr'>anno</span> <span class='ocrx_word' id='word_1_371' title='bbox 1358 2185 1477 2226; x_wconf 78' lang='lat' dir='ltr'>quinte.</span> 
     </span>
    </p>
   </div>
   <div class='ocr_carea' id='block_1_14' title="bbox 227 2331 1645 2485">
    <p class='ocr_par' dir='ltr' id='par_1_16' title="bbox 227 2331 1645 2485">
     <span class='ocr_line' id='line_1_43' title="bbox 416 2331 1454 2366; baseline -0.004 0"><span class='ocrx_word' id='word_1_372' title='bbox 416 2333 490 2366; x_wconf 82' lang='lat'><strong>165.</strong></span> <span class='ocrx_word' id='word_1_373' title='bbox 515 2333 762 2366; x_wconf 75' lang='lat' dir='ltr'><strong><em>PROMISSIO</em></strong></span> <span class='ocrx_word' id='word_1_374' title='bbox 786 2333 938 2366; x_wconf 80' lang='lat' dir='ltr'><strong><em>SUPER</em></strong></span> <span class='ocrx_word' id='word_1_375' title='bbox 961 2332 1121 2364; x_wconf 77' lang='lat' dir='ltr'><em>REGNO</em></span> <span class='ocrx_word' id='word_1_376' title='bbox 1143 2331 1454 2363; x_wconf 76' lang='lat' dir='ltr'><em>ARELATENSI.</em></span> 
     </span>
     <span class='ocr_line' id='line_1_44' title="bbox 800 2386 1075 2425; baseline 0 -10"><span class='ocrx_word' id='word_1_377' title='bbox 800 2387 891 2417; x_wconf 64' lang='lat'>1270:</span> <span class='ocrx_word' id='word_1_378' title='bbox 929 2386 1008 2425; x_wconf 72' lang='lat' dir='ltr'>Astr.</span> <span class='ocrx_word' id='word_1_379' title='bbox 1025 2387 1075 2416; x_wconf 69' lang='lat'>25.</span> 
     </span>
     <span class='ocr_line' id='line_1_45' title="bbox 227 2442 1645 2485; baseline -0.005 -7"><span class='ocrx_word' id='word_1_380' title='bbox 227 2446 280 2478; x_wconf 65' lang='lat' dir='ltr'>Ea&gt;</span> <span class='ocrx_word' id='word_1_381' title='bbox 302 2447 402 2479; x_wconf 75' lang='lat' dir='ltr'>eodem</span> <span class='ocrx_word' id='word_1_382' title='bbox 425 2446 539 2478; x_wconf 77' lang='lat' dir='ltr'>Rotulo</span> <span class='ocrx_word' id='word_1_383' title='bbox 563 2457 611 2479; x_wconf 72' lang='lat' dir='ltr'>nr.</span> <span class='ocrx_word' id='word_1_384' title='bbox 630 2447 657 2478; x_wconf 78' lang='lat'>5.</span> <span class='ocrx_word' id='word_1_385' title='bbox 683 2466 721 2469; x_wconf 92' lang='lat'>—-</span> <span class='ocrx_word' id='word_1_386' title='bbox 747 2446 889 2483; x_wconf 69' lang='lat' dir='ltr'>Biilemcr,</span> <span class='ocrx_word' id='word_1_387' title='bbox 915 2446 987 2485; x_wconf 62' lang='lat' dir='ltr'>Ray.</span> <span class='ocrx_word' id='word_1_388' title='bbox 1007 2446 1078 2484; x_wconf 72' lang='lat' dir='ltr'>imp.</span> <span class='ocrx_word' id='word_1_389' title='bbox 1104 2444 1154 2482; x_wconf 74' lang='lat' dir='ltr'>VI,</span> <span class='ocrx_word' id='word_1_390' title='bbox 1174 2444 1265 2475; x_wconf 74' lang='lat'><em>9362.</em></span> <span class='ocrx_word' id='word_1_391' title='bbox 1462 2442 1514 2480; x_wconf 63' lang='grc' dir='ltr'><em>(Ι).</em></span> <span class='ocrx_word' id='word_1_392' title='bbox 1539 2442 1645 2479; x_wconf 54' lang='lat' dir='ltr'>‹la-st.)</span> 
     </span>
    </p>
   </div>
   <div class='ocr_carea' id='block_1_15' title="bbox 228 2536 1747 2584">
    <p class='ocr_par' dir='ltr' id='par_1_17' title="bbox 228 2536 1747 2584">
     <span class='ocr_line' id='line_1_46' title="bbox 228 2536 1747 2584; baseline -0.007 -10"><span class='ocrx_word' id='word_1_393' title='bbox 228 2542 415 2584; x_wconf 85' lang='lat' dir='ltr'>Rudolphus</span> <span class='ocrx_word' id='word_1_394' title='bbox 432 2542 495 2574; x_wconf 89' lang='lat' dir='ltr'>Dei</span> <span class='ocrx_word' id='word_1_395' title='bbox 519 2543 623 2584; x_wconf 84' lang='lat' dir='ltr'>gratia</span> <span class='ocrx_word' id='word_1_396' title='bbox 639 2541 856 2573; x_wconf 84' lang='lat' dir='ltr'>Romanorum</span> <span class='ocrx_word' id='word_1_397' title='bbox 874 2552 931 2573; x_wconf 82' lang='lat' dir='ltr'>rex</span> <span class='ocrx_word' id='word_1_398' title='bbox 950 2551 1078 2582; x_wconf 84' lang='lat' dir='ltr'>semper</span> <span class='ocrx_word' id='word_1_399' title='bbox 1095 2542 1250 2581; x_wconf 82' lang='lat' dir='ltr'>augustus</span> <span class='ocrx_word' id='word_1_400' title='bbox 1268 2538 1423 2570; x_wconf 80' lang='lat' dir='ltr'>universis</span> <span class='ocrx_word' id='word_1_401' title='bbox 1442 2539 1608 2578; x_wconf 81' lang='lat' dir='ltr'>presentes</span> <span class='ocrx_word' id='word_1_402' title='bbox 1627 2536 1747 2565; x_wconf 70' lang='lat' dir='ltr'>litteras</span> 
     </span>
    </p>
   </div>
   <div class='ocr_carea' id='block_1_16' title="bbox 75 2592 798 2635">
    <p class='ocr_par' dir='ltr' id='par_1_18' title="bbox 75 2592 798 2635">
     <span class='ocr_line' id='line_1_47' title="bbox 75 2592 798 2635; baseline -0.001 -10"><span class='ocrx_word' id='word_1_403' title='bbox 75 2607 99 2625; x_wconf 70' lang='lat' dir='ltr'>a·</span> <span class='ocrx_word' id='word_1_404' title='bbox 125 2592 312 2635; x_wconf 87' lang='lat' dir='ltr'>inspecturis</span> <span class='ocrx_word' id='word_1_405' title='bbox 337 2595 472 2626; x_wconf 88' lang='lat' dir='ltr'>salutem</span> <span class='ocrx_word' id='word_1_406' title='bbox 497 2598 529 2626; x_wconf 88' lang='lat' dir='ltr'>et</span> <span class='ocrx_word' id='word_1_407' title='bbox 553 2605 646 2625; x_wconf 86' lang='lat' dir='ltr'>omne</span> <span class='ocrx_word' id='word_1_408' title='bbox 669 2594 798 2625; x_wconf 89' lang='lat' dir='ltr'>bonum.</span> 
     </span>
    </p>
   </div>
   <div class='ocr_carea' id='block_1_17' title="bbox 224 2686 1049 2721">
    <p class='ocr_par' dir='ltr' id='par_1_19' title="bbox 224 2686 1049 2721">
     <span class='ocr_line' id='line_1_48' title="bbox 224 2686 1049 2721; baseline -0.001 -9"><span class='ocrx_word' id='word_1_409' title='bbox 224 2687 287 2713; x_wconf 77' lang='grc'>163.</span> <span class='ocrx_word' id='word_1_410' title='bbox 307 2688 330 2721; x_wconf 69' lang='lat'>²²)</span> <span class='ocrx_word' id='word_1_411' title='bbox 350 2698 399 2720; x_wconf 83' lang='lat' dir='ltr'>que</span> <span class='ocrx_word' id='word_1_412' title='bbox 418 2694 448 2713; x_wconf 74' lang='lat' dir='ltr'>tr.</span> <span class='ocrx_word' id='word_1_413' title='bbox 536 2688 559 2721; x_wconf 77' lang='lat' dir='ltr'>b)</span> <span class='ocrx_word' id='word_1_414' title='bbox 583 2692 734 2721; x_wconf 80' lang='lat' dir='ltr'>oportunum</span> <span class='ocrx_word' id='word_1_415' title='bbox 753 2692 785 2712; x_wconf 79' lang='lat' dir='ltr'>tr.</span> <span class='ocrx_word' id='word_1_416' title='bbox 872 2688 894 2718; x_wconf 72' lang='lat' dir='ltr'>c)</span> <span class='ocrx_word' id='word_1_417' title='bbox 914 2686 1000 2719; x_wconf 82' lang='lat' dir='ltr'>aliquo</span> <span class='ocrx_word' id='word_1_418' title='bbox 1019 2691 1049 2711; x_wconf 69' lang='lat' dir='ltr'>tr.</span> 
     </span>
    </p>
   </div>
   <div class='ocr_carea' id='block_1_18' title="bbox 127 2750 1744 2869">
    <p class='ocr_par' dir='ltr' id='par_1_20' title="bbox 127 2750 1744 2869">
     <span class='ocr_line' id='line_1_49' title="bbox 223 2750 1744 2789; baseline -0.006 -7"><span class='ocrx_word' id='word_1_419' title='bbox 223 2756 247 2788; x_wconf 90' lang='lat'>1)</span> <span class='ocrx_word' id='word_1_420' title='bbox 267 2756 350 2782; x_wconf 84' lang='lat' dir='ltr'>doscli</span> <span class='ocrx_word' id='word_1_421' title='bbox 368 2759 520 2789; x_wconf 68' lang='lat' dir='ltr'>corruptum</span> <span class='ocrx_word' id='word_1_422' title='bbox 540 2764 592 2781; x_wconf 77' lang='lat' dir='ltr'>esse</span> <span class='ocrx_word' id='word_1_423' title='bbox 612 2764 643 2781; x_wconf 61' lang='lat' dir='ltr'>ent</span> <span class='ocrx_word' id='word_1_424' title='bbox 662 2755 736 2788; x_wconf 67' lang='lat' dir='ltr'>eseli,</span> <span class='ocrx_word' id='word_1_425' title='bbox 756 2755 825 2787; x_wconf 74' lang='lat' dir='ltr'>qnod</span> <span class='ocrx_word' id='word_1_426' title='bbox 845 2757 879 2779; x_wconf 76' lang='lat' dir='ltr'>est</span> <span class='ocrx_word' id='word_1_427' title='bbox 893 2754 1000 2779; x_wconf 61' lang='lat' dir='ltr'>‹lanam›</span> <span class='ocrx_word' id='word_1_428' title='bbox 1013 2756 1074 2779; x_wconf 67' lang='lat' dir='ltr'>(mlv</span> <span class='ocrx_word' id='word_1_429' title='bbox 1087 2753 1196 2786; x_wconf 60' lang='lat' dir='ltr'>nuptias</span> <span class='ocrx_word' id='word_1_430' title='bbox 1209 2753 1296 2778; x_wconf 64' lang='lat' dir='ltr'>osenla</span> <span class='ocrx_word' id='word_1_431' title='bbox 1310 2751 1500 2782; x_wconf 49' lang='lat' dir='ltr'>fulvi·vensicula,</span> <span class='ocrx_word' id='word_1_432' title='bbox 1519 2750 1744 2775; x_wconf 58' lang='lat' dir='ltr'>=11101111it2m111mn</span> 
     </span>
     <span class='ocr_line' id='line_1_50' title="bbox 127 2796 1309 2832; baseline -0.003 -8"><span class='ocrx_word' id='word_1_433' title='bbox 127 2798 164 2829; x_wconf 75' lang='lat' dir='ltr'>Cf-</span> <span class='ocrx_word' id='word_1_434' title='bbox 185 2798 345 2824; x_wconf 69' lang='lat' dir='ltr'>‘mealae’</span> <span class='ocrx_word' id='word_1_435' title='bbox 361 2808 388 2832; x_wconf 71' lang='lat'>1),</span> <span class='ocrx_word' id='word_1_436' title='bbox 404 2803 451 2825; x_wconf 68' lang='lat'>764</span> <span class='ocrx_word' id='word_1_437' title='bbox 470 2808 489 2826; x_wconf 78' lang='lat' dir='ltr'>s,</span> <span class='ocrx_word' id='word_1_438' title='bbox 505 2808 524 2825; x_wconf 81' lang='lat' dir='ltr'>r.</span> <span class='ocrx_word' id='word_1_439' title='bbox 544 2799 675 2825; x_wconf 77' lang='lat' dir='ltr'>osculum.</span> <span class='ocrx_word' id='word_1_440' title='bbox 764 2800 790 2829; x_wconf 71' lang='lat'>2)</span> <span class='ocrx_word' id='word_1_441' title='bbox 812 2798 926 2823; x_wconf 59' lang='lat' dir='ltr'>(salarum</span> <span class='ocrx_word' id='word_1_442' title='bbox 946 2800 979 2830; x_wconf 68' lang='grc' dir='ltr'>(γ’.</span> <span class='ocrx_word' id='word_1_443' title='bbox 1002 2797 1065 2829; x_wconf 61' lang='lat' dir='ltr'>Rea.</span> <span class='ocrx_word' id='word_1_444' title='bbox 1078 2797 1139 2828; x_wconf 68' lang='lat' dir='ltr'>imp.</span> <span class='ocrx_word' id='word_1_445' title='bbox 1159 2796 1203 2827; x_wconf 69' lang='grc' dir='ltr'>ΓΙ,</span> <span class='ocrx_word' id='word_1_446' title='bbox 1220 2800 1309 2820; x_wconf 53' lang='lat'>120511.</span> 
     </span>
     <span class='ocr_line' id='line_1_51' title="bbox 1492 2844 1535 2869; baseline -0.047 0"><span class='ocrx_word' id='word_1_447' title='bbox 1492 2844 1535 2869; x_wconf 51' lang='grc' dir='ltr'>’.ΣΗ11</span> 
     </span>
    </p>
   </div>
  </div>
 </body>
</html>
