2259 3164
512 115 645 141 ADOLFI
664 115 768 141 REGIS
787 115 1110 143 CONSTITUTioNEs.
1150 116 1222 142 1294.
1262 116 1379 142 Ν1.517.
1399 117 1456 144 518,
1743 118 1803 146 497

221 203 284 232 suis
309 202 491 242 patentibus
514 203 628 232 litteris
652 201 923 242 protestabantur,
949 201 1035 243 quod
1059 201 1098 231 de
1122 202 1285 232 voluntate
1311 207 1343 233 et
1366 203 1517 234 mandato
1542 206 1648 233 nostro
1671 202 1803 243 speciali

219 253 399 284 huiusmodi
423 254 655 284 subtraetiones
679 254 884 283 serviciorum
908 253 1133 283 inviolabiliter
1157 254 1381 293 observabunt,
1407 256 1430 285 si
1456 255 1541 295 quod
1566 255 1649 285 absit
1665 265 1802 285 conven-

220 305 327 335 aiones
362 304 492 335 easdem
524 315 581 335 nos
612 305 660 335 vel
695 304 831 334 heredes
862 305 960 334 nostri
990 305 1118 334 minime
1155 315 1363 336 servaremus.
1419 306 1522 346 Super
1557 307 1670 346 quibus
1704 306 1801 335 etiam

218 359 342 386 nostras
370 356 492 386 litteras
523 359 670 396 patentes
700 366 755 396 pro
783 355 874 385 nobis
903 359 935 386 et
964 355 1136 385 heredibus
1168 357 1282 386 nostris
1311 357 1457 387 dabimus
1486 358 1553 398 regi
1583 358 1801 388 Romanorum

125 420 135 437 5
221 407 392 438 antedicto.

263 469 291 498 S.
325 467 406 497 Item
432 467 581 498 dixerunt
610 470 641 497 et
670 466 909 503 ordinaverunt„
942 467 1026 507 quod
1057 478 1113 497 nos
1143 478 1199 508 pro
1231 468 1320 498 nobis
1351 472 1381 498 ct
1412 469 1582 499 heredibus
1606 469 1719 498 nostris
1744 468 1800 499 sub

221 518 324 560 sigillo
353 522 459 549 nostro
489 529 641 559 expresse
671 529 728 559 per
755 519 877 548 litteras
905 521 1029 548 nostras
1058 518 1259 559 (lupplieatas
1287 520 1479 550 ratificemus
1504 521 1607 550 omniu
1634 519 1800 560 prelibata.

263 580 290 609 9.
328 578 409 608 Item
435 578 583 608 dixerunt
608 581 640 608 et
664 578 900 617 ordinaverunt,
926 578 1010 618 quod
1035 589 1091 608 nos
1116 581 1148 608 et
1172 578 1308 609 heredes
1329 580 1426 609 nostri
1444 580 1528 609 omni
1546 590 1634 609 mora
1651 579 1801 609 affectata

222 631 401 670 postposita
425 630 464 660 ad
490 631 586 660 cicius
611 630 695 671 quod
713 631 888 670 poterimus
906 630 989 660 bona
1013 629 1075 660 fide
1100 633 1203 659 castra
1221 633 1328 659 nostra
1345 631 1544 660 movebimus
1560 630 1611 660 vel
1629 630 1802 660 movebunt

114 694 138 712 10
222 684 253 711 et
277 692 347 711 cum
374 682 516 712 exercitu
540 688 646 712 nostro
672 682 712 711 ad
737 685 841 711 certos
866 681 950 712 diem
982 685 1013 711 et
1037 681 1141 711 10011111
1166 692 1223 721 per
1247 681 1388 721 prefatos
1412 682 1703 722 archiepiscopum,
1734 683 1801 723 epi-

222 744 367 773 scopum,
393 734 542 764 comitem
567 737 599 763 et
622 733 794 773 Hugonem
820 736 851 763 et
877 733 1008 763 nuncios
1032 732 1150 773 prefati
1174 733 1258 773 regis
1282 732 1498 763 Romanorum
1524 733 1737 763 condicendos
1760 733 1801 763 ad

218 785 322 825 ipsum
353 795 462 824 regem
492 784 708 814 Romanorum
742 795 812 815 cum
841 785 956 814 nostris
988 784 1169 814 hominibus
1203 785 1263 814 iter
1291 785 1480 824 arripiemus
1510 785 1560 814 vel
1591 785 1743 825 arripient
1771 788 1802 815 et

221 835 451 866 declinabimus
480 835 531 865 vel
568 835 774 865 declinabunt
808 846 867 865 1100
903 835 1125 875 separabimur
1158 845 1214 864 nos
1251 838 1282 865 ct
1317 835 1458 875 prefatus
1493 847 1549 866 rex
1583 836 1801 866 Romanorum

221 887 261 917 ab
278 887 424 927 invicem,
448 887 507 917 nisi
530 888 644 917 nostris
668 887 809 927 negociis
833 890 942 917 contra
966 897 1076 927 regem
1094 886 1228 916 Franeie
1252 886 1303 917 vel
1327 887 1463 917 heredes
1488 898 1560 917 suos
1584 888 1720 918 feliciter
1745 899 1801 918 ex-

113 952 136 970 15
220 938 345 978 peditis.
402 938 675 969 Emendacionem
704 939 800 969 etiam
831 939 914 969 dicte
945 938 1219 968 eonfederacionis
1253 941 1317 968 tam
1351 938 1442 968 nobis
1472 949 1566 978 quam
1598 939 1701 969 eidem
1734 940 1801 980 regi

218 989 450 1029 Romanorum,
482 990 557 1020 dum
586 990 842 1028 convenerimus,
874 1000 929 1030 pro
959 990 1122 1029 utriusque
1153 992 1294 1019 nostrum
1323 989 1443 1020 honore
1475 994 1507 1019 01
1535 990 1669 1020 eomodo
1699 1001 1800 1021 reser-

219 1045 340 1072 vai-unt.

268 1104 311 1132 10.
347 1101 430 1131 Item
455 1101 604 1132 dixerunt
630 1106 661 1132 et
686 1101 926 1141 ordinaverunt,
951 1100 1035 1142 quod
1061 1112 1116 1130 nos
1142 1100 1279 1131 eundem
1305 1100 1522 1131 Romanorum
1547 1112 1655 1142 regem
1681 1102 1801 1131 nunciis

221 1156 253 1183 et
282 1152 396 1183 litteris
426 1154 539 1183 nostris
567 1153 653 1193 apud
684 1163 841 1183 summum
870 1152 1053 1193 pontificem
1085 1156 1116 1181 et
1146 1152 1290 1182 dominos
1319 1152 1497 1182 cardinales
1528 1163 1583 1192 pro
1617 1152 1800 1183 diademate

113 1215 137 1234 20
220 1204 344 1244 imperii
369 1205 594 1245 consequendo
619 1204 798 1234 iuvabimus
822 1204 905 1234 bona
930 1203 1003 1235 fide.

268 1267 310 1295 11.
347 1265 398 1295 Ad
423 1276 556 1305 quorum
582 1265 722 1295 omnium
748 1268 779 1295 et
803 1265 998 1305 singulorum
1023 1264 1240 1294 inviolabilem
1265 1263 1507 1293 observanciam
1532 1275 1588 1293 nos
1613 1268 1644 1294 et
1669 1264 1804 1294 heredes

218 1319 341 1345 nostros
370 1316 501 1356 prestito
533 1326 628 1356 super
658 1316 717 1346 hiis
747 1317 777 1346 in
811 1317 950 1346 animam
978 1319 1117 1346 nostram
1149 1315 1369 1355 sollempniter
1400 1316 1579 1345 iuramento
1609 1326 1666 1356 per
1695 1327 1803 1346 eorum

218 1371 365 1407 patentes
389 1367 512 1397 litteras
536 1368 712 1407 sigillorum
737 1378 865 1397 suorum
889 1368 1062 1397 munimine
1082 1368 1248 1397 roboratas
1274 1377 1314 1396 ex
1339 1367 1368 1396 vi
1393 1368 1561 1406 potestatis
1587 1367 1646 1396 sibi
1671 1378 1688 1397 a
1714 1367 1804 1397 nobis

220 1418 335 1449 tradite
360 1419 492 1449 firmiter
516 1419 706 1459 obligarunt.

113 1490 136 1509 25
266 1481 311 1509 12.
347 1478 412 1509 Nos
436 1479 544 1519 itaque
570 1480 675 1510 omnia
701 1483 732 1510 et
755 1480 894 1520 singula,
928 1490 989 1520 que
1018 1480 1049 1509 in
1078 1480 1240 1520 premissis
1271 1478 1403 1509 antefati
1433 1479 1705 1519 archiepiscopus,
1736 1479 1804 1519 epi-

155 1540 278 1571 scopus,
303 1541 409 1560 comes
434 1534 466 1560 et
490 1530 585 1571 Hugo
611 1531 775 1571 dixerunt,
808 1532 1096 1572 pronunciaverunt
1121 1535 1153 1561 et
1177 1531 1418 1569 ordinaverunt,
1448 1534 1541 1570 prout
1565 1530 1709 1570 superius
1733 1533 1804 1560 sunt

156 1592 318 1622 expressa,
342 1586 411 1612 rata
435 1583 590 1613 habemus
615 1587 647 1613 et
670 1587 761 1624 grata
786 1594 822 1613 ac
847 1594 885 1613 ea
909 1583 1110 1623 presentibus
1135 1594 1191 1623 pro
1217 1583 1308 1613 nobis
1332 1585 1364 1612 et
1388 1581 1561 1612 heredibus
1586 1582 1699 1611 nostris
1716 1582 1804 1611 inno-

155 1644 283 1667 vamus,
315 1634 507 1664 ratificamus
532 1638 563 1665 et
587 1635 810 1665 confirmamus
834 1635 875 1665 ad
900 1635 1140 1665 observanciam
1170 1645 1279 1664 00111111
1310 1633 1540 1667 inviolabilem,
1573 1633 1713 1663 manuali
1741 1632 1803 1662 fide

155 1686 286 1726 prestita
311 1696 406 1726 super
431 1686 476 1716 eis
501 1689 533 1716 et
562 1686 784 1716 nichilominus
814 1696 872 1727 per
901 1686 1094 1727 spectabiles
1121 1686 1204 1716 viros
1234 1685 1438 1715 Edmundum
1463 1685 1612 1715 comitem
1644 1684 1803 1715 Cornubie

115 1752 138 1771 30
156 1738 425 1776 consanguineum
449 1742 602 1777 nostrum,
628 1738 791 1778 Rogerum
817 1738 846 1768 le
870 1738 977 1779 Bygot
1001 1738 1149 1768 comitem
1177 1737 1340 1767 Norfolcie
1367 1740 1398 1766 et
1425 1736 1648 1766 marescallum
1677 1736 1804 1776 Anglie,

155 1788 326 1829 Hugonem
355 1789 385 1818 10
410 1789 594 1829 Despenser
623 1789 757 1819 militem
789 1793 820 1820 et
851 1789 1027 1819 Iohannem
1061 1789 1100 1819 de
1133 1789 1302 1829 Langeton
1338 1788 1563 1818 cancellarium
1597 1791 1738 1818 nostrum
1773 1788 1803 1816 in

153 1843 259 1870 nostra
284 1841 450 1880 presencia
475 1841 631 1880 corporali
655 1842 686 1871 in
711 1842 851 1871 animam
875 1844 1014 1871 nostram
1038 1841 1170 1881 prestito
1192 1841 1372 1870 iuramento
1396 1850 1453 1869 nos
1479 1843 1510 1869 et
1526 1839 1663 1869 heredes
1680 1842 1803 1869 nostros

157 1894 265 1921 tenore
290 1893 490 1932 presencium
514 1892 646 1922 firmiter
671 1892 859 1933 obligantes.

262 1943 298 1973 In
328 1944 416 1974 euius
445 1944 491 1974 rei
523 1944 739 1974 testimonium
771 1947 802 1974 et
831 1944 928 1974 robur
962 1954 998 1973 ae
1029 1943 1227 1973 evidenciam
1264 1943 1440 1983 pleniorem
1479 1946 1644 1983 presentes
1682 1943 1804 1972 litteras

116 2006 138 2024 ³5
156 1994 223 2024 fieri
248 1994 379 2025 fecimus
404 1999 436 2025 et
460 1995 553 2036 sigilli
578 1996 677 2025 nostri
700 1996 873 2025 munimine
898 1995 1052 2025 roborari.

264 2054 336 2085 Dat.
361 2055 446 2095 apud
471 2055 833 2093 westmonasterium),
858 2055 916 2085 XI.
934 2054 1005 2085 Kal.
1028 2054 1212 2088 Novemb1·.,
1237 2064 1318 2084 anno
1338 2053 1466 2083 Domini
1483 2052 1571 2083 MCC
1596 2053 1802 2093 nonogesimo

158 2109 278 2146 quarto7
304 2108 392 2147 regni
416 2117 491 2137 vero
516 2107 615 2137 nostri
638 2117 720 2137 anno
744 2107 895 2137 vicesimo
920 2106 1071 2137 secundo.

362 2234 437 2266 518.
475 2234 778 2267 DECLARATIO
806 2235 949 2266 REGIS
974 2234 1190 2265 ANG'LIAE
1215 2233 1412 2264 ALTERA.
1462 2232 1525 2263 Oai.
1544 2233 1594 2262 22.

265 2294 316 2324 Ea:
339 2294 441 2325 eodem
466 2295 579 2325 Rotzclo
602 2306 651 2326 nr.
668 2297 689 2324 2
712 2306 782 2326 ceam
805 2299 879 2326 nom
903 2295 944 2326 Et
968 2295 1180 2335 dupplicatur.
1512 2292 1564 2327 (P.
1591 2292 1698 2323 deest.)

118 2390 141 2408 40
259 2379 325 2410 Nos
349 2379 526 2410 Edwardus
555 2380 617 2411 Dei
646 2381 749 2422 gratia
779 2392 835 2411 rex
863 2381 995 2421 Anglie,
1030 2380 1175 2410 dominus
1199 2379 1355 2410 Hibernie
1387 2382 1419 2409 et
1448 2378 1512 2409 dux
1543 2378 1714 2419 Aquitanie
1746 2388 1802 2417 pro

158 2430 247 2461 nobis
271 2434 302 2461 et
325 2431 498 2462 heredibus
526 2433 639 2462 nostris
668 2433 854 2473 profitemur
882 2432 1008 2473 publice
1042 2435 1073 2462 01
1102 2432 1134 2461 10
1157 2442 1214 2462 nos
1244 2431 1447 2472 presentibus
1475 2430 1680 2460 arbitramur.
1709 2439 1804 2468 super

161 2492 198 2511 00
222 2485 363 2512 nostrum
386 2483 576 2513 adhibentes
594 2494 782 2514 consensum
800 2485 1013 2514 voluntarium
1038 2487 1070 2514 et
1095 2494 1293 2524 expressum,
1319 2482 1404 2523 quod
1429 2482 1587 2522 principes
1612 2484 1643 2510 et
1668 2480 1802 2509 barones

159 2534 247 2574 regni
270 2535 367 2565 nostri
391 2538 423 2565 et
447 2534 591 2575 dominii,
625 2546 759 2576 quorum
788 2546 996 2576 personarum
1029 2536 1121 2575 copia
1146 2538 1177 2565 et
1202 2545 1375 2565 consensus
1398 2533 1511 2563 haberi
1536 2535 1699 2572 poterunt.
1732 2540 1801 2560 011111

163 2586 406 2626 protestacione‚
431 2598 526 2628 quam
549 2587 602 2618 diu
627 2589 858 2618 convenciones
883 2598 954 2618 cum
978 2587 1087 2618 inolito
1112 2587 1254 2627 principe
1274 2586 1401 2616 domino
1419 2584 1568 2624 Adolpho
1586 2583 1803 2612 Romanorum

121 2651 143 2668 or.
162 2646 236 2676 rege
261 2648 388 2678 semper
411 2642 546 2679 augusto
571 2639 664 2669 initas
688 2650 749 2669 non
774 2640 1006 2669 servaverimus
1032 2638 1117 2679 quod
1141 2638 1240 2676 absit,
1266 2637 1453 2677 obsequium
1479 2645 1589 2664 eorum
1614 2633 1703 2663 nobis
1728 2631 1801 2661 sub-

162 2687 287 2718 trahant
311 2692 342 2719 et
364 2689 450 2720 licite
475 2690 663 2720 subtrahere
682 2691 803 2730 possint
827 2693 859 2720 et
883 2690 1033 2729 debeant,
1059 2690 1259 2729 obligaeione
1278 2687 1549 2718 eonfederacionis
1566 2686 1648 2714 inter
1665 2683 1801 2714 eundem

162 2748 269 2779 regem
285 2739 501 2771 Romanorum
527 2745 558 2772 et
582 2753 638 2771 nos
655 2742 731 2772 inite
757 2745 788 2771 et
805 2744 966 2771 contracte
985 2741 1205 2771 nichilominus
1222 2741 1254 2770 in
1270 2750 1326 2769 suo
1344 2738 1457 2769 robore
1475 2737 1634 2767 duratura.
1718 2734 1801 2764 Dicti

265 2808 300 2824 1.L.
320 2808 529 2825 CONSTlTUTmNEs
549 2809 580 2825 111.
1565 2797 1597 2821 033

1830 474 1879 488 (LV

1830 1108 1847 1124 Β.

1847 1270 1887 1285 ,11)
