2259 3164
72 725 94 744 10

75 1089 96 1107 15

68 1348 93 1367 20

69 1603 92 1622 2⁵

70 1865 93 1884 30

71 2223 93 2241 35

72 2487 95 2506 »10

73 2725 96 2746 45

422 162 578 189 RUDOLFI
598 162 704 190 REGIS
724 163 1045 193 CONs'ri'rU'rioNifis.
1085 168 1157 194 1275.
1194 170 1239 195 Nr.
1255 171 1309 196 17⁴».
1325 172 1379 197 171.
1397 173 1450 198 172.
1692 178 1749 206 159

229 249 361 280 Noverit
385 249 578 280 universitas
604 254 727 291 vestra,
751 251 835 292 quod
859 263 916 283 nos
942 253 1098 284 illustrem
1123 255 1357 287 Hartmannum
1384 260 1532 290 comitem
1557 260 1595 291 de
1620 261 1747 293 Habes-

122 302 202 342 burg
231 304 262 332 et
291 300 331 331 de
359 300 510 342 Kyburg,
541 301 669 333 Alsacie
699 303 930 344 lantgravium,
965 305 1063 335 filium
1094 310 1237 337 nostrum
1268 309 1374 340 inclite
1404 310 1571 342 domicelle
1606 313 1747 344 Iohanne

126 352 284 394 magnifici
308 352 426 383 domini
442 352 591 383 Edwardi
609 354 694 394 regis
711 354 889 395 Anglorum
914 356 977 386 filie
1002 357 1077 388 dare
1095 359 1308 398 promittimus
1333 361 1363 390 in
1386 362 1543 399 maritum,
1568 363 1628 394 tide
1653 375 1748 406 super

122 405 181 436 hoc
206 404 395 445 interposita
419 405 579 445 corporali
595 405 664 436 vice
689 417 725 436 ac
750 407 876 438 nominc
896 408 1075 439 iuramenti.
1114 410 1203 440 Inter
1227 422 1304 451 quos
1322 412 1557 445 Hartmannum
1582 419 1614 446 ct
1629 416 1746 447 Iohan-

122 468 193 488 nam
217 456 417 498 sponsalibus
441 457 503 488 iam
529 459 702 489 contractis
733 459 817 490 circa
840 461 1018 501 proximum
1043 462 1163 493 instans
1188 464 1304 493 festum
1330 465 1504 496 nativitatis
1530 467 1622 498 beate
1647 468 1746 498 Mario

120 508 251 549 virginis
275 508 326 539 vel
356 508 495 548 circiter,
527 512 621 550 prout
649 510 710 551 ipsi
742 510 871 541 domino
901 516 1008 543 nostro
1039 513 1107 554 regi
1138 513 1356 545 Romanorum
1388 518 1564 548 consulcius
1596 519 1746 559 expedire

121 559 289 599 videbitur,
314 560 372 590 sub
398 560 542 591 eiusdem
560 560 634 592 fidei
658 562 792 603 prestite
811 563 985 604 religionea
1008 565 1225 605 promittimus
1243 567 1475 598 matrimonium
1501 580 1570 599 cum
1596 571 1745 611 sollemp-

120 612 218 642 nitate
242 614 400 642 consueta
424 615 456 642 et
479 611 589 643 debita
614 623 847 646 consummare.
894 615 930 645 In
955 616 1045 647 cuius
1070 617 1115 647 rei
1139 618 1355 648 testimonium
1381 621 1583 660 presentibus
1608 622 1746 663 sigillum

120 665 261 694 nostrum
284 663 419 694 fecimus
444 664 574 706 apponi.

226 714 299 746 Dat.
325 715 474 755 WVienne,
500 715 539 747 V.
556 716 637 748 Non.
664 716 749 755 Maii,
774 729 856 749 anno
882 718 1011 750 Domini
1036 720 1219 751 MCOLXX
1244 725 1367 753 octavo.

183 859 256 891 171.
280 860 523 893 FAGULTAS
543 862 686 893 REGIS
709 862 921 895 RUDOLFJ
941 865 1094 896 SUPER
1121 867 1367 900 TRAGTATU
1390 868 1488 900 ΘΗΜ
1513 870 1688 901 (Ὸ]1[ΙΤΕ

515 913 791 946 sABAUDJAE
812 916 1035 948 INEUNDO.
1082 919 1175 950 1:378.
1218 919 1300 949 Mal.
1317 936 1345 950 1

222 973 274 1004 Eae
291 973 391 1004 codem
408 974 521 1012 Rutulo
538 985 586 1006 nr.
604 978 631 1006 (i.
663 975 712 1006 Dc
727 976 849 1007 ratione
865 987 891 1007 v.
909 976 1039 1016 Κορσεία
1058 977 1188 1016 imperii.
1211 997 1249 1001 -—
1273 979 1417 1017 Bolanum,
1436 981 1508 1020 luy.
1528 982 1597 1020 imp.
1616 982 1667 1020 VJ,
1676 985 1746 1015 5142.

1457 1032 1510 1071 (Γ.
1535 1033 1641 1072 deest.)

227 1077 395 1118 Magnifice
420 1080 453 1109 ct
471 1079 643 1109 excellenti
660 1079 795 1120 principi
813 1079 940 1110 domino
958 1079 1117 1111 Edwardo
1136 1081 1198 1113 Dei
1215 1082 1318 1123 gratia
1342 1083 1409 1124 regi
1428 1084 1604 1125 Aug-lorum
1622 1086 1746 1125 illustri,

121 1129 220 1160 amico
244 1140 300 1160 suo
324 1129 492 1160 karissimo
518 1133 550 1161 et
574 1131 672 1169 affini,
696 1131 856 1162 Rudolfus
881 1143 939 1173 per
963 1132 1098 1163 eandem
1115 1133 1334 1164 Romanorum
1360 1146 1416 1166 rex
1441 1146 1569 1177 semper
1593 1141 1747 1177 augustus

119 1181 252 1211 salutem
276 1184 308 1212 et
331 1181 536 1222 integerrime
562 1192 689 1224 semper
711 1182 892 1214 dilectionis
917 1188 1135 1225 augmentum.

225 1232 347 1263 Tantus
372 1244 459 1264 amor
476 1236 628 1275 tantaque
654 1245 710 1265 nos
735 1245 811 1265 cura
831 1235 1006 1266 sollicitant
1030 1236 1069 1267 ad
1086 1237 1264 1277 perfectam
1290 1238 1453 1269 vobiscum
1478 1240 1597 1280 pariter
1621 1243 1652 1271 et
1677 1252 1747 1271 eum

119 1284 234 1315 vestrIs
258 1284 506 1316 indissociabilis
531 1286 676 1317 amicicie
700 1286 952 1318 contrahendam
977 1287 1214 1320 indivisibiliter
1237 1290 1397 1328 unionem,
1424 1291 1507 1332 quod
1525 1295 1630 1322 vestra
1654 1292 1746 1323 domo

120 1336 273 1367 affinitate
306 1337 447 1378 gratuita
480 1337 608 1368 counita
637 1348 709 1368 cum
739 1342 864 1377 nostra,
896 1339 1036 1370 delectat
1072 1350 1130 1371 nos
1164 1341 1308 1371 eiusdem
1338 1343 1468 1383 egregie
1503 1343 1615 1373 domus
1641 1347 1746 1374 vestre

120 1388 283 1429 presignes
316 1388 407 1419 nobis
437 1388 592 1430 adoptare
622 1390 838 1429 ramusculos,
869 1394 903 1421 ut
933 1391 998 1421 sica
1020 1395 1155 1433 utraque
1181 1392 1293 1423 domus
1317 1393 1449 1424 alterius
1474 1394 1675 1435 amplexibus
1698 1396 1745 1425 in-

119 1440 233 1481 signita
257 1440 462 1482 perhenniter
490 1442 521 1471 in
546 1442 703 1473 coortivos
728 1442 833 1473 future
857 1443 1042 1484 propaginis
1067 1443 1214 1484 palmites
1239 1444 1412 1475 adolescat.
1459 1445 1582 1475 Idcirco
1614 1457 1746 1487 magno-

120 1502 195 1533 pere
220 1493 396 1534 eupientes,
421 1493 504 1534 quod
529 1493 610 1524 inter
634 1504 692 1524 nos
717 1496 749 1524 et
773 1494 929 1525 illustrem
948 1494 1110 1525 Sabaudie
1136 1496 1287 1526 comitem
1311 1497 1508 1527 simultatum
1535 1498 1747 1538 quarumlibet

120 1543 285 1585 extirpatis
311 1544 437 1575 omnino
455 1544 616 1575 radicibus
642 1545 784 1576 redivive
802 1546 980 1577 dulcedinis
1006 1547 1178 1577 seminaria
1195 1548 1397 1587 reviviscant,
1423 1559 1496 1579 ecce
1517 1549 1601 1589 quod
1619 1550 1745 1590 plenam

121 1596 151 1624 et
174 1595 308 1626 liberam
334 1596 423 1627 vobis
441 1596 610 1627 tribuimus
634 1597 821 1628 facultatem
840 1598 922 1629 inter
946 1608 1003 1628 nos
1029 1602 1060 1629 et
1084 1599 1232 1630 comitem
1250 1603 1452 1640 prenotatum
1478 1604 1633 1641 perpetue
1658 1602 1745 1642 pacis

118 1649 149 1677 et
178 1647 320 1678 amicicie
351 1648 460 1679 federa
490 1649 709 1681 contrahendi.
762 1650 866 1691 Super
901 1650 958 1680 hoc
988 1649 1184 1681 ordinacioui
1214 1655 1319 1682 vestre
1350 1663 1408 1682 nos
1439 1656 1522 1683 stare
1552 1663 1608 1693 per
1641 1653 1745 1683 omnia

118 1698 314 1740 pollicentes,
340 1703 496 1741 quatenus
521 1701 643 1742 absque
671 1701 950 1732 demembracione
974 1701 1110 1732 Romani
1133 1702 1258 1743 imperii
1282 1703 1350 1733 ficri
1374 1703 1405 1734 id
1431 1704 1605 1745 continget.
1651 1704 1744 1735 Unde

119 1752 363 1782 transmittimus
388 1752 480 1783 vobis
505 1752 563 1782 has
588 1753 710 1784 litteras
734 1757 860 1783 nostras
886 1753 917 1783 in
941 1753 1159 1784 testimonium
1184 1765 1279 1795 super
1304 1765 1352 1786 eo.

224 1802 297 1834 Dat.
321 1803 478 1841 Wienne,
507 1803 546 1834 V.
571 1804 650 1835 Non.
675 1804 766 1843 Maii,
791 1804 963 1835 indictione
988 1804 1045 1843 VI,
1078 1816 1160 1836 anno
1185 1805 1313 1836 Domini
1338 1806 1623 1847 MCCLXXVIII,
1656 1808 1746 1848 regni

120 1865 192 1886 vero
215 1856 314 1886 nostri
338 1866 420 1886 anno
446 1856 565 1897 quinto.

142 1965 214 1998 172.
241 1966 503 1999 CONSENSUS
526 1967 746 1999 EIUSDEM
769 1967 837 1998 DE
857 1968 1108 2000 DOTALICJO
1134 1969 1418 2002 ORDINANDO.
1464 1972 1551 2001 1278.
1597 1970 1677 2000 Mai.
1695 1972 1724 2000 4'.

222 2027 275 2058 Ex
298 2027 398 2058 eodem
421 2027 535 2058 Rotalo
558 2039 606 2060 nr.
625 2030 673 2058 10.
700 2047 737 2051 —
763 2028 906 2066 Bo'hmcr,
931 2029 1006 2068 Περ.
1026 2029 1095 2068 imp.
1119 2029 1170 2066 VI,
1188 2031 1258 2060 943.
1457 2030 1510 2069 (P.
1535 2030 1640 2069 deest.)

222 2113 441 2155 Rud(olphus)
459 2113 521 2145 Dei
545 2114 647 2155 gratia
664 2114 882 2145 Romanorum
906 2125 963 2145 rex
989 2125 1116 2156 semper
1140 2118 1297 2156 augustus
1321 2115 1479 2146 universis
1498 2115 1617 2146 Christi
1641 2116 1745 2147 fideli-

119 2164 177 2195 bus
200 2169 367 2206 presentes
391 2166 514 2197 litteras
538 2166 732 2207 inspecturis
756 2167 893 2197 salutem
917 2167 949 2197 in
973 2166 1122 2197 Domino.

224 2216 378 2248 Noverint
400 2217 557 2257 universi,
588 2228 646 2248 nos
678 2217 717 2248 ad
740 2218 801 2248 hoc
825 2221 969 2248 nostrum
995 2228 1187 2249 consensum
1216 2218 1352 2249 liberum
1382 2218 1553 2260 impertiri,
1584 2219 1669 2260 quod
1692 2219 1746 2249 illa

120 2266 229 2298 decem
251 2268 337 2299 milia
353 2279 542 2308 marcarum,
567 2280 628 2311 que
653 2269 780 2300 inclitus
805 2280 863 2300 rex
880 2270 997 2311 Anglic
1022 2269 1137 2300 illustri
1161 2269 1304 2300 Iohanne
1328 2270 1392 2301 filie
1418 2280 1473 2300 sue
1498 2273 1529 2301 et
1546 2270 1744 2301 Hartmanno

122 2360 190 2378 novo
216 2353 293 2386 quasi
317 2353 349 2379 de
375 2354 481 2379 camino
506 2354 629 2380 caritatis
652 2354 771 2388 ingenue
791 2355 899 2388 copioso
920 2354 1109 2389 progrediens,
1138 2354 1359 2380 luminosioribus
1379 2355 1457 2381 nobis
1480 2355 1562 2380 radiis
1582 2356 1747 2388 apparenter

121 2395 222 2427 illuxit,
242 2396 306 2422 dum
326 2397 449 2422 inclitam
469 2397 579 2423 domum
593 2398 693 2431 Anglie
713 2398 804 2423 domui
825 2400 915 2423 nostr«¹
935 2400 991 2423 tam
1011 2398 1085 2423 firmo
1104 2398 1194 2423 federe
1214 2399 1241 2423 et
1260 2398 1388 2423 familiari
1409 2407 1480 2424 nexu
1500 2398 1664 2423 confihulznw
1684 2398 1745 2423 niti-

121 2438 187 2464 mini
208 2447 255 2472 per
278 2440 391 2465 honeste
410 2440 507 2473 copule
526 2440 729 2474 mi[ni]sterium
754 2442 781 2466 et
800 2440 945 2474 spirituum
966 2441 1102 2466 unionem.
1139 2441 1177 2466 Ex
1197 2441 1296 2473 quibus
1319 2441 1467 2466 derivanda
1491 2441 1622 2466 successio
1646 2441 1746 2466 nativi-

123 2482 188 2507 tatis
207 2482 303 2508 floride
323 2483 438 2517 virgulis
457 2483 631 2508 fecundanda
650 2483 760 2509 lie-acius
780 2484 893 2517 fulgidis
914 2484 1028 2517 prodeat
1047 2485 1144 2509 nature
1168 2484 1258 2509 titulis
1284 2484 1425 2517 insignita.
1463 2486 1548 2516 Super
1571 2492 1624 2516 quo
1650 2484 1745 2516 utiquc

122 2524 199 2550 vobis
218 2525 252 2550 ad
271 2527 363 2559 grates
382 2526 532 2552 uberrimas
552 2526 730 2558 inclinantes,
751 2527 948 2560 paternitatem
969 2528 1086 2552 vestram
1106 2527 1205 2551 affectu
1225 2526 1382 2558 plenissimo
1402 2527 1590 2559 deprecamur,
1610 2528 1744 2558 quatenus

123 2567 144 2592 si
165 2576 219 2600 qua
236 2569 333 2594 vestris
352 2571 431 2602 grata
451 2569 505 2594 sint
525 2569 618 2595 usibus
638 2570 679 2595 vel
699 2570 842 2595 affectibus
863 2570 1052 2600 blandiantur,
1076 2578 1128 2602 que
1148 2578 1196 2602 per
1220 2578 1268 2594 nos
1289 2569 1399 2594 valcant
1423 2569 1555 2601 expediri,
1583 2578 1598 2593 a.
1617 2569 1694 2594 nobis
1714 2578 1745 2593 ca

123 2609 170 2635 sub
191 2610 334 2637 obtinendi
353 2612 454 2638 fiducia
474 2612 626 2645 requiratis.
665 2613 785 2646 Propriis
805 2613 876 2638 enim
900 2612 1139 2638 commoditatilms
1159 2612 1298 2645 applicare
1318 2612 1481 2641 videbimur,
1501 2612 1631 2644 quicquid
1651 2620 1666 2636 a
1687 2620 1744 2644 pre-

122 2654 218 2679 notato
243 2653 353 2680 domino
377 2656 469 2680 nostro
496 2656 523 2680 et
542 2655 620 2681 nobis
645 2655 672 2680 in
693 2663 739 2681 vos
764 2658 791 2681 et
810 2657 912 2681 vestros
935 2655 1083 2688 contigerit
1107 2655 1222 2688 graciosi
1243 2654 1342 2680 favoris
1367 2656 1394 2679 ct
1414 2654 1598 2679 benivolencio
1619 2654 1744 2679 derivari.

222 2722 285 2748 170.
304 2724 327 2755 ³)
347 2724 475 2756 religionis
494 2729 524 2750 tr.

222 2782 283 2811 151.
302 2784 326 2815 a)
345 2785 411 2810 sicut
430 2789 460 2810 ιν.

1759 474 1818 500 Sopt.
1833 478 1850 495 F.
