2259 3116
416 138 476 168 344
791 136 946 162 RUDOLFI
966 137 1069 163 REGIS
1089 136 1410 163 CONSTITUTIONES.
1449 137 1521 162 1283.
1559 136 1606 162 Nr.
1619 137 1676 163 360.

864 315 966 365 360.
1007 313 1461 367 SENTENTIA
1494 313 1597 366 DE

416 390 846 445 CASSANDIS
881 390 1522 444 OBLIGATIONIBUS
1554 391 1633 443 VI
1671 390 2050 444 OBTENTIS.

1077 485 1183 521 1²283.
1225 485 1318 530 Aug.
1341 485 1399 520 93.

525 577 602 608 Fam
633 577 851 617 (ιτιίοῃνιψῖιοη
885 580 992 608 eontra
1023 588 1073 610 cac,
1100 575 1187 616 'quac
1223 578 1254 607 ln
1285 577 1424 616 Reyestis
1458 576 1580 614 inqu-rii
1608 579 1766 614 indantur,
1798 581 1870 609 teste
1892 578 2052 618 praefecto

416 629 568 660 tabularia·
595 629 837 660 l’indobonensis
865 640 927 660 uon
959 629 1021 659 inm
1050 629 1202 667 supersit,
1233 629 1438 667 proponimus
1461 638 1499 658 ec
1522 627 1548 658 B
1578 628 1679 659 codice
1700 629 1937 669 privileyzssorum
1966 630 2053 669 requi
2093 644 2103 662 5

415 681 582 712 Bolzcmiac
613 692 642 712 α.
673 681 765 713 1547.
794 682 922 720 scripto,
954 681 1017 713 Ms.
1042 682 1102 711 193
1130 680 1182 718 sol.
1207 683 1271 713 13«,
1301 681 1393 710 cuius
1421 679 1578 719 cremplar
1613 681 1714 711 eodem
1742 681 1903 722 praefecto
1933 682 2053 712 iubente

415 733 547 764 benivole
579 733 736 763 nobiscum
766 733 1025 763 commmitratum
1063 735 1120 769 est,
1155 735 1183 762 cl
1216 732 1242 762 Ρ
1276 732 1377 762 radice
1413 732 1608 763 bibliothecae
1635 732 1850 764 mzlcersitatis
1884 733 2053 773 Prayenst's

416 786 443 816 I.
464 785 553 817 6124
576 795 656 816 saec.
676 784 751 816 XV.
774 784 825 823 fol.
843 786 914 821 344,
937 795 1026 823 quem.
1050 783 1180 814 eontulit
1202 784 1305 814 socius
1330 785 1431 813 noster
1452 783 1491 814 κ’.
1509 783 1686 816 Sclmeessder.
1734 784 1994 825 Orllzoyrctphiam
2017 786 2052 817 in

415 837 558 867 minutiis
574 837 617 867 ad
634 837 756 867 modum
773 835 977 866 cancellariae
994 835 1182 873 Rudolfinnc
1192 835 1368 873 posuimus,
1408 835 1458 874 Cf.
1480 835 1573 865 eliam
1595 837 1781 867 sementim
1802 848 1901 877 supra
1924 848 1972 868 nr.
1991 840 2052 868 103

414 892 442 920 et
458 889 500 920 II.
515 888 614 929 Sieyel
631 888 711 919 *Das
727 899 922 927 crenwmjlcue
949 888 1159 928 l’ersprcchcn'
1176 892 1230 927 (z
1246 894 1252 903 ¹
1264 887 1389 918 ll'e'cmxr
1406 887 1694 927 Sitzmzysbcriclttc'
1712 890 1774 919 12&
1792 899 1824 927 p.
1844 891 1994 929 13-16).
2010 908 2051 912 —-
2079 908 2102 926 10

415 941 560 978 Boltmcr,
585 941 659 981 Rcy.
680 942 751 980 imp.
772 940 824 978 1³1,
847 943 883 970 17
885 942 936 972 119,
1779 940 1832 980 (P.
1857 942 1945 978 444.)

522 1025 682 1056 Rudolfus
717 1026 777 1057 Dei
809 1027 917 1067 gracia
949 1026 1165 1057 Romanorum
1196 1037 1254 1057 rex
1284 1036 1413 1067 semper
1446 1030 1599 1066 augustus
1632 1026 1788 1057 universis
1821 1026 1903 1057 sacri
1926 1026 2051 1068 imperii

416 1078 554 1109 Romani
579 1078 728 1109 fidelibus
753 1082 917 1120 presentes
943 1079 1065 1109 litteras
1092 1077 1284 1119 inspecturis
1308 1077 1449 1118 graciam
1476 1088 1564 1107 suam
1590 1080 1622 1107 et
1645 1087 1738 1108 omne
1762 1077 1891 1108 bonum.

522 1130 571 1171 (l)
596 1129 647 1160 Ad
671 1130 890 1161 universitatis
915 1133 1021 1161 vestre
1046 1130 1195 1160 noticiam
1214 1129 1360 1160 volumus
1385 1129 1566 1170 pervenire,
1591 1128 1676 1170 quod
1701 1129 1793 1160 nobis
1816 1129 1933 1161 iudicio
1950 1131 2050 1172 presi-

415 1181 564 1213 dentibus
601 1182 631 1212 in
661 1182 768 1223 vigilia
796 1182 881 1212 beati
915 1181 1137 1212 Bartholomci
1170 1181 1305 1223 apostoli
1343 1180 1427 1222 apud
1462 1180 1655 1222 Friburgum
1691 1181 1721 1211 in
1756 1181 1908 1212 Otlandia
1943 1181 2050 1213 nuncii
2079 1194 2101 1212 ιε»

416 1234 547 1264 illustris
575 1233 761 1265 XVcnczlai³
792 1234 877 1274 regis
910 1233 1073 1273 Boem(ic)
1112 1236 1253 1263 nostram
1290 1232 1514 1263 celsitudinem
1551 1236 1761 1264 accesserunt
1791 1243 1861 1264 cum
1894 1234 2052 1265 instancia

416 1285 633 1327 postulantes,
659 1289 694 1316 ut
718 1297 773 1327 per
806 1286 1004 1316 sentenciam
1039 1286 1193 1316 vellemus
1223 1285 1399 1326 inquirere:
1434 1288 1540 1316 utrum
1572 1285 1723 1327 princeps
1754 1285 1870 1327 aliquis
1895 1286 1946 1317 vel
1969 1286 2050 1317 alius

416 1338 644 1378 cuiuscumque
669 1337 863 1368 condicionis
882 1337 911 1367 vi
936 1338 986 1368 vel
1016 1341 1102 1367 metu
1127 1336 1276 1368 inductus
1301 1348 1417 1378 expers
1442 1337 1568 1378 proprie
1594 1337 1752 1368 libertatis
1777 1337 2048 1378 fideiussionibus,

418 1388 684 1430 stipulacionibus
710 1389 759 1420 vel
784 1389 1038 1430 quibuscumque
1065 1389 1134 1419 aliis
1161 1388 1414 1430 obligacionibus
1440 1400 1474 1420 se
1492 1392 1602 1430 posset
1619 1389 1840 1430 constringere
1859 1390 1909 1421 vel
1934 1392 2049 1428 artare,

417 1441 461 1471 ita
492 1440 575 1482 quod
606 1441 636 1471 in
669 1444 834 1482 posterum
865 1452 962 1482 super
990 1441 1173 1471 huiusmodi
1209 1440 1464 1482 obligacionibus
1494 1441 1538 1471 sic
1561 1441 1700 1472 extortis
1732 1444 1841 1483 posset
1863 1442 1976 1483 impeti
2000 1442 2050 1473 vel
2076 1453 2100 1472 20

417 1493 619 1533 aliquatenus
651 1493 813 1523 conveniri
846 1496 995 1534 tanquam
1031 1493 1208 1523 efficaciter
1242 1492 1413 1534 obligatus.
1465 1492 1558 1528 Quod
1594 1492 1633 1524 ad
1667 1493 1857 1524 instanciam
1893 1493 2049 1525 dictorum

414 1544 600 1574 nunciorum
625 1555 681 1586 per
704 1545 901 1575 sentenciam
926 1544 1177 1586 postulavimus¹'
1204 1543 1330 1575 diffiniri
1356 1547 1387 1576 et
1410 1545 1648 1576 sentenciatum
1672 1545 1778 1576 extitit
1801 1557 1819 1577 a
1837 1546 2045 1588 principibus,

416 1596 595 1629 comitibus,
621 1596 782 1627 nobilibus
807 1599 839 1627 et
863 1597 933 1627 aliis
960 1597 1084 1638 imperii
1109 1596 1268 1633 fidelibus,
1293 1597 1346 1638 qui
1372 1597 1431 1638 ipsi
1457 1597 1573 1628 iudicio
1598 1601 1766 1638 presentes
1790 1598 1939 1630 aderant:
1965 1597 2049 1640 quod

416 1648 565 1689 princeps
591 1649 641 1679 vel
667 1649 801 1689 quilibet
826 1649 926 1679 aliuse
951 1648 990 1679 acl
1015 1660 1062 1687 ea,
1089 1659 1150 1690 que
1175 1649 1206 1679 vi
1230 1652 1359 1679 metuve
1385 1652 1514 1680 coactus
1541 1650 1743 1691 promitteret
1769 1650 1819 1681 vel
1843 1650 2049 1692 quibuscum-

416 1711 477 1740 que
502 1700 601 1740 pactis
626 1700 824 1741 obligatoriis
849 1711 881 1730 sc
906 1701 1114 1742 astringeret,
1139 1701 1243 1731 factus
1267 1700 1315 1731 sui
1341 1712 1471 1743 compos
1496 1701 1679 1732 nullatenus
1710 1705 1875 1733 teneretur
1903 1705 1935 1733 et
1966 1702 2048 1733 tales
2075 1717 2098 1736 25

417 1752 583 1792 pactiones
608 1751 795 1792 obligatorie
814 1752 1065 1793 qualescumque
1091 1752 1252 1784 censcndc
1271 1753 1377 1784 forent
1402 1753 1490 1784 irrite
1509 1753 1637 1794 penitus
1663 1756 1695 1784 et
1712 1753 1832 1785 inanes.
1913 1753 1961 1795 (2)
1978 1753 2048 1789 Qua

418 1814 491 1833 vero
515 1804 680 1834 sentencia
704 1808 813 1835 nostra
837 1804 1072 1845 approbacione
1098 1807 1254 1846 sequente
1280 1805 1417 1846 prolata,
1450 1804 1584 1846 predicti
1614 1805 1722 1836 nuncii
1746 1805 1784 1836 ad
1810 1805 1949 1847 speciem
1974 1805 2047 1837 des-

417 1855 591 1886 cendentes
627 1859 734 1886 nostro
769 1856 898 1886 culmini
932 1856 1167 1898 supplicarunt:
1204 1857 1229 1887 si
1266 1856 1393 1887 inclitus
1421 1856 1635 1888 Wenezlaus³
1668 1857 1762 1888 heres
1793 1858 1884 1898 regni
1915 1857 2046 1889 Boemie

418 1910 616 1947 prenotatus,
636 1917 727 1947 qucm
747 1907 877 1937 illustris
896 1907 971 1938 Otto
991 1908 1131 1938 marchio
1148 1907 1186 1938 dc
1205 1908 1453 1948 Brandemburg
1474 1908 1580 1949 aliquo
1599 1912 1743 1950 tempore
1762 1912 1872 1941 contra
1889 1909 2046 1951 propriam

416 1958 553 1988 detinuit
580 1958 786 1997 voluntatem,
811 1959 925 1989 deinde
951 1960 1050 1990 fretus
1074 1960 1202 2001 propria
1226 1959 1374 1990 libertate
1399 1958 1439 1989 ad
1464 1959 1718 2001 complecionem
1736 1961 1863 1992 illorum
1881 1963 2044 2003 pactorum
2073 1974 2097 1993 30

417 2010 522 2040 taliter
555 2013 752 2040 extortorum
783 2014 878 2052 atquc
910 2012 1223 2042 consummacionem
1259 2011 1495 2052 obligaeionum
1531 2022 1820 2054 quarumcumque,
1849 2012 1907 2044 sub
1936 2013 2048 2054 quibus

420 2061 523 2091 citlcm
550 2061 724 2092 marchioni
750 2073 804 2103 pro
831 2062 942 2103 viginti
968 2063 1096 2093 milibus
1112 2063 1314 2094 marcharum
1332 2063 1489 2104 obligavit
1506 2064 1669 2094 civitatem
1688 2064 1830 2095 Sitavied
1854 2068 1888 2096 et
1911 2068 2048 2096 castrum

420 2113 577 2143 nonan-ev
607 2124 677 2143 cum
709 2124 817 2143 corum
848 2115 1064 2155 pertinenciis,
1097 2118 1235 2146 castrum
1271 2115 1520 2145 Scharfinsteins
1543 2119 1574 2145 ct
1605 2115 1766 2147 civitatem
1798 2127 1869 2147 cum
1903 2116 2047 2147 omnibus

418 2165 488 2194 aliis
513 2165 711 2202 attinenciis,
744 2169 883 2196 castrum
908 2166 1053 2198 Bczilezb'
1082 2178 1152 2197 cnm
1182 2167 1246 2197 suis
1275 2167 1501 2208 pertinenciis,
1533 2170 1672 2198 castrum
1697 2167 1854 2198 Deczemh
1879 2178 1950 2199 cum
1983 2167 2046 2198 suis

418 2216 639 2256 pertinenciis,
672 2217 833 2247 civitatem
859 2217 929 2247 Isszk
958 2222 989 2248 ct
1022 2222 1161 2249 castrum
1193 2229 1263 2249 cum
1295 2229 1404 2249 corum
1437 2218 1633 2257 attinenciis,
1664 2220 1829 2251 civitatem
1853 2219 1991 2251 Brucksi
2015 2221 2047 2250 et
2072 2232 2094 2250 as

417 2272 556 2297 castrum
582 2278 650 2297 cum
676 2279 785 2298 corum
810 2269 1017 2309 pertinenciis
1043 2281 1166 2301 necnon
1191 2274 1330 2301 castrum
1350 2269 1534 2301 Svadowek
1559 2281 1629 2301 cum
1655 2271 1720 2302 suis
1745 2271 1953 2313 pertinenciis
1977 2270 2045 2302 uni-

418 2319 533 2351 versis,
573 2318 630 2349 sub
664 2319 778 2360 quibus
811 2321 911 2351 ceiam
945 2322 1208 2362 promissionibus
1241 2322 1348 2352 taliter
1379 2323 1512 2353 extortis
1542 2323 1600 2364 ipsi
1634 2323 1809 2354 marchioni
1838 2334 1893 2365 pro
1923 2323 2046 2354 duobus

420 2370 547 2400 milibus
566 2371 766 2401 marcharum
792 2372 998 2403 fideiussores
1024 2384 1080 2414 per
1105 2373 1232 2404 modum
1257 2374 1451 2405 extersionis
1477 2378 1607 2404 coaetus
1632 2375 1747 2415 posuit,
1772 2379 1804 2406 et
1829 2386 1884 2417 pro
1908 2375 2045 2417 quinque

420 2422 546 2452 milibus
571 2422 782 2455 marcharum,
807 2434 884 2464 quas
910 2436 943 2454 sc
968 2425 1114 2455 (laturum
1134 2425 1288 2466 promisit.
1313 2425 1494 2466 aliqualiter
1518 2429 1679 2463 tencatur;
1706 2427 1844 2458 maxime
1870 2438 1939 2458 cum
1965 2427 2046 2457 inter

418 2484 474 2503 nos
500 2476 531 2503 ct
555 2473 672 2503 dictum
699 2474 926 2506 nmrcliioncm.
952 2487 1023 2506 cum
1049 2477 1117 2507 cius
1142 2487 1215 2507 cure
1233 2476 1428 2507 antedictum
1453 2477 1603 2508 heredem
1622 2478 1754 2509 Boemie
1780 2489 1851 2509 cum
1876 2489 1932 2509 suo
1949 2487 2043 2519 regno
2070 2493 2093 2512 ⁴⁰

418 2535 517 2565 usquc
534 2524 572 2554 ad
592 2530 713 2555 certum
735 2522 860 2567 tenipus
878 2528 1163 2561 committeremus,
1182 2529 1362 2559 intercessit
1380 2532 1467 2559 certa
1492 2530 1664 2560 convencio
1681 2530 1779 2571 digna
1803 2530 1833 2560 in
1858 2540 1914 2560 suo
1933 2529 2044 2560 robore

419 2577 590 2612 observari,
616 2577 765 2607 videlicet
790 2579 873 2618 qnod
899 2580 1083 2620 exspirante
1109 2584 1195 2611 certo
1220 2584 1374 2622 tempore,
1403 2580 1486 2621 quod
1512 2581 1722 2612 convencioni
1747 2581 1906 2612 adiectum
1931 2581 2044 2618 fuerat,

419 2628 674 2669 prcnmninatum
701 2628 851 2659 licrcdcm
878 2632 965 2670 regni
995 2631 1125 2662 Boemie
1156 2642 1218 2663 una
1250 2643 1320 2662 cum
1354 2643 1411 2662 suo
1443 2643 1541 2673 regno
1572 2633 1640 2663 sine
1666 2633 1808 2673 quolibet
1832 2633 1970 2674 dampno
1994 2630 2043 2661 vel

520 2704 584 2730 3130.
606 2710 628 2726 ²⁴»
650 2707 687 2729 W.
709 2707 737 2731 Γ,
843 2706 865 2734 ¹'l
886 2713 948 2739 pust.
969 2718 1011 2740 pcr
1031 2715 1093 2733 sent.
1117 2710 1143 2733 l‘.
1248 2716 1269 2735 *η
1289 2710 1355 2733 alins
1376 2710 1435 2740 quil.
1451 2710 1480 2734 Γ.
1585 2709 1608 2737 ¹¹¹7
1623 2711 1726 2735 Sittarie
1742 2711 1770 2735 Ι).
1869 2710 2000 2741 ⁰)1t0naw
2014 2707 2042 2733 P·

417 2747 436 2773 f,
456 2749 615 2772 llnrscnslvin
639 2749 664 2774 Γ.
753 2754 776 2779 ¹⁴)
799 2751 889 2775 lic-sdes·
910 2752 938 2776 l'.
1027 2751 1049 2779 ¹¹)
1073 2754 1164 2777 l'cczin
1187 2754 1212 2778 l'.
1301 2752 1318 2779 i)
1340 2754 1406 2777 llrnx
1431 2754 1455 2778 1¹.
1543 2753 1568 2785 k)
1587 2756 1709 2781 Snadowe
1730 2757 1767 2785 J›¹;
1785 2756 1913 2781 Gnaduwe
1931 2752 1961 2778 Γ·
2066 2754 2089 2775 ⁴⁵

2157 2718 2159 2735 l

2153 2794 2156 2826 l
