2259 3164
93 742 115 760 10

93 999 114 1017 15

94 1255 118 1274 20

95 1513 118 1532 25

97 1770 121 1788 30

513 176 667 203 RUDOLFI
689 176 791 202 REGIS
811 175 1130 203 (i'ONs'rlTUTIONES.
1169 178 1241 204 1⁵27?
1279 179 1325 204 ΧΓ.
1343 181 1396 205 1.·ι1.
1712 184 1768 212 147

141 265 425 309 prosequeremini,
451 264 552 295 donec
576 263 750 294 eorundem
775 266 969 294 tractatuum
994 265 1082 294 exitu
1108 266 1245 306 cognito,
1272 266 1359 296 vobis
1384 268 1423 298 ab
1449 278 1485 298 eo
1511 279 1607 309 super
1631 268 1769 299 adventu

141 321 246 349 vestro
270 317 370 358 ipsius
395 319 427 347 et
451 316 626 357 apostolice
651 315 736 346 sedis
762 315 999 356 beneplacitum
1024 327 1082 357 per
1107 317 1228 347 litteras
1247 318 1404 358 speciales
1430 323 1460 348 et
1485 320 1611 349 nuntios
1637 320 1769 350 certitu-

142 368 290 400 dinaliter
307 367 512 410 panderetur.
551 366 662 397 Voluit
680 377 805 408 quoque
823 367 906 397 idem
926 368 1072 408 pontifex
1097 368 1269 405 Iohannes,
1294 372 1327 399 ut
1346 369 1637 410 predenuntiaretis
1655 371 1769 405 eidem,

142 419 266 461 quando
291 419 374 449 viros
398 418 530 449 eosdem
556 421 705 448 venturos
730 418 770 448 ad
796 428 885 449 suam
909 420 1105 459 presentiam
1132 420 1346 450 verisimiliter
1371 421 1562 456 crederetis,
1587 426 1620 452 ut
1645 423 1770 453 interim

141 472 339 514 procuraret,
373 469 456 511 quod
487 473 519 500 et
541 469 685 510 prefatus
709 480 767 500 rex
792 469 830 500 de
861 470 927 500 suis
952 470 1133 511 provideret
1157 475 1290 512 propter
1320 472 1380 502 hoe
1409 473 1526 502 nuntiis
1559 473 1767 509 destinandis,

141 523 193 565 qui
218 532 288 553 cum
306 521 378 551 viris
396 520 516 552 eisdem
542 521 571 550 in
597 521 683 551 curia
702 521 847 551 Romana
871 526 1107 559 concurrerent,
1132 533 1192 562 quo
1217 524 1320 563 magis
1345 524 1487 564 utrisque
1511 525 1715 565 presentibus
1740 525 1771 554 in

142 573 312 606 eorundem
335 573 561 614 prosecutione
585 576 778 603 tractatuum
804 584 974 614 processus
999 574 1115 603 efficax
1134 574 1316 604 haberetur.
1356 575 1397 605 Et
1421 576 1646 606 nichilominus
1672 576 1770 606 dilec-

141 630 207 657 tum
231 625 329 655 filium
354 624 484 655 fratrem
510 623 773 655 Bartholomeum
800 625 838 655 de
865 625 993 655 Amelia
1023 625 1061 655 de
1093 625 1203 656 ordine
1229 625 1387 656 Minorum
1417 626 1455 656 ad
1481 631 1617 657 vestram
1643 627 1771 657 celsitu-

141 678 246 708 dinem
277 676 448 706 destinavit
477 686 590 706 causas
621 676 716 706 utiles
741 680 772 706 et
797 677 1016 712 necessarias,
1051 687 1111 718 que
1143 677 1247 718 ipsum
1279 677 1317 708 ad
1343 679 1499 718 premissa
1528 689 1589 708 non
1614 678 1771 708 immerito

143 728 352 766 inducebant,
388 731 419 757 et
448 727 644 758 voluntatem
674 738 763 758 suam
794 739 891 769 super
923 728 984 758 illis
1014 729 1156 769 apertius
1188 739 1435 769 expressurum.
1460 740 1554 770 quam
1584 740 1624 760 ex
1657 730 1773 759 affectu

141 790 218 821 puro
240 779 398 810 consuluit
421 782 454 810 et
470 778 636 809 nobiscum
655 779 800 809 consulta
818 779 1050 810 deliberatione
1067 780 1237 820 prehabita
1255 781 1353 811 voluit
1370 781 1548 822 adimpleri.
1630 782 1677 821 (6)
1696 780 1772 811 Pro-

141 832 223 863 fecto
248 830 436 862 intendebat
469 830 650 861 huiusmodi
680 831 909 871 premissorum
943 831 1130 871 pontificum
1156 831 1372 862 Romanorum
1408 836 1439 862 et
1471 832 1654 874 specialiter
1678 832 1772 862 Inno-

141 883 236 914 centii
265 886 296 913 et
324 882 473 912 Iohannis
498 886 633 923 paterna
664 883 803 923 provisio
849 883 948 923 quieti
984 886 1085 913 status
1121 883 1239 924 publici
1269 888 1299 913 et
1324 885 1458 917 vestris,
1495 884 1577 913 sieut
1607 884 1636 913 in
1661 884 1774 913 litteris

142 933 315 965 eorundem
334 933 532 974 exprimitur,
559 933 766 974 singulariter
784 933 894 964 volens
912 934 1082 974 providere
1106 935 1314 975 profectibus,
1341 938 1375 964 ut
1393 935 1477 965 omni
1496 934 1661 975 diligentia
1679 945 1773 964 cave-

143 989 244 1023 retur,
271 996 309 1016 ne
332 989 464 1026 propter
490 988 629 1015 vestrum
653 989 708 1015 aut
733 988 837 1015 vestre
863 986 973 1016 militie
999 986 1065 1015 sive
1092 987 1197 1026 gentis
1223 986 1393 1016 adventum
1419 987 1449 1016 in
1474 986 1599 1016 Italiam
1625 986 1664 1016 ad
1690 986 1773 1015 sedi-

142 1038 294 1068 tiosorum
318 1037 473 1075 susurria,
504 1037 620 1077 quibus
645 1037 715 1078 plus
741 1048 834 1078 quam
862 1037 993 1078 expedit
1018 1038 1155 1069 refertus
1181 1041 1230 1068 est
1254 1038 1353 1071 orbis,
1385 1038 1433 1068 vel
1460 1037 1631 1068 eorundem
1657 1037 1774 1067 immis-

144 1090 248 1120 siones
271 1089 439 1119 malivolas
464 1088 582 1129 aliquid
608 1089 800 1119 turbationis
825 1089 1015 1130 insurgeret,
1042 1090 1125 1130 quod
1150 1089 1306 1120 dictorum
1325 1090 1559 1120 consumationi
1584 1092 1775 1119 tractatuum

143 1140 359 1182 impedimenti
384 1140 508 1171 obicem
526 1141 733 1171 ministraret.
823 1141 872 1181 (7)
892 1141 1010 1172 Verum
1031 1142 1107 1171 licet
1132 1146 1163 1171 et
1181 1152 1247 1180 vos,
1272 1145 1446 1172 memorato
1464 1141 1614 1182 pontifice
1632 1140 1775 1170 Iohanne

144 1193 246 1224 adhuc
271 1193 410 1231 vivente⁷
435 1192 654 1223 venerabilem
680 1193 809 1223 fratrem
835 1217 866 1224 ..
893 1193 1114 1223 Tridentinum
1139 1194 1323 1234 episcopum
1342 1195 1474 1233 propter
1498 1193 1556 1222 hoe
1581 1192 1620 1222 ad
1639 1192 1774 1222 eandem

144 1244 253 1275 sedem
270 1244 427 1275 duxeritis
445 1243 669 1274 destinandum
684 1243 704 1279 ¹,
729 1244 780 1284 qui
807 1244 920 1274 eodem
938 1244 1087 1285 pontifice
1108 1244 1260 1284 Iohanne,
1286 1248 1379 1285 prout
1404 1245 1456 1274 ille
1481 1244 1533 1285 qui
1557 1244 1660 1274 aufert
1683 1244 1774 1284 spiri-

144 1300 209 1327 tum
230 1296 408 1337 principum
433 1296 586 1337 permisit,
612 1295 650 1326 de
676 1296 735 1326 hac
760 1295 831 1325 luce
856 1295 1023 1333 subducto,
1049 1307 1067 1326 a
1092 1297 1179 1326 curia
1204 1296 1329 1337 prefata
1354 1296 1499 1331 recessit,
1525 1300 1555 1326 et
1578 1295 1678 1325 nuntii
1704 1306 1774 1335 prc-

144 1348 199 1378 fati
232 1348 317 1388 regis
345 1350 477 1388 propter
508 1347 568 1377 hoc
594 1347 729 1378 eandem
761 1347 869 1377 sedem
899 1348 1056 1388 evestigio
1090 1347 1245 1378 adeuntes
1282 1358 1314 1378 se
1347 1358 1402 1389 pro
1437 1350 1528 1388 parte
1562 1347 1660 1387 ipsius
1695 1346 1776 1386 regis

144 1403 271 1441 paratos
297 1399 471 1429 obtulerint
502 1398 541 1429 ad
567 1399 699 1430 eosdem
724 1402 880 1429 tractatus
905 1399 1145 1440 prosequendos
1175 1402 1205 1429 et
1230 1404 1324 1440 prout
1349 1405 1435 1430 esset
1460 1399 1635 1439 expediens
1662 1407 1776 1428 consu-

144 1451 287 1490 mandos⁷
312 1454 417 1481 tamen
443 1455 575 1492 propter
599 1451 765 1481 memorati
791 1451 950 1491 pontificis
976 1451 1096 1481 obitum
1122 1451 1274 1481 Iohannis
1300 1456 1330 1481 et
1356 1452 1454 1492 ipsius
1481 1451 1622 1492 episcopi
1640 1449 1776 1480 Triden-

145 1503 201 1533 tini
224 1513 386 1533 recessum
413 1503 519 1533 nullus
544 1503 575 1532 in
601 1502 722 1533 eisdem
747 1503 939 1533 tractatibus
971 1503 1073 1543 potuit
1103 1503 1213 1533 haberi
1244 1513 1414 1544 processus
1444 1512 1500 1532 nce
1534 1506 1583 1532 est
1616 1501 1654 1531 de
1690 1501 1778 1542 ipsis,

145 1558 237 1596 prout
260 1553 489 1588 desideramus,
515 1553 738 1584 communibus
764 1554 955 1584 utilitatibus
975 1554 1185 1584 satisfactum.
1277 1554 1323 1593 (S)
1349 1554 1375 1583 O
1400 1555 1531 1588 utinam,
1557 1554 1704 1594 princeps
1729 1553 1776 1582 in-

148 1607 231 1645 clite,
256 1606 314 1637 toti
337 1606 415 1642 orbi,
439 1606 530 1637 nobis
555 1609 586 1636 et
611 1606 701 1637 vobis
726 1606 839 1637 fuisset
864 1616 904 1636 ex
929 1606 993 1636 alto
1020 1617 1218 1644 concessum,
1243 1610 1278 1635 ut
1302 1606 1408 1646 aliquo
1432 1605 1647 1646 predictorum
1672 1604 1776 1645 ponti-

145 1657 236 1688 ficum
261 1658 397 1698 longiori
422 1658 486 1688 vita
511 1657 637 1690 donato.
663 1661 817 1688 tractatus
843 1658 902 1698 ipsi
930 1658 1206 1688 consumationem
1233 1657 1369 1687 votivam
1402 1661 1433 1686 et
1467 1655 1584 1685 mundo
1609 1655 1776 1696 perutilem

145 1710 357 1751 recepissent!
405 1709 431 1739 O
457 1709 576 1740 utinam
603 1709 651 1739 vel
679 1720 761 1739 nunc
787 1709 903 1739 nostris
929 1709 1096 1739 desideriis
1122 1712 1152 1739 et
1177 1709 1273 1738 totius
1293 1707 1531 1738 christianitatis
1557 1706 1694 1737 conutidis
1720 1716 1775 1735 an-

147 1764 223 1792 nuat
246 1761 354 1791 divina
378 1761 548 1791 clementia
573 1764 604 1791 et
630 1761 789 1795 celeriter,
814 1764 848 1791 ut
872 1765 1033 1801 optamus,
1059 1761 1218 1801 ydoneum
1246 1759 1380 1789 ecclesie.
1407 1769 1463 1788 sue
1488 1762 1648 1799 pastorem
1674 1757 1777 1787 indul-

146 1815 235 1854 geat,
266 1812 354 1842 cuius
385 1813 617 1853 circumspecta
649 1812 850 1852 providentia
887 1816 917 1842 et
946 1812 1079 1853 provida
1109 1811 1349 1852 circumspectio
1384 1810 1506 1840 eunctis
1539 1809 1778 1839 christianitatis

119 1900 122 1903 Δ
148 1867 291 1894 occurrat
314 1863 490 1894 incomodis
520 1868 552 1894 et
584 1864 614 1893 in
638 1863 699 1893 hiis
731 1867 763 1894 et
787 1864 856 1894 aliis
882 1867 1073 1904 oportunum
1107 1863 1283 1893 antidotum
1317 1873 1372 1892 sue
1408 1861 1594 1902 provisionis
1622 1863 1776 1901 apponat!

98 2033 121 2051 35

99 2290 123 2308 40

101 2546 125 2564 45

148 1915 195 1956 (9)
220 1915 284 1946 Sed
308 1926 347 1946 ne
371 1915 497 1945 interim
522 1925 582 1956 que
608 1926 664 1956 per
689 1915 817 1945 eosdem
844 1915 1021 1955 pontifices.
1046 1915 1198 1956 precipue
1223 1913 1445 1944 Innocentium
1472 1916 1503 1943 et
1527 1912 1713 1945 Iohannem,
1739 1911 1777 1942 de

147 1970 254 1997 nostro
280 1967 409 1998 consilio
434 1971 673 2008 processerunt,
707 1977 768 1997 non
793 1967 859 1997 sine
885 1967 1048 1997 verisimili
1082 1966 1210 2006 grandis
1242 1966 1426 1995 coniectura
1456 1964 1646 1994 discriminis
1676 1964 1777 2004 negli-

147 2028 222 2059 gere
248 2018 422 2057 videamur,
447 2018 619 2049 eorundem
645 2019 830 2060 pontificum
849 2019 1065 2060 provisionem
1085 2017 1279 2048 laudabilem
1305 2016 1343 2047 de
1368 2020 1476 2046 nostro
1493 2016 1625 2046 consilio
1650 2016 1778 2045 inchoa-

147 2073 210 2100 tam
234 2070 413 2101 imitatione
442 2070 582 2101 comodis
614 2070 732 2111 publici
765 2074 867 2100 status
898 2069 1104 2100 aecomm‹:›da
1136 2072 1382 2110 prosequentes,
1417 2068 1623 2098 serenitatem
1658 2067 1777 2107 regiam

148 2122 319 2152 affectuose
350 2132 500 2163 rogamus
533 2125 564 2152 et
596 2121 760 2152 hortamur
793 2122 824 2151 in
854 2121 981 2151 domino
1012 2120 1085 2151 Iesu
1117 2120 1243 2150 Christo
1282 2119 1464 2150 celsitudini
1490 2123 1594 2149 vestre
1627 2119 1778 2149 attentius

149 2173 330 2211 suadentes,
356 2176 514 2214 quatenus
539 2174 677 2214 aliquem
699 2174 747 2203 vel
765 2173 887 2213 aliquos
906 2173 990 2202 viros
1008 2172 1163 2213 ydoneos,
1188 2172 1344 2202 zelatores
1362 2171 1601 2212 tranquillitatis
1626 2174 1656 2200 et
1680 2170 1778 2210 pacis.

147 2224 274 2266 plenum
300 2236 318 2256 a
342 2229 448 2256 vestra
472 2225 712 2265 magnificentia
736 2224 922 2254 mandatum
955 2224 1112 2254 habentes
1137 2223 1176 2253 ad
1202 2226 1357 2253 tractatus
1382 2222 1512 2253 cosdem
1540 2221 1779 2263 prosequendos

149 2277 273 2307 nomine
298 2281 402 2307 vestro
427 2280 459 2307 et
476 2276 546 2307 Deo
571 2277 702 2317 auspice
722 2275 968 2311 consumandos,
994 2275 1032 2305 ad
1058 2274 1167 2305 sedem
1199 2275 1300 2315 ipsam
1330 2278 1447 2315 quanto
1474 2274 1610 2303 celerius
1634 2273 1778 2313 poteritis

149 2327 327 2366 destinetis,
353 2332 458 2359 vestre
483 2328 724 2369 magnificentie
750 2328 873 2357 litteras
898 2326 1098 2368 premissuri.
1135 2337 1190 2367 per
1220 2336 1297 2366 quas
1328 2325 1431 2355 eidem
1465 2325 1530 2355 sedi
1563 2324 1599 2354 de
1625 2324 1778 2353 adventus

150 2380 329 2410 nuntiorum
356 2381 497 2421 ipsorum
523 2384 666 2420 tempore
692 2380 869 2409 innotescat
902 2383 933 2408 et
962 2383 996 2408 ut
1021 2378 1186 2408 memorati
1219 2378 1304 2417 regis
1335 2377 1462 2407 nuntios
1491 2376 1603 2406 eodem
1637 2380 1779 2415 tempore

151 2441 220 2461 cum
244 2431 320 2473 ipsis
344 2432 374 2462 in
400 2431 512 2462 eadem
537 2432 627 2462 curia
651 2441 841 2461 concurrere
866 2440 1086 2471 procuremus.
1134 2430 1309 2469 Spei-amus
1343 2429 1427 2457 enim
1459 2428 1488 2457 in
1518 2427 1654 2456 Domino
1690 2430 1719 2455 et
1750 2426 1778 2455 in

153 2483 381 2524 omnipotentia
397 2484 523 2514 virtutis
548 2483 659 2524 ipsius.
685 2482 769 2523 quod
787 2483 865 2522 ipso,
892 2482 920 2511 in
946 2481 1034 2510 cuius
1060 2480 1180 2510 ditione
1205 2483 1319 2510 cuncta
1344 2484 1415 2509 sunt
1440 2479 1544 2520 posita
1557 2478 1577 2508 2.
1603 2478 1651 2507 eui
1676 2482 1723 2507 est
1749 2477 1778 2505 iu

152 2533 235 2564 facili
253 2538 367 2566 cuncta
383 2535 549 2576 perficere7
572 2535 641 2564 sine
661 2534 845 2574 cuiusquam
864 2533 1027 2562 molimine
1045 2532 1205 2562 tarditatis
1224 2531 1471 2561 niiscricm·(lite1·
1487 2530 1636 2562 faciente,
1655 2528 1776 2557 interim

153 2586 211 2615 erit
234 2586 336 2617 cidem
361 2587 499 2617 ecclesie
524 2586 562 2616 dc
588 2588 716 2627 pastore
741 2585 913 2625 provisum,
939 2584 992 2624 qui
1019 2583 1131 2613 vestris
1156 2587 1187 2613 et
1213 2582 1349 2623 sepefati
1376 2582 1458 2622 regis
1482 2581 1603 2610 nuntiis
1622 2580 1777 2620 presenti-

153 2637 212 2668 bus
236 2638 356 2669 eisdem
380 2637 571 2668 tractatibus
597 2637 753 2669 sollerter,
779 2640 870 2677 prout
894 2635 1048 2676 expedire
1072 2634 1203 2672 videbit,
1230 2633 1373 2663 intendet
1406 2638 1436 2662 et
1465 2644 1519 2661 eos
1545 2632 1680 2661 faciliter
1705 2641 1777 2659 am·-

153 2691 220 2719 tore
244 2689 381 2720 Domino
407 2689 617 2720 consumabit.
708 2688 774 2728 (10)
801 2688 982 2723 Quesumus
1001 2689 1108 2716 autem
1134 2689 1164 2715 et
1183 2686 1339 2715 instanter
1356 2684 1572 2725 exposcimus.
1597 2688 1630 2712 ut
1655 2693 1715 2723 que,
1741 2682 1778 2711 de

154 2743 258 2771 vestro
282 2741 421 2772 adventu
447 2742 476 2771 in
494 2741 620 2771 Italiam
645 2751 703 2781 per
727 2739 857 2769 eosdem
883 2739 1035 2779 precipue
1060 2737 1229 2778 pontifices
1248 2736 1469 2766 Innocentium
1497 2738 1527 2764 et
1547 2734 1720 2764 Iohannem
1741 2733 1778 2761 de

256 2810 279 2841 l)
301 2810 340 2843 (V.
362 2810 426 2843 Ile-ss.
442 2811 499 2842 imp.
520 2810 562 2839 VI,
576 2813 645 2834 sxta.
736 2810 761 2841 2)
785 2808 824 2839 (γ’.
845 2807 919 2846 1)(01,
941 2811 961 2833 2.
978 2810 1012 2832 ἰ’Ν.

1532 2847 1570 2870 lta>
