2259 3164
111 756 133 774 10

112 1013 134 1031 15

113 1290 138 1308 20

115 1551 138 1570 25

118 1808 142 1827 30

121 2087 144 2106 35

123 2358 148 2377 40

129 2615 152 2634 45

537 189 695 215 RUDOLFI
716 189 822 216 REGIS
841 190 1163 216 CONSTITUTIONES,
1202 192 1275 217 1274.
1311 192 1359 218 ΝΥ,
1373 193 1414 218 «19.
1751 200 1790 228 43

158 281 286 310 curator
309 280 342 308 et
364 277 505 312 nuntius,
529 275 651 307 habens
677 275 716 306 ab
741 275 809 317 ipso
826 276 1011 307 mandatum
1036 277 1067 307 in
1085 277 1184 307 forma
1200 278 1384 319 subscripta
1407 280 1549 319 presenti
1574 281 1690 322 scripto
1716 292 1789 312 con-

157 331 264 367 fiteor,
295 339 345 359 me
373 328 542 369 privilegia
574 337 697 358 necnon
734 331 766 357 et
794 327 971 358 iuramenta
1007 329 1091 359 clare
1121 330 1274 359 memorie
1306 330 1433 360 Ottonis
1466 330 1540 361 llll.
1572 334 1603 361 ct
1633 332 1790 372 quondam

158 379 351 422 Fr(ede1·i)ei
375 379 508 410 secundi
532 380 774 420 imperatorum,
799 381 874 409 tunc
902 390 1012 420 regum
1030 380 1258 418 Romanorum,
1284 391 1346 411 non
1371 382 1558 417 cancellata,
1585 393 1645 412 non
1671 384 1792 414 abolita

158 443 218 465 nec
246 433 279 463 in
309 432 417 472 aliqua
441 431 490 462 sui
514 434 605 472 parte
629 431 758 469 vitiata,
788 430 843 461 sed
875 431 906 461 in
934 431 1038 472 prima
1067 432 1115 461 sui
1143 432 1226 462 facie
1252 433 1356 462 aureis
1386 432 1480 462 bullis
1510 444 1618 473 regum
1652 434 1792 475 ipsorum

158 485 267 526 regiefl
289 482 487 514 maiestatisb
511 482 675 524 impressis
699 482 825 523 typario
850 483 1051 523 consignata,
1076 483 1246 523 diligenter
1266 484 1459 525 inspexisse„
1484 484 1522 514 ile.
1542 485 1639 515 verbo
1663 485 1702 515 ad
1722 497 1791 517 ver-

158 537 235 567 bum
251 534 369 575 legisse
393 544 430 564 ac
454 534 486 564 in
503 533 704 564 Theotonico
723 533 884 574 ydiomate
908 537 1039 575 propter
1056 534 1277 575 infrascriptos
1302 535 1426 564 nobiles
1446 536 1637 575 exposuisse
1662 538 1691 566 in
1716 548 1790 567 con-

160 587 286 619 sistorio
311 588 436 624 vestro,
465 585 668 616 sanctissime
691 588 783 626 pater
811 588 842 615 et
873 585 999 615 domine
1032 585 1159 616 domine
1185 585 1318 626 Gregori
1343 596 1426 627 papa
1449 585 1589 621 decime,
1614 588 1792 618 astantibus

159 639 248 670 vobis
271 637 459 669 reverendis
477 637 621 678 patribus
638 637 783 667 Iohanne
801 636 983 673 Portuensi,
1010 637 1106 668 Petro
1124 637 1316 673 Tusculano,
1343 637 1549 668 Vicedoniino
1574 638 1792 673 Prenestrino,

159 690 311 722 fratribus
328 689 366 720 B.
383 689 574 727 Albanensi,
598 688 695 719 Petro
713 688 856 719 Ostiensi
881 689 1051 730 episcopis,
1078 688 1218 729 Syrnone
1243 689 1327 719 tituli
1353 688 1458 719 Sancti
1478 689 1600 719 Martini
1626 690 1655 720 in
1674 690 1791 720 Monti-

159 743 230 781 bus,
246 742 287 774 A.
304 741 389 772 tituli
407 740 524 771 Sancte
539 739 704 777 Praxedis,
723 739 898 770 Guillelmo
916 740 999 770 tituli
1020 740 1130 771 Sancti
1148 740 1258 777 Marci,
1279 740 1417 781 Symone
1436 741 1519 770 tituli
1538 742 1655 771 Sancte
1675 742 1794 771 (fec-ilic

159 793 358 837 presbiteris,
376 791 541 823 Ottobono
559 791 669 822 Sancti
686 791 831 829 Adriani,
850 790 967 821 Iacobo
986 791 1103 822 Sancte
1121 791 1222 822 Marie
1241 792 1271 821 in
1291 791 1463 828 Cosmidin,
1490 792 1660 823 Gottifrido
1686 793 1793 823 Sancti

160 845 292 886 Georgii
316 843 356 875 ad
373 843 490 874 Velum
508 853 652 881 aureum,
676 843 801 873 Uberto
820 842 929 873 Sancti
947 842 1113 873 Eustachii
1138 847 1169 873 et
1187 843 1316 873 Matheo
1343 842 1460 874 Sancte
1486 844 1586 875 Mat-ie
1613 845 1643 874 in
1667 844 1794 874 Porticu

160 896 301 928 diaconis
334 894 567 933 cardinalibus,
598 898 630 925 ct
660 894 866 935 presentibus
892 894 969 924 inibi
994 894 1234 925 venerabilibus
1258 894 1401 934 patribus
1426 894 1567 925 Henrico
1592 896 1795 926 Treverensi.

162 948 328 980 Guarnero
346 946 545 987 Maguntino,
570 945 779 986 Enguebcrto
805 945 999 979 Ooloniensi‚
1025 945 1172 975 Conrado
1198 945 1484 985 Magdeburgensi,
1510 946 1691 977 Giselberto
1716 947 1795 976 Bre-

161 1000 261 1031 mensi
286 998 550 1040 archiepiscopis,
576 997 722 1028 Conrado
747 998 994 1038 Argentinensh
1020 997 1129 1028 Leone
1153 997 1396 1038 Ratisponensi,
1426 998 1578 1029 Brunone
1605 998 1795 1031 Brixinensi,

163 1051 282 1082 ottone
307 1049 486 1087 Mindensi,
517 1049 721 1090 Fr(ederi)co
747 1049 1021 1089 Mcrseburgensi,
1057 1048 1237 1089 lVidegonc
1269 1048 1441 1088 Mimensi,
1474 1049 1617 1080 Iohanne
1643 1049 1797 1079 Kiniensi.

162 1102 355 1134 Ildebrando
385 1101 562 1132 Eistetensi
592 1101 750 1142 episcopis
786 1104 817 1130 et
846 1100 1008 1131 nobilibus
1034 1101 1107 1130 viris
1135 1100 1306 1130 Frederico
1332 1100 1514 1130 burclavio⁰
1538 1101 1576 1131 de
1602 1100 1796 1130 Nurcnberk

162 1165 199 1186 ac
224 1153 405 1185 Gottefrido
431 1152 547 1184 comite
574 1151 743 1182 Seunensi.

273 1222 321 1263 (2)
346 1221 489 1253 Tenores
511 1223 618 1251 autem
640 1219 855 1262 predictorum
882 1220 1122 1261 privilegiorum
1148 1223 1179 1250 et
1203 1220 1453 1252 iuramentorum
1477 1221 1516 1251 (le
1541 1221 1637 1251 vcrbo
1662 1221 1701 1251 ad
1727 1230 1797 1250 vcr-

164 1275 239 1306 bum
264 1275 347 1305 tales
372 1276 462 1304 sunt:

273 1334 390 1365 Forma
413 1334 584 1364 iuramenti
603 1333 732 1364 Ottonis
758 1333 859 1374 quarti
878 1333 1080 1373 imperatoris
1105 1335 1179 1362 tunc
1204 1333 1290 1373 regis
1308 1333 1523 1364 Rornanorum
1548 1332 1672 1373 prestiti
1699 1331 1799 1361 felicis

164 1386 393 1417 recordationis
422 1385 611 1415 Innocentio
640 1395 722 1425 pape
752 1384 817 1414 111:
851 1383 931 1424 ‘Ego
964 1384 1252 1414 Otto—coronam
1285 1383 1442 1425 adeptusl
1476 1394 1573 1421 snpra
1605 1386 1674 1413 sams.
1696 1383 1800 1418 ILQJ

163 1449 210 1469 nr.
228 1439 278 1469 23.

271 1489 378 1520 Tener
401 1488 562 1530 privilegii
587 1487 663 1518 dicti
689 1487 816 1518 Ottonis
849 1487 953 1528 quarti
979 1487 1184 1528 imperatoris
1210 1490 1285 1517 tunc
1310 1486 1395 1526 regis
1418 1485 1632 1516 Romanorum
1658 1485 1799 1514 concessi

167 1541 269 1573 eidem
291 1540 482 1571 Innocentio
513 1543 545 1570 et
575 1539 712 1570 ecclesie
737 1539 898 1569 Romane:
934 1538 980 1568 ‘In
1013 1538 1139 1568 nomine
1164 1537 1498 1568 sancte—Kalendas
1523 1535 1662 1577 Aprilis&
1700 1536 1802 1571 [1,3σ

164 1604 212 1625 nr.
229 1594 275 1624 31.

273 1644 381 1675 Tenor
410 1642 570 1684 privilegii
600 1641 763 1672 Frederici
794 1641 926 1672 secundi
957 1641 1159 1682 imperatoris
1190 1644 1263 1671 tunc
1294 1640 1378 1680 regis
1408 1640 1624 1670 Romanorum
1661 1638 1802 1667 concessi

168 1696 271 1728 eidem
288 1694 478 1726 Innocentio
503 1704 586 1735 pape
604 1693 664 1724 III.
690 1696 722 1723 et
746 1693 882 1723 ecclesie
901 1692 1059 1722 Romanex
1086 1692 1131 1722 *In
1156 1692 1283 1721 nomine
1309 1690 1553 1721 sancte—Idus
1571 1688 1665 1719 Iulii‘.
1703 1689 1748 1720 ΙΙ,
1764 1690 1803 1715 :39

166 1758 214 1778 nr.
231 1748 284 1779 48.

276 1797 386 1829 Simile
410 1796 613 1838 privilegium
639 1806 829 1826 concessum
854 1795 893 1825 ab
914 1794 1244 1833 eoileniF1·(c‹le1·i)co
1270 1797 1344 1823 tunc
1371 1804 1445 1833 rege
1464 1792 1677 1822 Romanorum
1704 1791 1804 1820 felicis

168 1849 398 1882 recordationis
419 1848 564 1879 Honorio
596 1858 678 1889 pape
704 1847 767 1877 III:
792 1847 843 1877 ‘In
869 1847 996 1876 nomine
1021 1845 1311 1876 Dei—indictione
1335 1842 1543 1885 prescriptis'.
1578 1843 1804 1875 JJ,7711)·.(52'›,

277 1909 395 1940 Forma
420 1908 591 1939 iuramenti
616 1907 760 1938 eiusdem
778 1906 941 1937 Frederici
967 1909 1041 1936 tunc
1066 1906 1150 1946 regis
1167 1905 1386 1935 Romanorum
1412 1903 1535 1945 prestiti
1562 1902 1684 1944 prefato
1708 1902 1804 1931 Inno-

170 1962 273 1993 centio
299 1972 381 2003 pape
406 1961 523 1992 tercio:
548 1960 597 1990 ‘In
622 1960 751 1990 nomine
777 1957 1123 1989 sancte—indictionis
1149 1955 1272 1997 prime'.
1309 1956 1357 1989 IL
1374 1956 1412 1984 (11
1436 1965 1483 1984 nr.
1502 1956 1551 1984 51).

283 2021 400 2052 Forma
417 2020 587 2051 iuramenti
604 2019 746 2050 eiusdem
766 2018 929 2049 Frcdcrici
955 2021 1030 2048 tunc
1048 2017 1130 2057 regis
1148 2016 1363 2046 Romanorum
1382 2015 1506 2056 prestiti
1524 2014 1647 2054 prefate
1665 2012 1808 2042 Honorio

171 2084 254 2116 pape
277 2074 395 2104 tercio:
422 2072 468 2103 ‘In
493 2072 622 2102 nomine
648 2070 990 2102 sancte—indictione
1016 2067 1150 2099 octava'.
1188 2068 1236 2102 II,
1251 2068 1291 2097 79
1315 2077 1361 2097 nr.
1379 2068 1428 2097 o'o',

279 2143 328 2184 (3)
353 2142 403 2173 De
428 2141 647 2184 predictorum
678 2141 787 2180 itaque
817 2138 1147 2179 archicpiscoporuln,
1178 2136 1398 2177 eljiiscoporum
1428 2146 1463 2164 ac
1493 2132 1646 2163 nobilium
1677 2131 1808 2160 consilio

173 2198 204 2226 et
228 2204 382 2237 expresso
407 2203 565 2224 consensu
591 2203 651 2233 ego
676 2194 873 2222 memoratus
892 2189 1104 2220 cancellarius
1123 2188 1229 2217 omnia
1254 2190 1284 2216 et
1309 2186 1435 2226 singula
1459 2185 1489 2214 in
1516 2183 1635 2213 eisdem
1662 2185 1809 2211 contenta

173 2246 351 2287 privilegiis
382 2245 526 2276 eiusdem
557 2244 642 2285 regis
667 2242 706 2274 R.
730 2243 858 2272 nomine
882 2241 1020 2277 ratffico,
1058 2243 1127 2269 rata
1157 2242 1189 2269 et
1219 2239 1309 2268 firma
1342 2238 1444 2267 habeo
1479 2240 1510 2265 et
1539 2235 1578 2265 ab
1604 2235 1674 2264 aliis
1701 2233 1810 2263 haberi

174 2298 245 2328 Volo
271 2302 302 2328 et
326 2296 437 2328 eaden]
463 2297 579 2326 innovo
605 2298 700 2335 atque
726 2293 764 2324 de
791 2304 871 2323 novo
895 2292 1054 2325 concedo,
1081 2291 1271 2332 promittens
1297 2288 1408 2319 eodem
1435 2287 1561 2317 nomine
1585 2286 1680 2315 beato
1707 2284 1810 2314 Petro.

176 2349 306 2380 celestis
336 2348 427 2389 regni
456 2347 632 2387 clavigero,
662 2356 699 2375 ac
724 2344 813 2375 vobis
842 2343 924 2385 patri
954 2342 1155 2373 sanctissimo
1186 2342 1254 2371 eius
1288 2340 1466 2370 successori
1496 2337 1673 2376 ceterisque
1698 2335 1810 2364 vestris

176 2400 417 2431 successoribus
442 2402 474 2429 et
499 2398 636 2429 ecclesie
662 2397 808 2427 Romane
833 2406 870 2425 ac
895 2395 1002 2425 iurans
1028 2394 1058 2423 in
1083 2393 1221 2423 animam
1246 2392 1345 2432 ipsius
1371 2390 1455 2429 regis
1484 2389 1530 2424 lt,
1556 2387 1638 2428 quod
1664 2387 1730 2426 ipsc
1756 2396 1812 2425 per

177 2462 210 2482 se
234 2452 285 2482 vel
315 2462 373 2492 per
396 2451 493 2481 alium
525 2460 581 2480 seu
613 2449 691 2479 alios
723 2458 786 2478 non
810 2446 978 2487 occupabit
1006 2456 1065 2475 nec
1095 2444 1223 2474 invadet
1258 2443 1286 2472 in
1317 2446 1417 2472 totuin
1443 2440 1491 2470 vel
1522 2443 1643 2480 partein
1673 2438 1811 2476 aliquam

176 2507 278 2534 terras
310 2503 410 2544 ipsius
441 2501 579 2533 ecclesie
610 2500 754 2530 Romane
785 2501 840 2529 aut
869 2502 971 2528 terras
1002 2496 1213 2526 vassallorum
1245 2495 1326 2524 eius.
1359 2503 1436 2533 quas
1468 2492 1533 2521 iure
1563 2488 1647 2519 feudi
1675 2488 1721 2517 vel
1754 2486 1811 2515 sul»

179 2565 294 2586 census
319 2558 374 2585 aut
390 2554 524 2584 alterius
542 2551 748 2594 prestationis
766 2549 857 2581 titulo
883 2549 949 2579 sive
968 2548 1029 2578 alio
1048 2556 1250 2587 quocumque
1268 2544 1361 2574 niodo
1380 2546 1491 2573 tenent
1516 2541 1554 2570 nl·
1581 2541 1644 2579 ips-:1
1665 2538 1810 2567 ecclcsia-

180 2616 239 2637 nec
262 2616 317 2637 eas
341 2606 393 2636 vel
417 2615 527 2636 earum
553 2604 691 2644 aliquam
715 2601 902 2643 procurabit
927 2599 1075 2640 occupari
1101 2609 1157 2639 per
1181 2597 1277 2627 alium
1304 2606 1358 2624 seu
1385 2595 1466 2624 alios
1493 2592 1540 2622 vel
1567 2590 1681 2620 innuli.
1730 2588 1810 2622 Quin

180 2657 277 2688 etiam
301 2666 360 2687 nec
384 2656 469 2697 ipsas
494 2665 553 2685 nec
577 2657 725 2684 tenentes
750 2651 896 2687 easdem,
922 2662 956 2680 sc
982 2650 1031 2680 vel
1057 2652 1158 2678 terras
1183 2648 1271 2688 ipsas
1297 2646 1354 2675 sibi
1380 2646 1461 2674 ultro
1487 2643 1630 2672 volentes
1656 2639 1810 2668 subicere.

180 2718 238 2739 nee
269 2708 406 2738 officium
438 2706 567 2748 aliquod
600 2708 654 2735 aut
688 2704 877 2744 dignitatem
904 2702 952 2731 vel
983 2709 1215 2741 quanicumque
1246 2700 1434 2738 potestatem
1465 2695 1493 2724 in
1521 2692 1612 2722 ternis
1637 2690 1753 2719 visdon]
1780 2694 1806 2716 et

283 2800 329 2827 49.
349 2802 373 2833 ⁵²)
393 2802 462 2833 regia
481 2806 510 2825 tr.
601 2799 624 2831 b)
645 2800 775 2823 maiestate
794 2802 823 2821 [r.
912 2796 934 2827 Ο)
955 2796 988 2818 sir·
1008 2799 1036 2818 tr.

1576 2837 1601 2858 ⁶2·
