2259 3116
316 1426 333 1439 (“,

353 904 381 922 14.

352 1423 381 1441 lo.

410 139 470 168 238
786 136 944 163 RUDOLFI
964 137 1069 164 REGIS
1088 137 1411 163 CONSTITUTIONES.
1450 137 1524 163 1280.
1562 137 1608 162 Nr.
1622 136 1681 162 244.

408 224 525 253 nostris
551 234 608 254 seu
633 223 702 253 aliis
728 224 983 265 quibuscumque
1008 235 1066 255 nos
1092 225 1142 255 vel
1167 225 1336 266 imperium
1369 227 1424 254 aut
1448 224 1564 264 aliquis
1589 225 1698 254 nostro
1722 224 1851 255 nomine
1876 224 2052 257 audiamur.

407 275 475 305 Nec
501 278 648 306 teneatur
672 275 775 306 dictus
799 286 857 306 rex
881 276 931 306 vel
955 276 1071 317 aliquis
1096 277 1178 306 alius
1200 286 1256 317 pro
1274 275 1428 317 predictis
1446 285 1502 305 seu
1519 274 1735 315 predictorum
1753 275 1870 316 aliquo,
1895 279 2053 317 quatenus

407 337 465 357 1105
490 327 543 357 vel
567 327 737 368 imperium
762 328 969 368 contingunt,
1000 329 1032 358 in
1057 328 1174 358 iudicio
1201 328 1250 358 vel
1276 331 1369 358 extra
1392 326 1543 357 iudicium
1571 336 1677 356 coram
1702 326 1795 357 nobis
1821 327 1871 357 vel
1895 327 2053 359 iudicibus

408 378 525 408 nostris
551 389 609 409 seu
634 378 890 420 quibuscumque
915 380 996 417 aliis,
1020 382 1055 410 ut
1079 379 1266 421 predicitur,
1291 378 1487 419 respondere
1512 381 1567 408 aut
1592 381 1734 408 nostrum
1752 388 1807 418 pro
1825 378 1933 419 aliqua
1958 390 2054 411 causa

408 430 576 460 occasione
602 430 818 471 predictorum
843 430 1048 472 aliquatenus
1074 431 1181 461 subire
1205 430 1369 461 iudicium.
1407 429 1480 460 Non
1505 432 1612 459 tamen
1637 439 1693 470 per
1709 429 1770 460 hoc
1787 430 1917 470 aliquod
1940 430 2053 461 immo—

408 481 471 512 bile
495 482 546 512 vel
571 482 630 519 ius,
655 481 740 522 quod
766 484 891 523 spectet
914 482 954 512 ad
978 482 1158 523 imperium,
1184 484 1374 522 occupatum
1392 481 1444 511 vel
1462 480 1628 511 detentum
1647 481 1765 512 iniuste
1784 481 1890 512 valeat
1907 481 2053 520 detineri,

411 533 485 574 quin
510 534 606 564 immo
624 533 711 564 licite
730 534 832 574 possit
849 534 979 575 repeti·
1004 533 1067 564 Sed
1092 533 1181 563 nulla
1205 544 1256 563 res
1281 533 1408 563 mobilis
1434 532 1651 573 predictorum
1677 532 1847 564 occasione
1864 533 1931 574 peti
1949 534 2054 565 valeat

407 585 458 615 vel
484 596 518 615 sc
542 595 693 617 movens:
718 585 909 615 remittimus
934 588 1043 615 tamen
1068 584 1222 615 offensam
1249 584 1468 625 occupationis
1500 586 1531 613 et
1561 594 1688 624 penam.
1735 584 1769 615 Si
1793 585 1846 625 qui
1869 587 1977 615 tamen
2002 585 2053 616 alii

408 647 427 666 a
457 636 550 667 nobis
587 636 638 667 vel
674 636 807 678 imperio
844 637 1069 677 preteritorum
1106 635 1275 666 occasione
1313 645 1408 676 super
1437 634 1533 665 rebus
1566 635 1737 666 mobilibus
1770 639 1802 666 et
1827 636 2053 676 immobilibus,

407 688 548 727 iuribus,
573 687 735 729 dampnis,
761 688 917 718 fructibus
943 691 975 718 et
998 688 1157 718 interesse
1182 697 1272 717 suain
1296 687 1456 717 iusticiam
1482 686 1644 717 voluerint
1669 687 1833 727 prosequi,
1858 698 1919 717 non
1945 691 2052 719 nostro

409 743 465 770 aut
489 739 614 781 imperii
638 740 777 779 nomine,
801 750 898 780 super
922 739 968 769 eis
994 739 1117 780 possint
1142 749 1249 769 coram
1273 738 1419 768 Romano
1444 738 1596 779 pontifice
1621 738 1672 769 vel
1698 738 1857 769 iudicibus
1875 738 1988 770 dandis
2013 739 2052 770 ab

409 802 447 822 eo
473 791 608 822 civiliter
632 791 772 832 experiri
798 791 828 821 in
854 791 991 828 casibus,
1017 791 1047 820 in
1073 790 1187 831 quibus
1212 790 1294 820 iuste
1318 793 1432 831 petere
1456 792 1621 831 poterunt,
1655 790 1699 820 ita
1722 793 1831 820 tamen
1857 790 1941 832 quod
1965 791 2054 822 nulla

407 854 491 884 pena
523 846 615 873 extra
643 853 710 873 rem
740 843 909 873 occasione
940 842 1159 883 predictorum
1192 842 1294 883 possit
1325 842 1410 882 exigi
1443 842 1492 871 vel
1526 842 1658 882 imponi.
1712 841 1816 872 Salvis
1853 842 1949 872 etiam
1982 843 2052 873 aliis

407 895 561 935 legitimis
586 894 828 924 defensionibus
853 897 884 924 et
908 893 1032 924 iuribus
1058 893 1131 923 hinc
1156 897 1188 923 et
1211 893 1296 923 inde.
1387 892 1435 933 (6)
1460 893 1707 931 I'romittentes,
1732 893 1816 934 quod
1840 904 1965 934 regem,
1988 894 2053 935 pri-

406 947 603 987 mogenitum
629 949 660 976 01
684 945 819 976 heredes
848 945 977 976 eosdem
1010 955 1067 986 per
1098 956 1156 975 nos
1188 945 1239 975 vel
1271 955 1331 985 per
1360 945 1439 975 alios
1470 955 1532 975 non
1564 944 1764 976 offendemus
1789 945 1820 975 in
1845 946 1964 986 aliquo,
1994 956 2052 977 1100

406 998 588 1028 volentibus
620 998 706 1039 ipsos
739 997 903 1028 offendere
933 997 1148 1038 prestabimus
1180 997 1365 1036 consilium,
1401 997 1557 1027 auxilium
1587 997 1639 1027 vel
1668 997 1811 1027 favorem
1839 997 1969 1038 publice
2003 997 2052 1028 vel

405 1049 540 1079 occulte.
586 1049 735 1090 Regnum
762 1049 858 1079 etiam
885 1048 994 1079 Sicilie
1020 1052 1051 1078 et
1075 1051 1175 1078 totam
1205 1052 1337 1082 terram,
1373 1058 1434 1089 (1110
1465 1052 1514 1078 051
1539 1048 1620 1079 citra
1643 1048 1761 1079 Farum
1786 1059 1888 1089 usque
1912 1048 1952 1079 ad
1977 1059 2051 1079 con-

407 1101 480 1131 finia
499 1104 655 1131 terrarum
673 1100 819 1131 Romane
844 1101 992 1138 ecclesie,
1018 1110 1078 1141 que
1104 1100 1266 1141 predictus
1292 1111 1349 1131 rex
1375 1100 1414 1131 ab
1440 1100 1511 1141 ipsa
1535 1103 1623 1130 tenet
1649 1100 1799 1138 ecclesia,
1824 1110 1888 1130 non
1913 1109 2050 1141 occupa-

406 1153 510 1183 bimus
540 1153 589 1183 vel
620 1152 809 1183 invademus
833 1163 891 1193 per
914 1163 973 1182 nos
998 1152 1049 1183 vel
1078 1163 1136 1193 per
1167 1152 1265 1182 alium
1300 1162 1359 1182 ncc
1390 1152 1544 1193 occupari
1575 1151 1626 1182 vel
1658 1151 1767 1182 invadi
1796 1151 2050 1192 procurabimus,

406 1215 466 1235 1100
490 1204 643 1235 invadere
668 1204 719 1235 vel
744 1215 901 1245 occupare
926 1203 1161 1245 temptantibus
1186 1203 1402 1244 prestabimus
1428 1203 1602 1243 auxilium,
1632 1203 1798 1233 consilium
1832 1203 1882 1234 vel
1907 1204 2047 1235 favorem

405 1256 569 1297 publicum
595 1256 644 1286 vel
669 1256 827 1286 oecultum
840 1256 859 1286 ¹.
912 1255 949 1285 In
979 1255 1040 1285 hiis
1065 1255 1255 1285 auctoritate
1288 1258 1320 1285 01
1349 1254 1500 1284 mamiato
1529 1254 1666 1285 Romani
1694 1254 1855 1296 pontificis
1884 1255 1936 1286 vel
1966 1255 2050 1286 sedis

406 1307 583 1349 apostolice
609 1318 737 1348 semper
761 1307 867 1337 salvis.
950 1307 997 1348 (7)
1022 1306 1190 1337 Vassallos
1220 1317 1347 1347 quoque
1378 1309 1505 1337 nostros
1538 1310 1649 1336 eontra
1681 1306 1899 1347 predictorum
1924 1307 2051 1348 aliquod

406 1359 562 1389 facientes
581 1369 822 1400 compescemus
847 1362 879 1389 et
897 1359 1068 1400 puniemus
1093 1358 1176 1388 bona
1199 1358 1259 1388 fide
1285 1368 1341 1399 pro
1367 1357 1498 1399 posse2.
1546 1357 1584 1388 Iu
1608 1357 1669 1388 hiis
1695 1357 1885 1389 auctoritate
1909 1361 1940 1388 01
1964 1369 2051 1389 man-

406 1411 480 1441 dato
512 1410 648 1441 Romani
678 1411 836 1452 pontificis
868 1410 917 1441 vel
949 1409 1035 1440 sedis
1068 1409 1248 1450 apostolice
1281 1420 1411 1450 semper
1445 1410 1554 1441 salvis.
1649 1409 1696 1451 (8)
1722 1409 1880 1440 Volumus
1910 1410 2049 1452 insuper,

405 1462 489 1503 quod
524 1464 550 1493 si
582 1473 639 1492 1105
675 1466 785 1493 contra
813 1462 958 1504 predicta
982 1462 1034 1492 vel
1059 1461 1189 1502 aliquod
1217 1461 1448 1502 predictorum,
1479 1471 1540 1502 que
1574 1462 1780 1492 continentur
1808 1462 1839 1492 in
1863 1462 2048 1503 precedenti

405 1515 550 1552 articulo,
580 1514 634 1544 ubi
666 1514 825 1555 loquimur
856 1514 894 1545 de
925 1524 1025 1554 regno
1052 1513 1176 1551 Sicilie,
1207 1514 1400 1547 faceremus,
1432 1514 1529 1544 liceat
1552 1513 1701 1544 omnibus
1727 1516 1759 1544 et
1783 1513 1917 1554 singulis
1943 1513 2048 1544 eccle-

404 1566 541 1596 siasticis
566 1569 597 1596 ct
622 1567 820 1597 secularibus
845 1565 1060 1607 principibus,
1086 1565 1279 1604 baronibus,
1305 1565 1453 1596 vassallis
1480 1568 1511 1596 et
1536 1566 1681 1606 collegiis
1706 1576 1742 1596 ac
1768 1565 2048 1596 communitatibus

406 1618 545 1658 imperii,
571 1618 609 1648 ad
636 1618 821 1648 mandatum
847 1618 983 1648 Romani
1007 1617 1167 1659 pontificis
1193 1617 1242 1648 vel
1273 1617 1358 1647 sedis
1383 1609 1560 1659 apostolice
1586 1618 1696 1648 iuvare
1722 1628 1831 1658 regem
1857 1620 1888 1648 01
1912 1616 2046 1648 heredes

404 1669 534 1700 cosdem
559 1669 597 1699 ad
622 1669 838 1700 defensionem
864 1670 954 1710 regni
981 1669 1091 1700 Sicilie
1116 1680 1153 1699 ac
1178 1672 1273 1707 terre,
1298 1680 1392 1710 quam
1418 1672 1452 1699 ut
1475 1669 1652 1710 predicitur
1676 1669 1759 1700 idem
1784 1680 1844 1700 rex
1869 1669 1909 1699 ab
1935 1668 2047 1700 eadem

404 1724 493 1751 tenet
517 1721 663 1751 ecclesia.
712 1721 752 1751 Et
776 1731 832 1762 pro
859 1732 896 1751 eo
921 1721 1003 1761 quod
1029 1721 1186 1751 iuvabunt
1210 1732 1320 1761 regem
1346 1721 1396 1751 vel
1421 1721 1558 1752 heredes
1576 1721 1720 1762 prefatos
1744 1720 1785 1751 ad
1809 1720 2045 1752 defendendum

403 1783 536 1813 regnum
563 1776 594 1803 et
619 1776 737 1803 terram
764 1773 876 1803 eadem
902 1776 1012 1803 eontra
1046 1773 1214 1813 imperium
1240 1773 1290 1803 vel
1315 1784 1389 1810 nos,
1422 1784 1484 1803 non
1509 1776 1700 1814 reputentur
1724 1773 1844 1814 aliquid
1869 1773 1973 1814 egisse
1998 1772 2048 1803 vel

403 1835 499 1863 agero
525 1828 632 1854 eontra
657 1824 840 1865 homagium
866 1824 916 1855 vel
941 1824 1130 1855 fidelitatem
1148 1825 1241 1855 nobis
1266 1825 1306 1855 ab
1332 1825 1408 1866 ipsis
1433 1825 1570 1865 prestita
1595 1825 1644 1856 vel
1667 1824 1852 1866 prestanda.
1899 1824 1941 1855 Et
1967 1823 2048 1865 quod

404 1880 536 1917 propter
560 1877 713 1906 auxilium
741 1877 791 1906 vel
817 1876 976 1915 iuvamen,
1002 1876 1085 1917 quod
1111 1877 1141 1906 in
1167 1876 1225 1906 hoc
1251 1887 1328 1907 casu
1354 1876 1393 1906 ad
1418 1876 1606 1907 mandatum
1624 1876 1798 1908 eorundem
1816 1876 1952 1907 Romani
1968 1885 2047 1917 pon-

406 1927 498 1957 tilicis
531 1928 581 1957 vel
611 1928 786 1968 apostolice
818 1928 902 1958 sedis
935 1928 1004 1968 regi
1036 1928 1085 1957 vel
1119 1928 1293 1958 heredibus
1324 1928 1515 1969 prestabant
1544 1928 1683 1968 eisdem,
1712 1928 1835 1958 nullum
1865 1927 2047 1969 dampnum,

404 1979 631 2009 detrimentum
658 1980 707 2009 vel
735 1980 888 2009 iacturam
918 1980 979 2020 ipsi
1004 1980 1052 2010 vel
1081 1979 1255 2010 eorundem
1286 1979 1420 2010 heredes
1452 1980 1483 2010 in
1508 1980 1612 2011 feudis
1637 1983 1669 2011 et
1692 1980 1802 2019 terris,
1827 1990 1888 2021 que
1912 1978 2044 2020 imperio

404 2034 530 2063 10110111,
560 2031 723 2060 incurrant
748 2031 796 2060 vel
823 2031 991 2072 accipiant.
1038 2031 1079 2061 Et
1104 2031 1188 2071 quod
1214 2031 1357 2061 homines
1383 2042 1441 2062 seu
1465 2032 1597 2062 vassalli
1631 2032 1731 2062 1105111
1756 2032 1807 2062 vel
1830 2031 1955 2072 imperii
1979 2030 2043 2061 Ro-

405 2092 569 2111 manorum
595 2093 656 2112 11011
682 2085 853 2112 teneantur
878 2082 1008 2113 obedire
1034 2083 1125 2113 nobis
1151 2083 1334 2113 volentibus
1360 2094 1418 2124 per
1441 2094 1497 2113 nos
1524 2084 1574 2115 vel
1591 2094 1649 2125 per
1667 2084 1764 2114 alium
1785 2093 1917 2125 regnum
1936 2081 2043 2113 Sicilie

404 2133 452 2163 vel
478 2138 606 2164 terrani.
632 2145 693 2174 que.
712 2134 814 2164 «lictus
841 2145 897 2164 rex
921 2134 960 2165 ab
986 2134 1099 2165 eadem
1125 2138 1214 2165 tenet
1239 2135 1388 2173 ecelesia,
1414 2138 1447 2165 ut
1472 2135 1591 2166 dictum
1617 2138 1675 2175 est,
1701 2145 1870 2177 occupare,
1894 2133 2043 2165 invadere

405 2195 461 2215 seu
487 2185 729 2225 quomodolibet
754 2186 928 2217 offendere.
971 2186 1005 2216 111
1030 2186 1091 2215 11115
1116 2186 1307 2217 anctoritate
1333 2190 1364 2217 ct
1389 2187 1541 2217 mandato
1558 2187 1696 2218 Romani
1722 2187 1880 2229 pontificis
1905 2189 1937 2217 et
1960 2184 2043 2216 sedis

363 2250 378 2267 .·.
404 2237 579 2277 apostolice
604 2248 731 2278 semper
756 2238 865 2268 salvis.
948 2238 995 2277 (a)
1017 2237 1169 2268 l’reterea
1194 2238 1341 2269 inimicos
1367 2239 1451 2279 regis
1478 2238 1620 2269 eiusdem
1645 2250 1707 2269 11011
1732 2239 1911 2269 iuvabimus
1935 2239 2042 2268 contra

405 2289 506 2328 ipsum
533 2299 589 2318 nee
616 2289 769 2322 volumus,
796 2289 879 2329 quod
907 2289 974 2329 ipse
1001 2289 1146 2319 inimieos
1173 2293 1299 2319 nostros
1324 2290 1453 2321 adiuret
1479 2294 1589 2321 contra
1614 2301 1682 2322 nos.
1724 2290 1828 2321 Salvis
1853 2288 2042 2320 auctoritate

404 2344 435 2369 et
463 2340 613 2370 inundato
639 2340 798 2380 predictis.
849 2340 886 2370 l⁴lt
918 2344 1056 2381 excepto
1088 2341 1170 2382 quod
1209 2342 1233 2371 si
1259 2352 1314 2371 nos
1340 2342 1533 2373 haberemus
1558 2353 1707 2383 guerram
1733 2345 1845 2373 contra
1869 2340 2041 2382 predictam

404 2391 578 2421 1101001000
605 2392 773 2421 ecelesiam
801 2393 850 2422 vel
877 2392 988 2422 eadem
1016 2392 1152 2422 ecelesia
1178 2396 1288 2423 eontra
1313 2404 1387 2426 nos,
1414 2395 1516 2434 possit
1541 2394 1625 2424 idem
1650 2405 1707 2424 rex
1732 2393 1849 2424 dietam
1875 2391 2040 2423 ecclesiam

403 2442 503 2473 libere
533 2443 698 2475 adiuvare,
732 2446 762 2473 et
793 2444 816 2473 si
849 2443 1010 2484 predictus
1040 2455 1095 2473 rex
1127 2444 1260 2474 haberet
1295 2456 1443 2485 guerram
1478 2449 1588 2476 eontra
1613 2445 1771 2487 prefatam
1797 2443 1966 2475 ecclesiam
1990 2441 2039 2472 vel

405 2494 473 2534 ipsa
500 2485 635 2524 ecch-sia
663 2498 772 2524 eontra
798 2495 910 2535 ipsam,
938 2495 1036 2525 libere
1062 2506 1118 2525 nos
1136 2500 1344 2526 memoratam
1363 2497 1532 2527 ecelesiam
1552 2497 1705 2528 adiuvare
1723 2496 1895 2537 possimus.
1933 2492 2039 2525 Possit

402 2546 496 2575 etiam
523 2545 685 2586 priulietns
712 2556 767 2575 rex
793 2546 900 2575 Sicilie
927 2557 1034 2585 reg-ein
1058 2546 1198 2587 Ungui-ie
1225 2547 1333 2577 iurare
1360 2548 1390 2578 111
1416 2548 1618 2579 ‹let'einlendo
1644 2553 1676 2579 01
1700 2558 1809 2589 regem
1836 2545 1982 2582 Ivi-aneio,
2005 2546 2039 2574 ut

402 2601 538 2627 tenetur.
589 2596 627 2626 let
661 2597 750 2626 nobis
788 2602 822 2627 ut
854 2600 1003 2628 teneturc
1033 2598 1152 2628 servire
1185 2609 1244 2628 non
1280 2600 1489 2639 personaliter
1519 2600 1742 2632 nichilominus
1776 2602 1930 2630 teneatur.
1977 2594 2038 2627 Sed

503 2681 566 2707 214.
587 2684 609 2713 ⁰)
630 2687 655 2706 111
676 2683 736 2708 add,
757 2692 776 2707 e,

507 2743 529 2774 l)
550 2742 589 2772 (vs¹
609 2750 690 2774 ΜΙΙΙἫ
711 2750 753 2767 „73
767 2748 798 2766 ΞΗ,
816 2752 834 2767 (¹.
854 2747 886 2767 μ),
974 2745 1000 2774 L')
1021 2743 1061 2773 (fs,
1083 2743 1174 2767 tltidcm
1194 2752 1213 2769 C.
1231 2750 1264 2770 ΙΙ.

2080 698 2103 717 10

2080 959 2101 978 1⁵

2077 1219 2101 1238 20

2075 1476 2098 1496 25

2072 1732 2096 1751 30

2070 1991 2093 2011 ³5

2067 2244 2091 2262 ⁴0

2063 2503 2086 2522 ⁴⁵
