2259 3116
343 210 406 236 ‘3503
530 201 826 229 SUPPLEMENTUM
850 200 895 226 AD
917 199 1074 226 RUDOLFI
1096 199 1199 225 REGIS
1221 197 1547 225 CONsTITUTIONEs.
1586 198 1659 223 1289.
1696 197 1814 223 Nr.669.

343 302 415 321 cum
440 290 490 320 vel
515 300 587 320 suos
612 289 642 318 in
668 287 812 328 predicto
837 287 908 317 loco
933 287 1061 317 racione
1087 286 1275 316 municionis
1299 285 1432 323 factam,
1457 284 1609 314 videlicet
1632 287 1754 324 portam,
1784 294 1893 324 sepes,
1922 294 1995 324 pro-

343 342 522 383 pugnacula
548 351 609 381 que
634 339 808 379 vulgariter
832 337 963 368 berefrit
988 337 1135 368 dicuntur
1160 341 1192 368 et
1216 337 1363 378 thuguria
1390 346 1451 377 que
1477 336 1572 366 erker
1596 335 1771 375 vulgariter
1794 336 1996 365 nominantur

343 404 441 434 prope
467 394 568 433 ipsam
593 401 704 431 sepem
729 393 761 420 et
785 400 880 430 supra
906 389 1061 419 fossatum
1085 389 1145 419 sita
1170 389 1297 419 omnino
1323 388 1442 428 deponi
1470 391 1502 417 et
1531 398 1601 417 cum
1627 386 1744 417 effectu
1769 386 1866 417 faciat
1889 397 1995 417 remo-

341 445 416 474 veri.
463 445 549 474 Aree
574 454 649 474 vero
677 443 775 483 ipsius
807 441 949 481 episcopi
974 440 1093 471 ibidem
1123 444 1155 471 et
1180 440 1316 470 ecclesie
1345 450 1401 470 sue
1432 439 1572 469 dominio
1597 438 1796 479 pertinentes
1820 438 1934 478 vieque
1965 442 1996 468 et

341 501 439 526 strate
464 496 602 535 priores,
638 504 696 535 per
719 504 798 534 quas
827 492 931 523 coloni
959 492 1020 522 loci
1049 492 1089 522 ab
1119 492 1258 532 antiquis
1283 491 1483 532 temporibus
1507 490 1675 520 retroactis
1698 490 1817 520 intrare
1847 493 1879 519 et
1908 490 1996 520 exire

342 549 587 586 consueverant,
624 545 750 576 racione
782 544 938 584 premisse
970 544 1159 574 municionis
1192 543 1355 573 obstruete
1386 542 1437 572 vel
1470 540 1713 582 quomodolibet
1743 540 1921 581 impedite³
1955 540 1996 571 ad

342 599 533 629 anteriorem
559 600 677 627 statum
701 596 834 626 reducte
859 595 1066 626 restituantur
1090 595 1222 636 pristine
1247 594 1397 624 libertati.
1446 593 1602 623 Preterea
1627 591 1778 633 quicquid
1807 591 1886 622 alias
1914 592 1996 623 inter

343 662 397 679 vos
426 649 641 680 controversie
670 648 808 678 accionis
844 657 900 677 seu
937 647 1111 687 questionis
1150 646 1340 676 remanserit
1370 648 1425 675 aut
1456 644 1495 675 de
1524 655 1605 674 novo
1635 644 1817 682 emerserit,
1852 643 1996 684 prefatus

341 701 376 731 L.
403 701 442 731 de
461 700 600 741 Otingen
625 700 739 731 senior.
765 708 859 739 quem
884 697 926 728 ad
949 698 1008 728 hoc
1033 701 1141 738 partes
1159 697 1361 727 concorditer
1378 696 1555 736 elegerunt,
1580 699 1744 736 assumpto
1769 695 1829 725 sibi
1847 694 1995 725 Ounrado

343 752 382 782 dc
412 752 501 782 Teke
532 751 612 781 duce
643 760 699 781 seu
723 749 872 790 Lupoldo
904 749 944 779 de
972 749 1147 789 Wiltingon
1179 749 1303 779 seniore
1334 747 1385 778 vel
1413 748 1566 788 magistro
1599 747 1734 787 coquine
1764 750 1818 776 aut
1848 746 1995 787 Lupoldo

342 805 463 834 iuniore
490 803 528 833 de
554 802 741 843 winingen„
766 801 791 831 si
816 801 907 841 copia
926 800 1063 841 predicti
1088 800 1177 831 ducis
1200 800 1313 830 haberi
1337 810 1399 829 non
1423 802 1543 839 posset.
1568 808 1626 838 per
1650 799 1733 828 viam
1750 798 1826 828 iuris
1843 808 1900 828 seu
1916 798 1996 828 ami-

343 855 454 885 cabilis
478 854 724 895 composicionis
749 852 903 893 expediet
926 855 958 882 et
975 852 1113 882 finaliter
1136 854 1244 881 nostro
1269 851 1396 881 nomine
1421 849 1616 889 terminabit,
1643 860 1818 890 eorumque
1844 849 1996 880 decisioni

342 913 436 939 stare.
463 906 688 946 obtemperare
715 907 746 935 et
771 915 841 934 cum
867 904 983 934 effectu
1000 913 1114 944 parere
1133 903 1348 943 promiserunt
1371 901 1510 932 fideliter
1533 902 1565 931 in
1588 904 1694 931 nostra
1721 902 1887 942 presencia
1913 900 1996 931 dicte

343 962 459 998 partes.
506 957 550 988 Ut
580 960 686 987 autem
716 955 842 996 prefato
872 956 1023 995 episcopo
1054 965 1091 985 ac
1119 954 1255 985 ecclesie
1286 964 1341 984 sue
1371 954 1455 984 circa
1484 953 1738 983 destruccionem
1768 953 1996 993 premissorum

344 1009 540 1039 ‹·‹lificioru1n
570 1008 700 1038 maioris
730 1007 910 1037 securitatis
941 1006 1084 1037 efficacia
1113 1006 1297 1042 eaveaturb„
1330 1006 1419 1035 iuxta
1451 1004 1664 1034 ordinacionis
1695 1007 1802 1034 nostre
1831 1004 1996 1034 decretum

344 1060 534 1091 liudewicus
559 1059 598 1090 ‹le
624 1059 763 1099 Otingen
788 1059 906 1097 senior,
939 1057 1106 1088 Cumadus
1131 1057 1271 1098 dapifer,
1300 1057 1459 1087 Henricus
1484 1056 1524 1086 de
1549 1055 1772 1091 Richenbachq
1806 1055 1998 1086 Ekehardus

344 1112 383 1142 dc
408 1112 505 1151 Lare,
530 1110 745 1141 Meinwardus
770 1110 809 1140 de
835 1110 1026 1149 Stainheim⁷
1051 1109 1177 1140 Ulrieus
1201 1112 1333 1150 patruus
1357 1119 1431 1138 suus
1456 1111 1488 1138 et
1513 1107 1679 1138 cunradus
1705 1107 1744 1137 de
1768 1107 1996 1138 Lencersheim

346 1175 400 1203 pro
426 1164 493 1203 ipso
518 1163 553 1193 L.
569 1162 692 1192 iuniore
716 1162 914 1192 fideiussoris
942 1162 1094 1191 caucionc
1118 1161 1368 1191 intercesserunt
1392 1161 1422 1190 in
1447 1159 1594 1197 solidum,
1619 1163 1653 1190 ut
1678 1159 1762 1189 dicto
1790 1159 1941 1199 episeopo
1966 1165 1998 1189 et

345 1214 479 1244 ecclesie
505 1224 560 1243 sue
585 1214 691 1243 omnia
717 1218 748 1243 et
772 1212 896 1253 singula
921 1213 1135 1253 suprascripta
1163 1213 1244 1243 eirca
1263 1212 1480 1242 remocionem
1505 1214 1663 1241 structure
1687 1214 1767 1249 rata⁷
1792 1211 1997 1241 inconcussa⁰

346 1272 376 1294 ot
407 1265 555 1295 inviolata
593 1265 660 1294 sine
697 1264 808 1294 fraude
841 1264 984 1305 qualibet
1015 1264 1238 1298 observentur,
1275 1267 1368 1304 prout
1400 1264 1431 1293 in
1462 1262 1680 1303 superioribus
1715 1265 1765 1292 est
1799 1272 1996 1303 expressum.

345 1317 495 1356 Alioquin
521 1316 596 1345 dicti
622 1316 824 1346 fideiussores
854 1316 894 1346 ab
920 1316 988 1356 ipso
1014 1316 1165 1356 episcopo
1191 1316 1303 1345 moniti
1328 1315 1413 1355 apud
1439 1315 1600 1345 civitatem
1627 1314 1765 1355 Otingen
1795 1315 1826 1344 in
1851 1314 1997 1355 obstagio

346 1368 431 1397 iuxta
466 1378 666 1397 communem
696 1370 780 1397 terre
810 1367 1074 1397 consuetudinem
1105 1377 1137 1397 sc
1170 1367 1325 1407 recipient
1349 1377 1552 1407 nequaquam
1585 1366 1658 1396 inde
1690 1366 1860 1405 recessuri7
1895 1365 1996 1395 donec

346 1420 449 1448 omnia
476 1418 619 1448 debitum
645 1422 880 1458 consequantur
904 1418 1063 1448 effectum.
1112 1418 1185 1458 Ipse
1210 1428 1285 1448 vcro
1310 1418 1346 1448 L.
1372 1428 1479 1448 comes
1504 1429 1560 1458 pro
1586 1430 1618 1448 se
1644 1420 1741 1458 ponet
1766 1417 1844 1447 duos
1869 1417 1996 1454 milites,

345 1470 368 1499 si
396 1470 422 1499 ci
441 1470 539 1499 visum
566 1469 659 1499 fucrit
685 1469 849 1509 expedire.
896 1470 932 1499 In
958 1469 1196 1500 testimoniumd
1220 1469 1437 1510 predictorum
1455 1469 1592 1510 sigillum
1618 1469 1706 1509 regie
1723 1469 1900 1498 maiestatis
1923 1479 1996 1508 pre—

345 1520 486 1550 sentibus
511 1525 559 1550 cst
583 1531 769 1561 appensum.

452 1572 570 1601 Datum
596 1571 679 1611 apud
706 1571 905 1612 Retenburg,
930 1572 1108 1603 indiccione
1133 1571 1283 1604 secunda.
1308 1582 1389 1602 anno
1414 1571 1543 1602 Domini
1561 1570 1779 1601 MOOLXXX
1797 1582 1889 1603 nono,
1914 1582 1995 1602 anno

344 1634 420 1653 vcro
446 1624 532 1663 regni
560 1624 654 1653 nostri
678 1622 766 1653 XVI.

449 1708 515 1734 669.
535 1713 556 1737 ³)
578 1710 698 1741 impedire
718 1719 754 1734 or.
800 1730 803 1732 .
861 1709 883 1739 b)
911 1718 972 1734 :ivea
997 1710 1021 1733 iu
1048 1718 1142 1733 rasura
1167 1718 1203 1733 or.
1310 1713 1331 1737 Β)
1351 1717 1426 1734 cussa
1453 1710 1476 1733 ῐιι
1496 1718 1592 1733 rasura
1612 1718 1648 1733 or.
1755 1708 1779 1739 d)
1803 1711 1831 1733 In
1851 1710 1950 1734 testimo
1971 1709 1998 1733 in

346 1760 439 1775 *raum-rr
460 1762 497 1776 (W.

2018 768 2040 786 10

2018 1025 2040 1042 15

2019 1281 2041 1299 ’ΞΟ
