2259 3116
438 158 499 188 260
775 152 933 178 RUDOLFI
952 151 1056 179 REGIS
1076 149 1400 177 CONSTITUTIONES.
1437 149 1512 174 1281.
1549 148 1596 173 Nr.
1610 148 1668 174 266.
1681 147 1741 173 267.

546 241 636 272 Inter
666 244 788 279 cetera,
824 250 959 281 quorum
996 249 1055 270 nos
1091 238 1226 280 pervigil
1256 248 1332 268 cura
1359 236 1526 275 sollicitat,
1557 245 1691 276 quorum
1715 245 1772 265 nos
1795 235 1927 276 utiqueb
1952 235 2077 266 curiosa

441 292 620 324 sollicitudo
645 293 777 333 fatigat,
812 291 924 322 crebra
952 290 1116 322 reddimur
1144 290 1309 321 anxietate
1342 288 1469 319 solliciti
1493 291 1524 318 et
1548 287 1699 317 continua
1722 286 1936 318 meditacione
1960 298 2076 329 pensa-

438 356 518 381 mus,
543 345 677 387 qualiter
701 345 773 375 illac
797 344 912 374 nobilis
930 342 1099 383 T(uscie)d
1119 340 1268 384 [regio]‘³,
1294 351 1487 382 generosum
1513 339 1641 381 quidem
1666 339 1790 380 imperii
1807 338 1945 369 Romani
1968 349 2076 380 pome-

438 398 535 435 rium,
566 398 597 427 in
622 407 684 438 quo
708 396 797 436 regie
823 394 1004 426 celsitudini
1031 394 1114 425 mira
1139 394 1360 424 delectacione
1392 391 1599 433 complacuit,
1629 390 1773 421 rediviva
1797 391 1904 432 quiete
1929 391 2078 422 refloreat

439 453 471 480 et
494 453 567 490 post
591 448 712 479 diutine
736 447 941 487 fatigacionis
966 446 1097 477 labores
1122 445 1259 476 eximios
1285 449 1316 476 et
1340 448 1413 486 post
1437 443 1572 475 bellicas
1590 445 1803 484 tempestates
1819 443 1851 473 in
1874 446 1969 484 portu
1993 446 2077 474 tran·
2116 455 2127 473 ⁵

438 501 605 542 quillitatis
629 503 662 531 et
686 500 774 542 pacis
801 498 1038 541 pulchritudine
1064 497 1272 538 conquiescat
1285 497 1304 527 ¹.
1351 496 1549 527 Estimantes
1580 495 1677 535 igitur
1706 493 1768 525 hoc
1797 505 1860 525 non
1892 494 1962 525 fieri
1985 505 2078 536 posse

438 553 578 589 facilius,
604 563 698 594 quam
728 552 812 594 quod
838 551 942 582 eidem
966 550 1130 592 provincie
1162 549 1397 590 gubernatores
1421 547 1629 589 preficiantur
1652 545 1785 587 ydonei,
1811 546 1864 587 qui
1889 546 1933 576 sic
1957 547 2079 588 presint

439 607 475 634 ut
498 604 654 646 prosint2,
688 614 762 635 ecce
796 602 878 644 quod
911 603 995 632 viros
1028 601 1176 642 egregios
1212 604 1244 631 et
1276 600 1430 630 discretos
1456 599 1495 630 N.
1520 602 1552 629 et
1577 598 1614 629 G.
1639 598 1751 629 fideles
1784 601 1910 629 nostros
1935 597 2078 637 dilectos,

439 666 520 696 quos
545 660 678 697 experte
703 655 775 685 fidei
801 665 857 685 sue
884 653 998 684 merita
1021 653 1113 683 nobis
1138 651 1276 683 reddunt
1312 651 1468 682 amabiles
1498 654 1529 681 et
1552 650 1687 691 probata
1711 650 1908 681 strennuitas
1932 650 2080 692 perhibet

440 707 600 745 clariores,
626 707 716 737 vobis
742 710 773 737 et
797 707 854 737 toti
878 705 1040 748 provincie
1061 703 1209 745 T(uscie)
1231 703 1326 744 digne
1351 703 1541 744 provisionis
1567 702 1719 732 instinctu
1747 702 1929 743 preficimus
1953 702 1984 732 in
2008 713 2077 733 rec—
2105 714 2128 733 ιο

440 762 536 795 tores,
561 763 595 789 ut
619 758 714 789 ambo
739 758 832 788 simul
856 758 886 788 in
912 756 1037 787 credita
1065 759 1228 797 potestate
1252 766 1314 786 non
1339 755 1484 796 dispares
1510 758 1559 785 set
1583 754 1615 784 in
1633 754 1869 784 commissionis
1886 754 2078 786 auctoritate

441 811 640 848 conformes,
664 810 716 840 vel
741 810 824 840 alter
846 820 956 840 eorum
982 809 1082 839 altero
1108 808 1296 843 deficiente,
1322 807 1404 848 quod
1430 806 1523 843 absit,
1548 806 1580 836 in
1605 805 1744 836 solidum
1768 805 1873 847 quoad
1897 805 1980 836 dicte
2004 816 2077 848 pro-

441 863 545 893 vincie
565 862 707 903 regimen
726 862 828 892 vicem
847 861 948 891 nostri
966 860 1102 891 nominis
1121 862 1334 900 exequantur.
1380 858 1466 889 Hinc
1491 862 1540 889 est
1564 857 1649 899 quod
1672 858 1916 889 universitatem
1941 861 2078 889 vestram

441 924 590 955 rogamus
624 917 746 945 attente
773 918 803 944 et
828 913 993 943 hortamur
1016 912 1105 952 regio
1131 911 1223 942 vobis
1249 910 1353 941 edicto
1377 909 1583 943 mandantes,
1615 910 1764 951 quatinus
1789 920 1860 950 eos,
1885 920 1964 951 quos
1988 909 2077 941 vobis

442 968 531 997 velut
555 966 752 1008 ymaginaria
776 968 885 995 nostre
915 964 1084 1006 presencie
1111 966 1352 1005 presentamus,
1384 973 1440 1004 pro
1471 961 1656 992 reverencia
1683 964 1792 992 nostra
1815 961 1995 1003 suscipiatis
2019 961 2076 1003 hy·
2105 972 2127 991 15

441 1019 552 1049 lariter
576 1021 607 1048 et
630 1017 769 1058 benigne
794 1027 831 1047 ac
853 1017 944 1046 iuxta
968 1015 1074 1045 divine
1099 1015 1319 1056 precepcionis
1343 1013 1492 1051 edictum,
1518 1012 1614 1055 [quod
1638 1011 1719 1055 Deo]
1744 1023 1805 1054 que
1823 1012 1884 1044 Dei
1909 1016 1940 1044 et
1964 1012 2082 1044 cesaris

445 1081 506 1111 que
530 1070 630 1111 ipsius
655 1074 728 1099 sunt
751 1067 886 1099 reddere
921 1068 1056 1108 quisque
1081 1066 1186 1104 debet,
1210 1066 1375 1096 fidelitatis
1400 1066 1492 1096 nobis
1518 1065 1626 1096 debite
1651 1069 1761 1096 nostro
1785 1065 1914 1095 nomine
1939 1064 2080 1107 prestitis

444 1122 649 1159 iuramentis,
675 1121 705 1151 in
732 1120 880 1150 omnibus
905 1119 945 1149 ad
971 1129 1027 1149 nos
1053 1118 1181 1149 racione
1207 1118 1332 1159 imperii
1357 1117 1597 1158 pertinentibus
1622 1117 1700 1158 ipsis
1725 1117 1756 1147 in
1781 1117 1866 1147 omni
1890 1117 2079 1158 promptitu-

442 1173 515 1204 dine
541 1173 693 1214 spiritusg
718 1172 857 1214 pareatis
876 1174 908 1202 et
924 1170 1102 1201 devocione
1122 1180 1184 1211 qua
1203 1170 1352 1200 convenit
1370 1169 1558 1200 intendatis.
1602 1168 1669 1199 Nos
1694 1169 1778 1199 enim
1804 1179 1901 1210 super
1925 1168 2080 1208 omnibus,

443 1236 504 1267 que
531 1224 570 1255 ad
595 1224 842 1265 gubernacionis
867 1225 1017 1264 spectant
1042 1221 1197 1260 officium,
1226 1222 1352 1263 plenam
1384 1222 1414 1251 in
1446 1231 1499 1251 eos
1531 1221 1736 1262 presencium
1761 1221 1952 1251 auctoritate
1977 1224 2078 1252 trans·
2105 1232 2128 1251 20

442 1277 604 1307 fundimus
630 1279 830 1317 potestatem.

531 1379 606 1411 267.
630 1378 912 1410 MANDATUM
931 1376 1143 1408 MARTJNI
1163 1377 1223 1408 IV.
1249 1376 1407 1407 PAPAE
1431 1376 1588 1408 TUSGIS
1609 1376 1804 1408 MISSUM.
1849 1376 1931 1407 Mai.
1947 1376 1998 1406 21.

552 1441 704 1470 Scrrulm·
734 1440 765 1469 in
800 1439 826 1478 1)
857 1438 995 1477 Reyislri
1019 1438 1164 1468 Martini
1186 1438 1209 1468 I
1214 1437 1248 1469 Γ.
1279 1440 1348 1468 tom.
1368 1437 1394 1474 I,
1421 1437 1483 1468 iam
1515 1438 1547 1468 ῖη
1578 1438 1657 1468 serie
1687 1437 1903 1476 Reyistrorum
1931 1436 2081 1467 tabularii

443 1491 551 1521 secreti
575 1491 719 1521 Vaticani
741 1493 810 1520 tom.
828 1492 868 1519 41
891 1489 942 1527 sol,
964 1491 1003 1526 3¹,
1035 1500 1122 1528 quem
1151 1489 1251 1520 demto
1283 1488 1413 1519 contidit
1444 1488 1644 1528 Poqalscher;
1677 1489 1775 1519 edidit
1807 1489 1941 1520 Tltce'ner
1969 1488 2080 1519 ‘Codex

445 1543 664 1581 diplomaticus
687 1543 818 1572 dominii
842 1542 1020 1582 temporalis
1042 1552 1066 1572 s.
1085 1542 1183 1572 Sedis'
1208 1541 1234 1578 Ι,
1251 1541 1312 1572 251
1336 1552 1383 1572 ur.
1401 1542 1472 1571 397.
1511 1540 1578 1571 Nos
1603 1541 1663 1579 ipsi
1685 1539 1872 1571 contulimus
1896 1542 1928 1581 2)
1954 1539 2080 1571 Librum
2105 1552 2127 1572 25

445 1595 587 1625 blancum
610 1594 661 1633 fol.
679 1596 721 1624 82
744 1593 940 1624 bibliotltemc
963 1593 1166 1632 ›nstcm'rce‘lnalis
1189 1593 1221 1623 S.
1242 1593 1435 1624 Geminiani.
1793 1592 1845 1633 (P.
1870 1593 1975 1633 deest.)

552 1672 708 1702 Martinus
738 1672 908 1713 episcopus
942 1682 1052 1702 servus
1084 1682 1248 1702 servorum
1276 1671 1359 1702 Dei²²
1386 1671 1513 1703 dilectis
1541 1672 1614 1702 filiis
1645 1672 1804 1703 universis
1832 1671 2080 1712 marchionibus,

446 1724 618 1754 comitibus
637 1728 667 1754 et
684 1724 753 1754 aliis
772 1723 977 1764 magnatibus
996 1734 1119 1754 necnon
1139 1724 1365 1765 potestatibus,
1391 1724 1566 1764 capitaneis
1584 1723 1771 1765 cunctisque
1795 1723 1985 1762 rectoribus,
2008 1734 2079 1754 con-

446 1776 574 1806 siliariis
600 1786 636 1805 ac
661 1775 922 1805 universitatibus
947 1775 1128 1812 civitatum,
1154 1779 1330 1805 castrorum
1355 1777 1387 1805 et
1411 1775 1545 1805 aliorum
1569 1775 1730 1806 locorumb
1754 1785 1811 1814 per
1834 1778 1942 1817 partes
1966 1775 2080 1806 Tuscie

446 1827 592 1858 Romano
618 1827 779 1857 subiectas
805 1827 938 1867 imperio
964 1827 1165 1857 constitutisc
1191 1827 1326 1857 salutem
1352 1830 1383 1856 et
1406 1827 1612 1867 apostolicam
1638 1826 1920 1859 benedictione1u0.
2104 1839 2127 1858 :w

553 1879 622 1909 Etsi
641 1879 819 1909 Romanum
836 1879 1014 1919 imperium,
1033 1879 1122 1908 cuius
1140 1879 1360 1919 gubernacula
1374 1878 1507 1919 grandia
1524 1878 1577 1909 illo
1595 1878 1743 1917 faciente,
1761 1879 1814 1919 qui
1831 1879 1912 1920 regit
1929 1881 1960 1910 et
1976 1877 2080 1919 dirigit

447 1931 607 1969 universa,
626 1932 757 1961 rectoris
774 1930 902 1971 ydonei,
921 1931 1076 1960 carissimi
1094 1930 1245 1961 videlicet
1268 1931 1298 1961 in
1317 1930 1445 1961 Christo
1461 1930 1517 1960 filii
1536 1930 1635 1961 nostri
1652 1929 1832 1971 R(udolfi)⁶¹
1848 1930 2080 1961 Romanorum⁸

447 1984 531 2024 regis
557 1983 685 2013 illustris
715 1993 828 2012 manus
859 1982 952 2012 (locta
984 1985 1166 2023 potensque
1198 1982 1366 2023 dirigenda
1391 1983 1549 2024 suscepit,
1580 1982 1674 2013 claris
1700 1992 1756 2013 sue
1781 1982 1958 2014 altitudinis
1981 1982 2079 2013 titulis

447 2036 570 2075 fulgeat
595 2039 625 2064 et
650 2035 744 2075 plene
769 2034 842 2064 sues
866 2034 984 2064 viribus
1011 2035 1153 2075 potentie
1178 2035 1355 2073 muniatur,
1380 2034 1527 2065 Romana
1550 2038 1657 2065 tamen
1683 2035 1821 2065 ecclesia
1845 2035 1904 2065 sibi
1929 2034 2078 2065 sollicitu-

450 2087 532 2117 dinis
559 2086 697 2116 studium
724 2086 902 2116 attentioris
928 2086 1049 2123 indicit,
1074 2090 1108 2116 ut
1132 2086 1216 2117 ,idem
1234 2086 1402 2127 imperium
1421 2090 1452 2117 et
1470 2096 1597 2117 suorum
1614 2086 1798 2127 integritate
1814 2087 1928 2117 iurium
1945 2085 2081 2127 gaudeat
2104 2091 2126 2111 ³⁵

448 2143 479 2169 ct
508 2139 669 2179 prosperis
703 2138 908 2169 successibus
942 2138 1123 2179 amplietur.
1180 2138 1260 2169 Cum
1294 2139 1402 2179 itaque
1432 2138 1576 2179 prefatus
1609 2149 1666 2169 rex
1697 2137 1737 2169 ad
1770 2138 1870 2180 ipsius
1899 2138 2022 2179 imperii
2050 2139 2080 2168 et

448 2190 631 2230 specialiter
656 2190 820 2230 provincie
850 2189 966 2220 Tuscie
995 2190 1201 2230 tranquillum
1231 2193 1262 2220 et
1292 2200 1481 2231 prosperum
1513 2193 1631 2221 statum
1656 2189 1840 2228 intendens,
1866 2188 2079 2221 venerabilem

448 2242 577 2271 fratrem
603 2247 744 2270 nostrum
774 2266 780 2272 .
806 2265 813 2272 .
838 2241 1060 2271 Gumonsmns
1084 2242 1270 2282 episcopum
1301 2245 1332 2272 et
1364 2242 1517 2272 dilectum
1550 2242 1649 2272 filium
1679 2241 1878 2272 Rudolfumh
1908 2239 2078 2282 imperialis

448 2293 519 2323 aule
546 2292 790 2327 cancellarium,
824 2303 1084 2333 unumquemque
1109 2292 1259 2324 videlicet
1284 2304 1394 2324 eorum
1425 2294 1455 2323 in
1481 2293 1635 2332 solidum,
1671 2293 1716 2324 ita
1747 2293 1830 2335 quod
1859 2303 1920 2324 non
1945 2293 1985 2323 sit
2007 2301 2077 2322 con·

449 2344 524 2374 ditio
549 2344 661 2374 melior
685 2345 870 2385 occupantis
882 2345 903 2381 ³,
931 2355 1005 2375 suos
1031 2345 1061 2374 in
1087 2345 1231 2386 partibus
1257 2345 1400 2375 eiusdem
1425 2346 1587 2386 provincie
1605 2346 1739 2376 vicarios
1762 2345 1931 2386 generales
1954 2343 2079 2374 duxerit
2103 2349 2126 2368 ⁴⁰

448 2396 653 2430 ordinandos,
690 2402 781 2436 prout
819 2396 848 2425 in
887 2395 1029 2426 eiusdem
1066 2397 1147 2436 regis
1180 2397 1294 2427 litteris
1321 2397 1445 2438 plenius
1476 2397 1590 2427 dicitur
1614 2397 1804 2435 contineri&
1840 2396 2078 2427 universitatem

452 2452 592 2478 vestram
631 2458 812 2480 monemus,
849 2458 998 2487 rogamus
1031 2452 1061 2477 et
1090 2448 1255 2478 hortamur
1286 2452 1407 2479 attente
1439 2458 1496 2489 per
1528 2449 1702 2490 apostolica
1735 2449 1826 2479 vobis
1851 2448 1969 2489 scripta
1990 2455 2077 2477 man-

449 2499 581 2533 dantes,
611 2499 767 2539 'quminns
804 2510 859 2540 pro
892 2498 1069 2540 :quostolice
1102 2499 1188 2529 sedis
1222 2500 1401 2530 reverentia
1434 2503 1507 2530 vota
1530 2504 1637 2530 vestra
1661 2501 1728 2530 cius
1752 2499 1963 2541 beneplacitis
1986 2507 2077 2538 coap—

451 2555 567 2582 tantes.
592 2550 751 2591 predictos
776 2551 909 2580 vicarios
935 2561 991 2581 seu
1017 2551 1159 2592 ipsorum
1185 2551 1322 2581 alterum
1347 2550 1503 2582 studeatis
1528 2550 1643 2582 devote
1667 2552 1813 2593 recipere
1831 2562 1867 2582 ac
1884 2551 1930 2581 eis
1954 2549 2003 2580 vel
2026 2557 2076 2579 eo-

2169 2594 2171 2611 A

550 2628 617 2653 26⁴3.
638 2627 661 2659 ¹¹)
678 2630 763 2660 itaque
780 2629 806 2652 0.
878 2633 900 2651 ε)
920 2629 961 2652 ille
984 2630 1012 2652 0.
1081 2627 1106 2660 ¹¹)
1127 2630 1156 2652 (ἱ.
1174 2628 1200 2652 0.
1271 2632 1293 2658 (fl)
1312 2630 1346 2652 sic
1366 2629 1390 2652 ἰιι
1409 2638 1449 2653 ⁷1⁷⁴.
1465 2632 1517 2654 100.
1589 2628 1608 2660 Γ)
1621 2629 1714 2654 cesaris
1731 2629 1758 2654 O.
1828 2629 1852 2660 Β)
1871 2629 1897 2653 in
1916 2626 2025 2659 maryine
2041 2633 2076 2649 or.
2099 2627 2123 2647 ⁴³
2168 2627 2171 2630 ’

549 2680 613 2705 2⁴57.
633 2679 656 2710 ί·)
676 2681 884 2705 Martinus-*Dei
904 2681 993 2705 desunt
1017 2680 1036 2705 l.
1124 2679 1148 2711 b)
1168 2681 1307 2713 cett-risque
1327 2681 1388 2705 add.
1404 2681 1426 2706 l.
1513 2680 1535 2713 c)
1555 2681 1942 2706 constitutis——bencdictionem
1956 2678 2041 2703 desunt
2054 2675 2075 2701 1.

448 2722 471 2755 d)
490 2724 588 2748 Rodulti
608 2724 631 2748 2.
716 2724 738 2746 0)
759 2725 864 2748 Romani
884 2724 906 2748 2.
995 2723 1013 2755 Γ)
1033 2733 1099 2748 coi-1⁴.
1119 2733 1147 2747 ex
1167 2725 1217 2748 sui:
1240 2724 1260 2748 l.
1349 2726 1373 2755 Η)
1393 2727 1552 2757 (turgeu-<cm
1571 2725 1594 2749 2.
1676 2723 1699 2756 h)
1718 2725 1854 2749 Rodulfuui
1873 2723 1897 2747 ’2.

553 2776 561 2800 l
574 2787 575 2795 κ
589 2775 628 2807 (7.
642 2774 717 2799 rerba
730 2774 825 2799 similia
838 2783 921 2807 snpra
935 2783 974 2800 ην,
985 2780 1037 2800 Ιυυ.
1103 2776 1128 2803 ,3)
1142 2776 1182 2808 (Ἰζ
1193 2784 1273 2807 supr«
1286 2784 1325 2801 ην.
1336 2779 1375 2801 33,
1446 2776 1472 2807 3)
1490 2776 1529 2809 Cf.
1541 2784 1622 2808 supra
1631 2785 1660 2810 p.
1672 2780 1703 2801 64
1717 2784 1742 2802 n.
1753 2780 1775 2802 2.
1839 2776 1865 2809 4)
1879 2774 1965 2807 Supra
1977 2779 2016 2798 nr.
2026 2773 2075 2797 265.
