2259 3164
497 187 652 213 RUDOLFI
672 186 776 213 REGIS
796 185 1117 212 CONSTITUTIONES.
1155 187 1226 212 1286.
1263 188 1451 213 N1·.3S3.3S4,
1725 190 1783 220 365

261 391 512 443 383-385.
552 388 942 442 RECEPTIO
982 387 1682 442 CASTELLANORUM.

557 493 663 527 1286.
701 492 789 536 Apr.
812 492 869 527 22.
896 492 980 528 Dec.
1003 492 1219 527 9.—10287.
1259 491 1340 526 Mai.
1362 491 1394 526 5.

384 591 460 623 383.
485 592 720 623 RECEPTIO
746 592 937 624 COMITIS
960 592 1028 622 DE
1047 591 1244 623 NASSOW.
1284 592 1374 621 1286.
1414 591 1492 629 Apr.
1509 590 1558 621 22.

265 652 501 692 Aufoyraphon,
525 653 607 691 quod
629 655 809 683 asservatur
826 652 996 691 I'Vez'lbmye‘
1019 652 1052 682 in
1075 651 1231 682 tabulario
1247 651 1461 682 serenissimae
1484 652 1591 681 domus
1606 651 1784 687 Nassoime,

123 717 133 735 5
160 704 359 736 benivolenter
388 703 572 734 Berolimmz
600 705 729 735 missum
761 699 990 742 descripsimus.
1037 704 1225 734 Membrana
1254 703 1303 733 hic
1331 702 1394 733 'illic
1422 713 1544 733 corrosa
1571 705 1622 732 est.
1669 702 1786 733 Pendet

159 755 292 796 siyillum
316 755 441 786 laesum.
466 774 504 777 —
528 755 673 792 Bo'hmer,
698 755 772 794 Rey.
790 756 861 794 {ww
882 755 911 785 V
909 756 935 793 J,
947 757 1040 786 2017.
1499 753 1550 793 (P.
1573 755 1679 791 deest.)

270 848 381 892 [N]0s³
405 849 563 880 Rudolfus
593 849 655 880 Dei
686 850 793 890 gracia
820 849 1036 880 Romanorum
1068 859 1125 879 rex
1155 859 1282 890 semper
1314 852 1468 889 augustus
1496 848 1535 878 ad
1564 849 1785 879 universorum

164 902 244 932 sacri
268 901 393 942 imperii
416 900 554 932 Romani
583 901 724 931 fidelium
757 901 908 932 noticiam
932 901 1079 931 volumus
1104 900 1290 941 pervenire,
1322 899 1405 941 quod
1436 910 1493 930 nos
1524 901 1686 930 intuentes
1714 899 1786 930 fidei

160 953 330 994 puritatem
360 955 392 983 et
423 953 570 993 graciosa
604 963 716 993 opera,
752 953 865 993 quibus
898 963 955 983 nos
987 956 1019 983 et
1049 963 1173 983 sacrum
1198 951 1377 982 Romanum
1407 952 1574 992 imperium
1600 952 1715 982 nobilis
1740 952 1786 981 vir

112 1019 135 1038 ιο
163 1004 298 1035 Adolfus
324 1013 428 1034 comes
456 1004 494 1034 de
513 1003 691 1035 Nassauwe
716 1004 851 1035 dilectus
868 1004 972 1035 fidelis
997 1008 1105 1034 noster
1122 1004 1326 1045 prosequitur
1341 1004 1550 1041 incessanter,
1575 1004 1676 1044 ipsum
1695 1003 1785 1033 nobis

163 1059 194 1087 et
216 1055 348 1097 imperio
372 1055 403 1086 in
428 1059 530 1086 castro
555 1054 723 1086 Calsmunt
747 1056 778 1086 in
811 1056 1019 1086 castellanum
1050 1055 1201 1086 duximus
1233 1055 1484 1096 conquirendum
1514 1058 1545 1085 et
1574 1058 1702 1095 propter
1726 1055 1785 1085 hoc

162 1106 264 1137 eidem
289 1106 444 1137 ducentas
469 1116 593 1136 marcas
612 1105 853 1137 Coloniensium
873 1107 1073 1138 denariorum
1091 1107 1305 1148 promittimus
1330 1117 1387 1137 nos
1413 1107 1550 1136 daturos.
1589 1106 1650 1136 Pro
1674 1106 1786 1147 quibus

161 1158 190 1189 ei
221 1162 252 1189 et
285 1158 349 1189 suis
379 1157 551 1188 heredibus
583 1158 733 1199 legitimis
769 1158 948 1199 obligamus
973 1159 1083 1200 viginti
1116 1169 1293 1189 marcarum
1325 1158 1468 1188 redditus
1498 1158 1586 1188 annis
1612 1157 1744 1198 singulis
1768 1169 1786 1187 a

160 1209 268 1241 Iudeis
285 1209 399 1240 nostris
422 1210 453 1240 in
471 1208 704 1247 Frankenvort,
729 1210 781 1250 qui
806 1221 862 1251 pro
879 1214 1023 1251 tempore
1043 1211 1169 1247 fuerint,
1194 1210 1226 1240 in
1252 1210 1334 1240 festo
1352 1210 1530 1240 nativitatis
1547 1209 1673 1239 Domini
1699 1208 1785 1239 colli-

113 1279 135 1297 15
163 1261 283 1303 gendos
307 1264 338 1291 et
362 1261 579 1302 recipiendos,
614 1265 677 1292 tam
709 1261 763 1291 diu
792 1272 957 1302 quousque
983 1262 1022 1292 ab
1048 1263 1115 1303 ipso
1139 1262 1189 1292 vel
1214 1262 1364 1302 legitimis
1389 1262 1453 1292 suis
1478 1261 1649 1291 heredibus
1675 1270 1785 1301 supra-

161 1313 234 1343 dicti
259 1313 370 1353 viginti
398 1323 576 1342 marcarum
605 1312 747 1343 redditus
778 1323 834 1354 pro
866 1313 1008 1343 ducentis
1040 1311 1164 1354 ψει-[οἰδ
1190 1311 1426 1354 d]enariorumb
1453 1310 1532 1353 [per]
1556 1322 1613 1342 nos
1637 1311 1688 1341 vel
1714 1322 1785 1341 suc—

165 1374 307 1395 cessores
341 1367 466 1394 nostros
500 1364 532 1394 in
566 1364 699 1405 imperio
733 1364 940 1395 redimantur.
994 1364 1232 1406 Redempcione
1262 1375 1338 1395 vero
1370 1364 1455 1394 facta
1489 1363 1668 1393 huiusmodi
1702 1362 1786 1393 idem

166 1414 306 1458 [co]m[es
337 1414 403 1458 v]el
433 1417 481 1447 sui
512 1416 649 1448 heredes
684 1417 799 1458 prefati
828 1417 867 1447 de
900 1417 1020 1447 eisdem
1051 1417 1195 1447 ducentis
1224 1417 1338 1447 marcis
1370 1415 1482 1457 predia
1512 1415 1732 1456 comparabunt
1755 1417 1787 1444 et

163 1467 274 1499 eadem
304 1468 336 1498 in
365 1468 449 1498 dicto
480 1471 584 1498 castro
617 1467 784 1499 Calsmunt
815 1467 953 1510 nom[ine
983 1466 1167 1510 c]astrensis
1196 1468 1280 1499 feodi
1305 1466 1491 1509 desei-[vire]
1517 1471 1671 1508 perpetuo
1695 1469 1785 1496 tene-

113 1535 136 1554 20
166 1521 292 1552 buntur.
380 1520 417 1551 In
443 1521 532 1551 cuius
557 1521 602 1551 rei
628 1521 843 1551 testimonium
869 1530 1002 1562 presens
1021 1520 1171 1561 scriptum
1197 1519 1372 1550 maiestatis
1397 1523 1502 1549 nostre
1527 1518 1629 1559 sigillo
1653 1518 1786 1549 fecimus

163 1582 355 1603 commumn.

269 1631 388 1663 Datum
412 1633 442 1663 in
470 1633 580 1663 castris
605 1632 688 1673 apud
713 1632 903 1672 Lutirburg‚
927 1631 967 1662 X.
985 1631 1058 1662 Kal.
1082 1629 1191 1673 M[aii],
1216 1630 1388 1661 indictione
1412 1630 1528 1668 XIIII,
1553 1640 1634 1660 anno
1657 1629 1787 1660 Domini

164 1682 403 1726 MOC[LXX]X
427 1687 528 1723 sexto,
553 1685 644 1724 regni
669 1694 743 1714 vero
768 1684 867 1714 nostri
892 1694 975 1714 anno
1000 1682 1093 1714 XIII.

365 1836 440 1869 384.
464 1837 694 1869 RECEPTIO
720 1837 909 1869 COMITJS
931 1837 999 1868 DE
1019 1837 1294 1869 LEININGEN.
1333 1839 1424 1868 1236.
1463 1836 1537 1867 Dec.
1555 1838 1582 1867 9.

117 1910 139 1929 25
269 1897 323 1928 Ex
349 1899 486 1937 copiario
521 1898 755 1937 Spoozhe'imensi
782 1898 831 1935 B,
865 1898 1064 1928 Karlsrulzae
1094 1898 1127 1928 fin
1156 1898 1311 1929 {abalardo
1339 1897 1476 1937 generali
1503 1899 1670 1933 asservato,
1698 1896 1751 1935 fol.
1769 1898 1786 1925 1

167 1949 228 1979 iam
251 1948 323 1980 olim
345 1950 428 1980 dedit
450 1949 588 1980 Bo‘lmner
611 1949 702 1980 ‘Acta
724 1950 848 1988 ‘imperii
871 1949 988 1980 selecta⁷
1005 1960 1040 1988 p.
1058 1950 1119 1979 355
1142 1960 1190 1980 nr.
1208 1951 1280 1980 460.
1322 1950 1421 1980 Cuius
1437 1949 1598 1979 editionem
1622 1958 1674 1986 ope
1697 1946 1787 1977 colla-

165 2000 256 2031 tionis
289 2011 308 2031 a
337 2000 487 2032 tabularii
515 2001 602 2031 illius
623 2002 782 2040 praesecto
815 2001 973 2032 uobiscum
1004 2002 1246 2032 communicatae
1275 2004 1441 2032 correctam
1472 2000 1520 2031 laic
1550 2000 1721 2039 repetimus.
1747 2017 1786 2021 —-

163 2051 305 2090 Bo'hmer,
328 2052 402 2092 Rey.
419 2053 492 2092 imp.
514 2052 567 2090 VI,
581 2052 674 2083 2057.
1498 2052 1550 2092 (P.
1575 2052 1680 2091 deest.)

0 2138 1 2170 l
269 2146 335 2176 Nos
367 2145 561 2189 Rudo[l]ffus
590 2147 652 2178 Dei
684 2148 790 2188 gracia
819 2147 1033 2178 Romanorum
1064 2158 1122 2178 rex
1151 2159 1278 2189 semper
1310 2151 1463 2188 augustus
1495 2147 1534 2177 ad
1566 2147 1785 2177 universorum

118 2207 141 2226 ³0
167 2197 245 2227 sacri
268 2197 391 2239 imperii
414 2197 551 2228 Romani
584 2198 726 2228 fidelium
758 2199 907 2229 noticiam
935 2202 1044 2229 tenore
1069 2199 1272 2240 presencium
1297 2199 1442 2229 volumus
1470 2199 1637 2240 pervenire
1661 2197 1785 2238 publice

168 2247 353 2287 profitendo„
388 2249 470 2290 quod
501 2260 557 2280 nos
581 2249 697 2280 nobilis
722 2250 780 2280 viri
805 2249 990 2280 Emichonis
1016 2251 1139 2280 comitis
1164 2250 1202 2281 de
1227 2250 1394 2292 Lyningen
1423 2250 1531 2280 dilecti
1559 2249 1662 2280 fidelis
1686 2248 1786 2278 nostri

166 2297 238 2329 fidei
260 2299 404 2340 preclara
426 2301 541 2331 merita
565 2305 596 2331 et
620 2301 839 2331 constanciam
863 2301 1115 2342 comprobatam,
1140 2302 1254 2342 quibus
1279 2302 1369 2332 nobis
1400 2305 1431 2332 et
1455 2301 1586 2342 imperio
1611 2300 1786 2330 dinoscitur

3 2360 7 2398 ξ
165 2349 342 2381 fervencius
368 2351 550 2391 adhesisse,
580 2352 800 2383 favorabiliter
823 2353 1001 2389 intuentes,
1032 2354 1134 2394 ipsum
1168 2353 1259 2384 nobis
1293 2357 1324 2384 et
1359 2354 1490 2394 imperio
1526 2351 1610 2393 apud
1646 2356 1783 2381 castrum

4 2399 8 2424 l
166 2404 304 2432 nostrum
340 2401 617 2445 Gernmerssheym
647 2405 903 2445 conquesivimus
937 2405 967 2434 in
1000 2410 1205 2436 castrensem.
1251 2404 1292 2435 Et
1322 2415 1379 2445 pro
1411 2414 1448 2435 eo
1478 2403 1632 2433 ducentas
1662 2413 1783 2433 marcas

117 2463 139 2483 ³5
165 2452 235 2492 puri
258 2454 289 2483 et
312 2453 424 2494 legalis
448 2456 571 2496 argenti
596 2455 654 2486 sibi
678 2456 892 2496 promittimus
916 2466 974 2487 nos
997 2456 1134 2495 daturos,
1160 2467 1216 2498 pro
1239 2457 1373 2497 quibus³
1397 2456 1457 2486 sibi
1482 2459 1513 2485 et
1529 2454 1700 2485 heredibus
1718 2454 1781 2484 suis

166 2502 326 2544 legittimis
360 2506 490 2546 triginta
522 2517 698 2538 marcarum
728 2508 850 2548 argenti
880 2508 1022 2539 redditus
1051 2509 1089 2539 de
1121 2509 1273 2550 precariis
1303 2508 1417 2538 nostris
1450 2506 1533 2548 apud
1563 2506 1780 2546 Wisenburgk

1810 1219 1861 1239 Dec.
1873 1222 1905 1240 ¹25.

167 2554 362 2594 assignamus
387 2558 609 2599 percipiendos
634 2559 673 2589 ab
698 2559 766 2600 ipso
791 2563 823 2589 et
847 2560 911 2590 suis
936 2559 1106 2590 heredibus
1131 2560 1222 2590 annis
1248 2559 1379 2600 singulis
1403 2559 1533 2589 infesto
1551 2558 1635 2588 beati
1652 2557 1779 2587 Martini
1799 2567 1853 2588 Nox·⁴
1870 2570 1902 2588 11.

166 2607 197 2635 et
219 2605 381 2637 habendos
408 2612 473 2639 tam
496 2608 550 2639 diu
573 2610 640 2640 sine
665 2609 884 2641 defalcacione
908 2611 1091 2652 principalis
1116 2611 1267 2652 pecunie,
1300 2611 1402 2641 donec
1433 2611 1510 2651 ipsis
1535 2609 1617 2640 dicte
1642 2609 1778 2639 ducente

264 2708 326 2736 383.
346 2711 368 2743 a)
387 2712 491 2737 initialis
508 2722 559 2737 ‘mm
578 2715 671 2745 scripta
691 2719 726 2738 es!
744 2723 780 2738 or.
869 2714 891 2744 b)
912 2714 980 2738 uncis
999 2714 1098 2738 inclusa
1117 2723 1220 2738 corrosa
1238 2718 1294 2737 sunt
1314 2723 1350 2738 or.

116 2803 140 2823 40
263 2793 325 2822 384.
345 2796 366 2830 Β)
385 2797 437 2822 sive
456 2798 516 2823 add.
535 2807 555 2824 c.
