2259 3164
466 229 622 256 RUDOLFI
642 229 746 257 REGIS
767 229 1087 257 CONS'l‘l‘l'UTlONE-S.
1125 231 1198 258 1277.

134 317 249 348 vitores
273 319 400 347 nostros
425 320 456 348 et
472 317 644 348 adiutores.
674 316 715 347 Et
739 317 856 347 nostris
880 317 919 347 (10

133 368 288 400 Bohemia
323 371 355 398 et
388 367 533 399 Moravia
567 367 764 399 adiutoribus
796 372 828 399 et
856 379 919 399 scr-

133 419 287 450 vitoribus
316 420 531 461 eonposieioni
559 420 700 460 presenti
739 419 856 450 includi
889 423 920 451 et

133 474 218 502 stare
252 470 435 501 volentibus
471 470 654 512 sepedictus
690 481 747 501 rex
785 471 918 502 Bocmie

94 532 104 550 5
134 522 281 553 restituet
301 522 416 559 omnia,
441 533 502 563 que
526 526 599 553 ante
617 532 762 563 guerram
780 523 829 553 vel
847 526 919 563 post

83 788 106 806 10

84 1045 107 1063 15

86 1306 110 1325 20

88 1820 111 1838 30

88 2069 111 2088 3⁵

89 2326 113 2344 40

91 2588 114 2606 ⁴5

93 2833 116 2851 50

99 1570 109 1581 0
138 1550 265 1581 restitui
288 1549 451 1582 faciemus.

134 573 172 604 de
197 583 305 604 eorum
331 572 582 613 hereditatibus,
612 573 738 603 allodiis
763 576 794 604 et
816 573 918 603 feudis

133 624 257 655 notorie
282 624 461 665 occupavit.
508 623 542 655 Si
567 635 641 655 vero
666 624 847 655 huiusmodi
870 625 917 654 in-

133 675 251 706 iuriosa
275 675 447 716 occupacio
471 675 568 706 dubia
590 676 696 713 fuerit,
722 687 778 717 per
794 675 917 717 predic-

133 730 181 757 tos
207 751 213 758 .
232 751 238 758 .
264 725 490 758 Olmucensem
507 728 690 768 episcopum
717 730 749 757 et
766 727 918 768 purchra—

133 778 218 809 vium
240 777 297 809 sub
316 778 487 809 iuramenti
503 778 611 809 debito
630 778 795 809 decidetur
811 779 919 809 huius—

132 829 214 860 modi
228 831 353 870 questio
367 830 494 860 iusticia
507 830 557 861 vel
572 840 691 861 amore.
714 829 804 871 Ipsos
819 830 920 861 eciam

132 884 257 912 nostros
289 880 328 912 de
359 880 493 912 Boemia
523 885 554 912 et
577 880 720 912 Moravia
750 882 920 912 servitores

132 936 164 964 et
196 932 357 974 quoslibet
390 933 469 964 alios
500 935 627 963 nostros
661 932 822 963 adiutores
853 933 920 974 ipse

133 995 191 1015 rex
215 983 348 1015 Boemie
373 984 466 1025 plene
499 985 608 1025 gracie.
639 995 695 1015 sue
719 985 867 1015 restituet
891 987 922 1014 et

134 1035 273 1066 donabit.

202 1192 228 1220 7.
251 1189 316 1220 Nos
341 1190 443 1220 eciam
468 1190 536 1220 viee
554 1200 647 1221 versa
663 1190 808 1221 omnibus
833 1190 921 1221 adiu-

136 1241 258 1272 toribus
289 1244 321 1272 et
345 1241 553 1272 servitoribus
584 1242 659 1272 dicti
684 1243 766 1283 regis
789 1242 922 1272 Boemie

136 1303 194 1334 per
216 1293 399 1332 Austriarn,
423 1292 577 1334 Styriam,
602 1293 820 1331 Karinthiam‚
846 1292 923 1324 Oar—

136 1344 251 1375 niolam
281 1347 314 1375 et
341 1344 517 1375 Marchiam
553 1345 646 1386 plene
677 1348 786 1375 nostre
815 1345 922 1385 gracie

137 1395 293 1426 restitutis
311 1396 426 1434 omnia,
451 1406 512 1437 que
536 1396 567 1427 in
585 1396 829 1435 hereditatibus,
853 1396 922 1426 feu-

139 1447 185 1478 dis
224 1451 255 1478 et
283 1447 408 1478 allodiis
438 1448 516 1489 ipsis
545 1448 669 1479 notorie
694 1458 752 1489 per
786 1458 841 1477 nos
873 1447 923 1478 vel

136 1501 263 1529 nostros
289 1499 498 1538 abstulimus,
530 1500 627 1541 plene
656 1499 861 1530 restituemus
893 1502 925 1529 et

498 1551 535 1581 In
567 1550 662 1581 dubio
686 1561 760 1581 vero
784 1551 925 1591 quicquit

137 1600 363 1632 Olomucensis
389 1605 421 1633 et
449 1602 658 1644 purehravius
688 1601 844 1643 sepedicti
868 1612 924 1632 nos

138 1652 280 1684 facturos
315 1654 372 1684 sub
404 1654 575 1684 iuramenti
604 1653 710 1684 debito
734 1653 922 1694 pronuncia-

136 1705 248 1740 verint,
272 1705 434 1736 faciemus.

201 1757 229 1787 8.
262 1756 419 1787 Preterea
452 1757 478 1787 si
514 1755 595 1797 quod
632 1755 714 1786 absit
744 1759 924 1786 nostrorum

138 1807 252 1848 aliquis
272 1807 460 1839 servitorum
478 1818 534 1849 per
550 1808 653 1849 ipsum
668 1817 777 1848 regem
790 1807 924 1838 Boemie

138 1859 188 1889 vel
227 1858 391 1890 adiutores
429 1859 529 1900 ipsius
573 1858 774 1900 gravabitur,
822 1859 924 1900 ipsum

137 1919 264 1951 regem,
296 1911 321 1940 si
352 1921 527 1951 gravamen
557 1910 711 1941 notorium
738 1913 769 1941 et
794 1909 925 1941 evidens

138 1960 254 1999 suerit,
278 1972 336 2003 per
359 1962 491 1992 nuncios
516 1965 642 1993 nostros
674 1972 769 2003 super
793 1972 924 1992 revoca-

138 2012 227 2044 cione
252 2016 284 2043 et
307 2014 541 2044 retractacione
560 2013 742 2045 huiusmodi
767 2013 924 2054 gravami-

138 2063 187 2094 nis
221 2064 426 2106 interpellare
462 2065 652 2096 tenebimur.
704 2062 766 2098 Qui
802 2075 859 2095 rex
901 2064 926 2095 si

138 2114 360 2156 interpellatus
377 2127 550 2157 gravamen
566 2115 748 2146 huiusmodi
766 2115 924 2145 notorium

140 2169 171 2197 et
195 2177 253 2208 per
278 2167 324 2198 rei
342 2167 539 2199 evidenciam
556 2167 763 2198 manifestum
788 2177 850 2197 non
875 2177 924 2197 re—

140 2219 301 2249 vocaverit
327 2229 385 2250 nec
410 2219 523 2250 fecerit
545 2219 726 2258 retractari,
756 2229 811 2249 nos
836 2218 924 2248 adiu-

141 2272 227 2301 tores
258 2273 384 2301 nostros
417 2270 597 2301 huiusmodi
633 2280 747 2311 passos
781 2270 926 2300 iniuriam

142 2331 311 2362 possumus
342 2325 374 2352 et
405 2321 586 2352 tenebimur
614 2321 734 2352 iuvare.
781 2320 871 2355 Quod
896 2321 926 2351 in

142 2382 218 2403 casu
236 2383 388 2403 converso
406 2373 488 2404 circa
504 2373 675 2404 servitores
694 2373 777 2413 regis
793 2371 927 2402 Bocmie

141 2424 200 2454 erit
222 2434 280 2465 per
303 2425 410 2455 onmia
434 2424 678 2456 observandum.

207 2579 234 2609 9.
271 2578 303 2608 Si
339 2589 414 2609 vero
453 2588 626 2619 gravamen
661 2578 776 2607 nostris
806 2578 926 2608 illatum

143 2628 273 2660 dubium
296 2630 408 2668 fuerit,
440 2630 638 2660 Olmucensis
663 2632 694 2659 et
719 2629 926 2670 purchravius

142 2680 314 2721 supradicti
345 2692 442 2722 super
470 2681 527 2711 hoc
562 2692 580 2711 a
609 2680 701 2710 nobis
732 2679 926 2721 interpellati

142 2732 326 2772 perquirent
356 2743 452 2763 cause
477 2732 603 2773 plenius
635 2732 812 2762 veritatem.
865 2731 926 2765 Qui

142 2782 167 2811 si
202 2782 259 2813 sub
294 2783 461 2814 iuramenti
492 2783 598 2813 debito
631 2782 788 2816 dixerint,
823 2781 925 2822 ipsum

144 2843 252 2874 regem
282 2834 332 2864 vel
363 2835 526 2865 adiutores
555 2834 654 2875 ipsius
678 2839 851 2873 gravamen
877 2832 925 2862 vel

1234 232 1280 258 Nr.
1296 233 1350 259 120.
1367 234 1421 259 130.
1694 238 1750 267 125

975 317 1090 348 vitores
1113 321 1235 348 nostros
1261 324 1291 349 et
1308 319 1478 351 adiutores.
1511 320 1550 351 Et
1574 322 1688 352 nostris
1713 322 1751 353 de

974 369 1121 404 Austria,
1164 370 1282 410 Styria,
1322 370 1506 405 Karinthia,
1542 372 1689 403 Carniola
1721 377 1753 404 et

972 419 1114 450 Marchia
1144 420 1340 451 adiutoribus
1377 425 1408 452 et
1441 423 1649 453 servitoribus
1679 434 1752 454 con-

974 471 1126 511 posicioni
1150 472 1291 512 presenti
1316 472 1431 502 includi
1457 478 1487 503 et
1512 478 1596 504 stare
1619 475 1752 504 volenti-

973 521 1032 552 bus
1057 522 1240 563 sepedictus
1272 523 1417 554 dominus
1447 528 1551 554 noster
1579 535 1633 555 rex
1661 526 1753 555 resti-

972 576 1041 603 tuet
1065 574 1178 610 onmia,
1204 585 1263 615 que
1288 578 1361 604 ante
1379 585 1525 614 guerram
1546 576 1595 605 vel
1620 580 1692 616 post
1716 576 1754 607 de

972 635 1080 654 eorum
1106 625 1348 662 hereditatibus,
1374 626 1498 656 allodiis
1523 630 1554 656 et
1571 626 1673 657 feudis
1698 638 1754 657 no-

972 676 1050 706 torie
1086 677 1262 718 occupavit.
1315 676 1347 706 Si
1384 687 1458 707 vero
1494 677 1674 708 huiusmodi
1708 679 1754 708 in-

972 727 1090 757 iuriosa
1108 727 1278 768 occupacio
1294 727 1389 758 dubia
1406 728 1510 764 fuerit,
1528 738 1585 769 per
1598 728 1755 769 predictos

973 778 1216 809 Olomucensem
1253 779 1435 820 episcopum
1468 783 1499 810 ct
1533 780 1755 820 purchravium

975 829 1033 860 sub
1058 830 1227 860 iuramenti
1257 830 1365 860 debito
1390 830 1555 861 decidetur
1579 830 1756 861 huiusmodi

975 881 1098 921 questio
1130 881 1254 911 iusticia
1287 881 1336 912 vel
1369 892 1488 912 amore.
1535 881 1626 922 Ipsos
1658 883 1757 912 eciam

974 936 1101 963 nostros
1126 932 1164 963 de
1189 931 1340 973 predictis
1365 933 1456 963 terris
1475 933 1615 971 Austria,
1641 932 1756 974 Styria,

974 983 1158 1019 Karinthia,
1206 983 1354 1014 Carniola
1398 988 1429 1014 et
1476 984 1619 1014 Marehia
1659 984 1757 1014 servi—

975 1038 1060 1066 tores
1085 1038 1116 1065 et
1140 1035 1300 1076 quoslibet
1330 1038 1455 1065 nostros
1488 1035 1566 1066 alios
1595 1035 1756 1065 adiutores

976 1087 1044 1128 ipse
1069 1086 1214 1116 dominus
1239 1090 1349 1116 noster
1372 1096 1428 1116 rex
1454 1086 1546 1128 plene
1571 1087 1676 1127 gracie
1702 1097 1758 1117 sue

975 1138 1122 1168 restituet
1146 1141 1177 1168 et
1200 1137 1341 1169 donabit.

1041 1191 1068 1221 7.
1091 1189 1157 1220 Nos
1183 1189 1278 1219 etiam
1297 1189 1364 1219 vice
1383 1199 1475 1220 versa
1499 1189 1644 1219 omnibus
1669 1188 1758 1219 adiu-

976 1241 1096 1271 toribus
1122 1244 1153 1271 et
1178 1240 1385 1271 servitoribus
1410 1240 1527 1271 domini
1552 1241 1650 1271 nostri
1675 1240 1759 1280 regis

976 1303 1033 1333 per
1056 1292 1222 1323 Boeniiam
1258 1296 1290 1323 et
1319 1291 1493 1322 Moraviam
1527 1293 1620 1334 plene
1654 1294 1760 1322 nostre

976 1343 1080 1384 gracie
1104 1344 1259 1374 restitutis
1284 1343 1404 1382 omnia,
1430 1354 1490 1384 que
1520 1344 1550 1373 in
1574 1342 1760 1374 hereditati-

976 1395 1047 1434 bus,
1072 1395 1175 1426 feudis
1193 1398 1224 1426 et
1240 1395 1361 1426 allodiis
1379 1395 1455 1436 ipsis
1477 1395 1598 1425 notorie
1623 1405 1680 1436 per
1703 1404 1760 1424 nos

976 1446 1026 1477 vel
1052 1449 1173 1477 nostros
1198 1446 1407 1483 abstulimus,
1436 1447 1530 1488 plene
1555 1447 1760 1476 restituemus

977 1501 1009 1528 et
1034 1498 1156 1528 restitui
1180 1497 1344 1529 faciemus.
1390 1497 1426 1527 In
1455 1497 1550 1528 dubio
1575 1507 1649 1527 vero
1674 1496 1760 1536 quic-

978 1549 1045 1590 quit
1069 1548 1291 1579 Olomucensis
1316 1549 1484 1590 episcopus
1509 1552 1540 1579 et
1556 1547 1761 1589 purchravius

978 1599 1132 1641 sepedicti
1155 1610 1212 1630 nos
1230 1600 1369 1630 facturos
1395 1600 1452 1631 sub
1470 1599 1637 1630 iuramenti
1655 1598 1761 1628 debito

977 1651 1266 1693 pronunciaverint,
1291 1651 1456 1682 faciemus.

1041 1755 1069 1785 8.
1098 1754 1249 1785 Pretcrea
1286 1754 1311 1784 si
1346 1753 1427 1794 quod
1462 1752 1545 1783 absit
1582 1755 1761 1782 nostrorum

978 1805 1092 1846 aliquis
1128 1805 1318 1836 servitorum
1357 1815 1414 1846 per
1452 1804 1555 1845 ipsum
1601 1803 1761 1834 dominum

978 1860 1121 1886 nostrum
1146 1867 1254 1897 regem
1272 1856 1322 1887 vel
1347 1855 1508 1886 adiutores
1526 1855 1625 1896 ipsius
1649 1864 1762 1895 grava-

978 1907 1071 1944 bitur,
1097 1908 1201 1948 ipsum
1226 1907 1387 1938 dominum
1412 1911 1569 1942 nostrum,
1601 1905 1625 1934 si
1649 1915 1761 1945 grava-

978 1969 1050 1989 men
1076 1959 1232 1989 notorium
1257 1962 1288 1989 et
1312 1958 1441 1989 evidens
1466 1958 1576 1995 fucrit,
1601 1966 1658 1997 per
1681 1966 1760 1985 111111-

980 2010 1043 2040 cios
1070 2014 1195 2041 nostros
1226 2021 1321 2051 super
1357 2009 1564 2041 revoc—acione
1595 2011 1626 2037 et
1659 2010 1760 2037 retra-

979 2062 1122 2092 ctacione
1147 2061 1327 2092 huiusmodi
1345 2060 1539 2101 gravaminis
1558 2058 1761 2099 interpellare

979 2112 1166 2143 tenebimur.
1219 2112 1279 2148 Qui
1315 2112 1459 2142 dominus
1496 2113 1604 2141 noster
1640 2120 1697 2140 rex
1736 2109 1762 2139 si

979 2164 1200 2205 interpellatus
1218 2174 1390 2204 gravamen
1408 2162 1588 2193 huiusmodi
1606 2161 1761 2191 notorium

979 2218 1010 2245 et
1047 2226 1104 2256 per
1140 2215 1185 2246 rei
1221 2214 1419 2246 evidenciam
1459 2213 1662 2244 manifestum
1700 2222 1761 2241 non

979 2267 1177 2297 revocaverit
1200 2276 1257 2297 nec
1282 2266 1393 2296 fecerit
1418 2264 1599 2301 retractari,
1625 2274 1681 2293 nos
1706 2262 1761 2292 ad-

980 2318 1098 2349 iutores
1124 2321 1248 2348 nostros
1273 2316 1456 2347 huiusmodi
1480 2326 1591 2356 passos
1617 2315 1761 2344 iniuriam

980 2379 1147 2410 possumus
1177 2373 1208 2399 et
1239 2368 1418 2399 tenebimur
1449 2367 1567 2396 iuvare.
1613 2365 1703 2400 Quod
1732 2365 1761 2394 in

981 2431 1056 2451 casu
1081 2431 1236 2451 converso
1261 2420 1343 2450 circa
1373 2419 1542 2449 servitores
1566 2417 1761 2447 serenissimi

980 2472 1064 2512 regis
1088 2471 1306 2502 Romanorum
1339 2470 1456 2500 domini
1487 2469 1584 2499 nostri
1621 2469 1679 2498 erit
1707 2478 1762 2508 1101·

980 2523 1085 2553 onmia
1108 2522 1350 2553 observandum.

1045 2578 1072 2605 9.
1107 2575 1139 2604 Si
1172 2585 1244 2604 vero
1279 2583 1451 2614 gravmnen
1488 2571 1601 2601 nostris
1640 2570 1759 2600 illatum

981 2626 1110 2656 dubium
1143 2626 1252 2661 fuerit,
1284 2624 1504 2655 (issoniueensis
1534 2623 1701 2663 episeopus
1731 2625 1761 2649 et

981 2677 1185 2718 pureln'avius
1209 2675 1380 2717 supradicti
1413 2685 1507 2715 super
1537 2674 1594 2703 111ιο
1626 2685 1641 2702 a
1671 2672 1759 2702 nobis

982 2728 1172 2769 interpellati
1198 2728 1379 2768 perquirent
1405 2736 1499 2755 cause
1532 2725 1653 2765 plenius
1679 2723 1757 2752 veri-

981 2783 1089 2810 tatem.
1134 2779 1193 2812 Qui
1220 2779 1242 2807 si
1269 2777 1326 2807 sul)
1353 2777 1516 2806 iuramenti
1542 2775 1645 2804 debito
1670 2774 1758 2803 dixe<

982 2831 1055 2867 rint,
1095 2831 1196 2871 ipsum
1232 2829 1391 2859 dominnm
1423 2834 1560 2857 nostruin
1594 2826 1641 2855 vel
1671 2825 1757 2854 adin-
