2259 3116
419 126 458 155 82
804 122 963 149 RUDOLFI
982 121 1088 149 REGIS
1108 122 1434 150 CONSTITUTIONES.
1473 123 1547 150 1275.
1584 124 1687 150 N1·.90.

418 214 551 252 potuum
577 210 690 241 humili
709 213 783 241 voto
808 214 839 241 et
862 211 895 241 in
912 211 1168 243 incommutabili
1186 212 1352 254 proposito
1376 212 1585 252 devovemus,
1609 216 1764 252 vobisque,
1789 215 1951 243 beatissime
1975 218 2064 250 pater,

419 268 447 293 et
465 266 593 292 omuibus
610 267 818 293 successoribus
836 267 936 294 vestris
953 268 1100 294 catholicis
1124 277 1162 295 ac
1179 268 1290 295 eidem
1315 270 1412 295 sancte
1429 269 1553 295 Romane
1572 268 1697 299 ecclesie,
1722 267 1839 302 speciali
1860 267 1945 294 matri
1961 269 2065 300 nostre,

419 327 529 345 omnem
554 319 759 352 obedientiam,
790 320 1033 346 honorificentiam
1063 322 1149 354 atque
1180 316 1378 348 reverentiam*
1399 330 1509 355 semper
1539 320 1640 347 humili
1668 320 1750 346 corde
1778 328 1811 346 ac
1839 320 1941 347 devoto
1964 319 2066 354 spiritu

418 371 624 405 impendemus,
655 381 739 406 quam
762 372 973 406 predecessores
998 372 1088 398 nostri
1115 382 1195 406 reges
1221 374 1248 399 et
1272 372 1458 406 imperatores
1482 372 1615 399 catholici
1640 372 1740 398 vestris
1768 371 1993 398 antecessoribus
2016 371 2065 398 im-

417 423 547 456 pendisse
571 426 741 455 noscuntur,
772 423 860 450 nichil
883 424 983 450 exinde
1010 425 1136 451 volentes
1167 424 1300 456 diminui,
1329 425 1377 451 sed
1406 425 1496 459 magis
1521 424 1631 458 augeri,
1662 426 1694 450 ut
1717 426 1815 450 nostra
1837 423 1928 458 magis
1951 423 2065 451 devotio

418 475 563 503 enitescat.
653 471 701 513 (2)
724 476 808 502 Illum
832 476 919 510 igitur
947 477 1060 503 abolere
1089 477 1216 503 volentes
1249 477 1378 509 abusum,
1409 485 1492 510 quem
1522 477 1663 503 interdum
1694 476 1809 510 quidam
1836 476 2066 510 predecessorum

418 530 577 554 nostrorum
603 528 760 555 exercuisse
783 516 938 555 noscuntur
967 530 995 555 ct
1023 529 1155 555 dicuntur
1182 529 1211 555 in
1240 529 1425 555 electionibus
1452 529 1638 563 prelatorum,
1666 528 1843 555 concedimus
1867 531 1895 555 et
1918 527 2066 560 sancimus,

417 582 448 606 ut
477 581 629 607 electiones
653 581 826 614 prelatorum
850 581 937 608 libere
967 583 995 607 et
1019 581 1152 608 canonice
1176 582 1257 613 fiant,
1287 582 1421 615 quatinus
1445 581 1492 608 ille
1516 581 1678 615 preficiatur
1702 580 1817 607 ecclesie
1842 580 1955 607 viduate
1983 589 2067 614 quem

418 633 509 658 totum
534 632 688 666 capitulum
714 634 757 660 vel
781 634 870 660 maior
894 635 922 660 et
952 633 1047 660 sanior
1075 643 1140 668 pars
1168 634 1275 668 ipsius‘>
1299 634 1411 660 duxerit
1440 634 1615 668 eligendum,
1647 633 1795 659 dummodo
1825 632 1913 659 nichil
1936 631 2009 659 desit
2032 632 2066 658 de

417 686 559 712 canonicis
590 685 738 712 institutis.
833 681 881 721 (3)
913 686 1128 720 Appellationes
1157 688 1252 712 autem
1286 686 1315 712 in
1345 686 1468 720 negotiis
1498 688 1527 713 et
1557 686 1648 712 causis
1679 685 1877 712 ecclesiasticis
1908 685 1944 711 ad
1973 684 2067 711 sedem

417 738 604 772 apostolicam
620 737 707 764 libere
724 738 801 770 fiant,
827 746 921 764 earum
939 738 1166 772 prosecutionem
1183 738 1242 765 sive
1259 747 1419 772 processum
1436 739 1531 765 nullus
1548 738 1684 772 impedire
1700 739 1852 772 presumat.
1919 731 1967 773 (4)
1984 737 2068 763 Illum

417 799 529 824 quoque
553 790 723 816 dimittimus
747 791 775 816 et
800 791 955 817 refutamus
980 790 1110 823 abusum,
1144 800 1227 824 quem
1251 790 1279 816 in
1304 791 1474 824 occupandis
1498 790 1578 817 bonis
1602 790 1798 817 decedent-ium
1821 790 1995 824 prelatorum
2017 790 2068 816 aut

418 842 504 868 ctiam
529 843 710 869 ecclesiarum
734 842 896 868 vacantium
921 842 1011 869 nostri
1036 844 1242 869 consueverunt
1266 844 1459 869 antecessores
1476 842 1653 869 committere
1677 851 1727 876 pro
1744 843 1822 869 motu
1839 841 1952 876 proprie
1970 842 2066 868 volun—

417 894 493 921 tatis.
540 894 640 920 Omnia
664 903 729 920 vero
754 894 914 928 spiritualia
939 895 1018 921 vobis
1050 896 1080 921 et
1108 895 1171 920 aliis
1201 895 1381 921 ecclesiarum
1413 895 1531 928 prelatis
1558 894 1742 928 relinquimus
1771 894 1859 921 libere
1883 893 2066 928 disponenda,

416 949 447 972 ut
471 956 525 980 que
550 949 615 973 =<unt
638 947 741 973 cesaris
765 946 853 973 cesari
877 948 905 972 et
929 956 982 980 que
999 949 1065 972 sunt
1081 947 1132 973 Dei
1150 947 1207 973 Deo
1224 948 1301 973 recta
1322 947 1523 973 distributione
1544 947 1704 973 reddantur.
1794 942 1842 983 (5)
1867 946 1955 980 Super
1978 945 2066 972 eradi-

417 1000 506 1026 cando
532 1001 625 1025 autem
650 999 774 1025 heretice
792 999 944 1033 pravitatis
969 1008 1060 1025 errore
1086 999 1222 1025 auxilium
1239 999 1367 1025 dabimus
1392 1000 1420 1026 et
1437 1008 1551 1033 operam
1569 1000 1718 1025 efficacem.
1809 992 1857 1035 (6)
1873 997 2067 1025 Possessiones

416 1051 517 1083 etiam,
553 1060 621 1084 quas
646 1051 771 1077 Romana
806 1051 925 1077 ccclesia
953 1051 1145 1085 recuperavit,
1176 1051 1210 1077 ab
1241 1051 1467 1078 antecessoribus
1497 1051 1602 1078 nostris
1632 1060 1679 1077 seu
1710 1050 1884 1084 quibuslibet
1914 1049 1977 1075 aliis
2000 1049 2066 1074 ante

416 1103 562 1135 detentas,
591 1103 694 1129 liberas
729 1105 757 1129 et
786 1103 897 1136 quietas
927 1103 980 1129 sibi
1004 1103 1173 1129 dimittimus
1205 1105 1233 1130 et
1257 1103 1347 1138 ipsam
1376 1104 1411 1129 ad
1436 1112 1482 1130 eas
1507 1103 1675 1130 obtinendas
1701 1103 1774 1129 bona
1798 1103 1851 1129 fide
1874 1101 2066 1136 promittimus

416 1154 557 1181 adiuvare.
597 1154 672 1186 Quas
698 1164 762 1181 vero
780 1155 904 1181 nondum
928 1155 1115 1189 recuperavit,
1140 1155 1175 1181 ad
1200 1156 1421 1189 recuperandum
1446 1155 1548 1182 erimus
1571 1164 1620 1189 pro
1638 1155 1744 1181 viribus
1767 1154 1924 1185 adiutores;
1949 1155 1978 1180 et
2001 1162 2065 1187 que-

416 1216 533 1240 cumque
557 1207 592 1233 ad
616 1216 714 1233 manus
738 1209 849 1233 nostras
878 1207 1045 1239 devenient,
1075 1207 1135 1233 sine
1159 1208 1326 1234 difficultate
1357 1216 1389 1234 ac
1412 1216 1491 1234 mora
1515 1207 1540 1234 ei
1563 1207 1713 1234 restituere
1737 1208 1906 1241 satagemus
1951 1205 1994 1232 Ad
2016 1206 2067 1231 has

415 1259 540 1293 pertinet
564 1260 623 1285 tota
649 1260 724 1285 terra
747 1268 801 1292 que.
826 1261 869 1285 est
893 1268 907 1285 a
932 1259 1106 1286 Radicofono
1132 1268 1219 1293 usque
1244 1259 1433 1294 Ceperanum,
1463 1259 1588 1286 marchia
1610 1259 1801 1291 Anconitana,
1831 1259 1948 1285 ducatus
1972 1257 2066 1291 Spole-

415 1313 506 1343 tanus,
532 1312 607 1337 terra
631 1310 773 1337 comitisse
790 1310 925 1343 Matildis,
951 1311 1102 1337 comitatus
1124 1311 1300 1343 Brittenorii,
1325 1312 1493 1338 exarchatus
1510 1312 1652 1344 Rauenne,
1676 1310 1868 1345 Penthapolis,
1891 1311 1985 1336 Massa
2001 1309 2065 1336 Tra.-

414 1362 493 1389 haria
517 1372 578 1389 cum
604 1363 797 1389 adiacentibus
815 1363 898 1389 terris
924 1365 953 1390 et
970 1363 1100 1389 omnibus
1125 1363 1188 1390 aliis
1212 1364 1248 1390 ad
1267 1364 1422 1390 Romanam
1441 1364 1587 1390 ecelesiam
1603 1363 1820 1398 pertinentibus,
1845 1364 1877 1389 ut
1900 1371 1946 1389 eas
1962 1361 2067 1388 habeat

415 1415 540 1441 Romana
565 1415 682 1441 ecclesia
706 1415 734 1440 in
758 1417 926 1449 perpetuum
951 1424 1013 1441 cuin
1037 1415 1113 1442 omni
1130 1415 1332 1448 iurisdictione,
1357 1416 1487 1442 districtu
1512 1418 1539 1442 et
1563 1417 1669 1443 honore
1693 1424 1752 1442 suo.
1786 1415 1988 1442 Verumtamen
2004 1423 2066 1441 cum

414 1468 449 1493 :ld
472 1467 663 1501 recipiendum
688 1475 819 1493 coronam
844 1467 955 1501 imperii
984 1467 1027 1493 vel
1052 1477 1102 1501 pro
1127 1467 1345 1494 necessitatibus
1370 1468 1487 1494 ecclesie
1512 1468 1546 1494 ab
1570 1467 1728 1502 apostolica
1752 1467 1817 1494 sede
1841 1467 1935 1494 vocati
1959 1465 2064 1493 veneri-

414 1529 483 1551 mus,
508 1520 541 1546 de
566 1520 698 1546 mandato
723 1519 824 1545 summi
848 1519 989 1553 pontificis
1014 1520 1183 1554 recipiemus
1210 1519 1422 1554 procurationes
1447 1520 1505 1547 sive
1530 1520 1641 1546 fodrum
1665 1520 1699 1546 ab
1723 1519 1800 1553 ipsis.
1891 1513 1938 1555 (7)
1966 1517 2066 1544 Omnia

418 1572 505 1605 igitur
529 1572 689 1606 supradicta
715 1574 741 1597 et
767 1580 942 1605 quecumque
967 1572 1024 1597 alia
1048 1572 1193 1606 pertinent
1217 1573 1252 1599 ad
1275 1573 1431 1599 Romanam
1448 1572 1594 1599 ecclesiam
1618 1572 1651 1599 de
1669 1572 1816 1598 voluntate
1839 1573 1867 1598 et
1884 1569 2065 1602 conscientia,

417 1624 533 1650 consilio
559 1625 587 1650 et
611 1632 747 1650 consensu
764 1623 923 1657 principum
948 1624 1059 1657 imperii
1083 1624 1170 1650 libere
1195 1624 1237 1650 illi
1260 1624 1437 1657 dimittimus,
1462 1624 1656 1651 renuntiamus
1681 1626 1710 1650 et
1725 1623 1910 1655 restituimus,
1934 1631 1986 1649 nec
2009 1631 2066 1648 non

416 1676 450 1702 ad
474 1685 584 1702 omnem
598 1676 769 1709 ‘scrupulum
793 1676 1002 1708 removendum,
1027 1678 1112 1709 prout
1135 1676 1236 1703 melius
1260 1677 1337 1703 valet
1360 1679 1388 1703 et
1412 1676 1554 1703 efficacius
1578 1676 1709 1710 intelligi,
1734 1675 1924 1707 concedimus,
1948 1674 2065 1701 conferi-

416 1737 476 1754 mus
501 1730 529 1755 et
553 1728 696 1760 donamus,
721 1730 752 1754 ut
777 1728 888 1754 sublata
912 1728 1002 1754 omnis
1027 1728 1217 1755 contentionis
1242 1731 1273 1755 et
1295 1729 1478 1755 dissensionis
1502 1729 1636 1761 materia,
1660 1730 1739 1755 firma
1762 1737 1817 1763 pax
1842 1729 1871 1754 et
1893 1727 1978 1762 plena
2002 1735 2064 1753 con-

417 1781 512 1807 cordia
536 1780 610 1806 inter
633 1780 779 1806 ecclesiam
803 1782 831 1806 et
854 1780 1003 1814 imperium
1027 1782 1219 1814 perseverent.
1309 1776 1358 1818 (S)
1382 1781 1532 1808 Adiutores
1550 1781 1652 1808 erimus
1677 1781 1711 1807 ad
1727 1780 1905 1807 retinendum
1928 1780 1957 1806 et
1973 1778 2066 1805 defen-

417 1833 537 1859 dendum
567 1832 681 1859 ecclesie
707 1833 831 1859 Romane
861 1842 978 1866 regnum
1003 1833 1096 1859 Sicilie
1126 1842 1187 1859 cum
1218 1833 1346 1859 omnibus
1374 1833 1409 1859 ad
1440 1833 1532 1867 ipsum
1561 1833 1755 1867 spectantibus
1780 1834 1838 1859 tam
1862 1832 1932 1858 citra
1957 1830 2066 1862 Farum,

417 1894 501 1918 quam
526 1885 608 1916 ultra,
633 1893 741 1910 necnon
766 1884 959 1911 Corsicam-et
984 1885 1142 1911 Sardiniam
1167 1894 1199 1912 ac
1227 1887 1321 1912 cetera
1346 1885 1406 1912 iura
1430 1894 1484 1919 que
1508 1886 1543 1912 ad
1568 1894 1629 1912 eam
1653 1885 1794 1920 pertinere
1810 1884 1972 1916 noscuntur,
1996 1884 2065 1909 tam-

418 1945 500 1970 quam
527 1937 644 1962 tls—votus
670 1936 740 1962 tilius
766 1938 794 1962 ct
817 1936 972 1962 catholicus
998 1937 1137 1971 princeps.

528 1984 574 2025 (9)
599 1984 821 2014 Promittimus
847 1994 974 2025 quoque
992 1984 1090 2015 beato
1108 1984 1216 2019 Petro,
1243 1985 1373 2015 celestis
1398 1985 1489 2026 regni
1508 1985 1679 2026 clavigero,
1704 1994 1741 2015 ac
1762 1983 1853 2015 vobis
1869 1982 1953 2025 patri
1971 1992 2064 2013 sanc—

419 2036 543 2066 tissimo
569 2035 670 2076 ipsius
694 2035 781 2065 beati
807 2035 917 2066 Petrid
943 2036 1123 2077 ceterisque
1148 2037 1265 2068 vestris
1291 2037 1534 2068 successoribus
1560 2040 1592 2068 et
1616 2036 1721 2068 eidem
1747 2035 1885 2067 ecclesie
1909 2033 2066 2074 Romane,

418 2088 500 2129 quod
526 2098 582 2129 per
607 2098 663 2117 nos
689 2087 737 2117 vel
765 2098 822 2128 per
846 2088 943 2118 alium
975 2098 1032 2118 seu
1058 2088 1139 2119 alios
1165 2099 1228 2119 non
1253 2089 1483 2130 occupabimus
1515 2100 1574 2120 nec
1605 2089 1795 2120 invademus
1827 2088 1859 2118 in
1888 2089 1990 2118 totum
2014 2085 2065 2117 vel

418 2141 446 2170 in
474 2144 595 2181 partem
622 2140 744 2180 aliquas
771 2143 873 2170 terras
898 2141 1000 2182 ipsius
1026 2141 1164 2172 ecclesie
1189 2141 1336 2172 Romane
1362 2144 1417 2172 aut
1435 2142 1647 2172 vassallorum
1673 2141 1753 2180 eius,
1779 2150 1858 2182 quas
1883 2139 1951 2170 iure
1975 2137 2064 2169 feudi

419 2192 468 2222 vel
499 2191 558 2222 sub
584 2202 698 2222 census
731 2202 788 2222 seu
819 2192 952 2222 alterius
983 2193 1190 2234 prestationis
1223 2193 1315 2223 titulo
1346 2194 1412 2224 sive
1444 2194 1505 2224 alio
1537 2203 1739 2235 quocumque
1771 2191 1864 2222 modo
1888 2193 2000 2222 tenent
2023 2189 2064 2221 ab

418 2245 487 2285 ipsa
512 2243 667 2274 ecclesia.
702 2253 760 2274 nec
793 2254 847 2274 cas
872 2244 922 2274 vel
949 2254 1057 2275 earum
1083 2245 1221 2286 aliquam
1247 2245 1491 2287 procurabimus
1521 2245 1672 2286 occupari
1696 2254 1754 2286 per
1777 2244 1875 2274 alium
1900 2253 1957 2274 seu
1982 2243 2062 2274 alios

419 2295 469 2325 vel
496 2294 611 2325 invadi.
652 2294 735 2329 Quin
761 2295 857 2325 etiam
883 2306 941 2325 nec
967 2298 1052 2336 ipsas
1078 2307 1137 2327 nee
1163 2300 1310 2327 tenentes
1328 2297 1471 2331 easdem,
1497 2308 1531 2328 sc
1550 2297 1601 2328 vel
1626 2300 1729 2327 terras
1752 2296 1841 2337 ipsas
1864 2295 1955 2327 nobis
1979 2295 2064 2326 ultro

419 2347 565 2377 volentes
590 2346 748 2384 subicere,
775 2357 832 2377 nec
858 2347 995 2377 officium
1023 2347 1151 2388 aliquod
1178 2352 1233 2379 aut
1258 2348 1449 2389 dignitatem
1475 2349 1525 2379 vel
1551 2358 1787 2390 quamcumque
1812 2350 2007 2390 potestatem
2033 2347 2064 2377 in

419 2399 511 2429 terris
537 2398 658 2429 eisdem
684 2402 715 2428 et
741 2398 926 2440 specialiter
951 2399 982 2429 in
1007 2399 1138 2430 civitate
1162 2399 1311 2431 Romana
1335 2401 1526 2442 recipiemus
1551 2400 1611 2431 sub
1637 2410 1839 2441 quocumque
1865 2399 1970 2430 colore
1995 2398 2064 2429 sine

419 2454 526 2480 vestra
549 2460 614 2480 scu
639 2460 863 2480 successorum
891 2454 1072 2481 vestrorum
1107 2451 1238 2482 licentia
1270 2453 1413 2493 speciali.
1460 2452 1502 2483 Et
1533 2453 1558 2483 si
1589 2453 1642 2494 qui
1672 2462 1726 2483 cas
1755 2461 1914 2493 occupare
1939 2450 1989 2481 vel
2014 2450 2062 2480 in-

419 2502 536 2532 vadere
562 2504 767 2543 temptarent,
793 2512 855 2532 non
881 2502 983 2533 solum
1003 2502 1235 2543 denegabimus
1260 2504 1340 2534 illise
1364 2505 1532 2544 auxilium,
1556 2504 1724 2535 consilium
1749 2507 1782 2535 ct
1797 2503 1939 2534 favorem
1957 2501 2062 2544 publi·

419 2564 490 2583 cum
523 2556 554 2583 et
589 2553 766 2589 occultum,
803 2564 911 2583 rerum
948 2554 1045 2585 ctiam
1076 2554 1115 2584 ad
1147 2555 1389 2595 requisitionem
1422 2560 1560 2587 vestram
1590 2559 1811 2588 vestrorumve
1841 2564 2063 2585 successorum

357 2604 581 2635 c.-2.adiutorcs
622 2605 740 2635 crimus
778 2609 887 2635 contra
927 2606 999 2636 illos
1035 2606 1066 2636 in
1098 2606 1311 2638 defendendis
1342 2612 1374 2639 et
1405 2607 1637 2639 conservandis
1672 2606 1803 2639 eisdem.
1896 2605 1966 2647 (10)
1995 2605 2064 2636 Nec

419 2657 620 2687 offendemus
648 2667 705 2699 per
730 2667 787 2687 nos
813 2657 864 2687 vel
890 2666 947 2698 per
975 2657 1072 2687 alium
1099 2658 1256 2689 vassallos
1286 2660 1425 2691 ecclesie
1455 2660 1556 2702 ipsius
1585 2663 1618 2691 et
1646 2660 1832 2703 specialiter
1854 2657 2063 2701 magnifieum

521 2752 566 2778 ”0-
589 2756 609 2784 c)
630 2762 645 2787 p
665 2753 689 2776 in
711 2761 805 2777 fusura
825 2761 861 2776 ur.
951 2751 975 2784 ίΙ)
996 2752 1135 2777 successori
1155 2753 1291 2779 uddcnlum
1312 2759 1353 2780 cst.
1443 2756 1464 2789 c)
1483 2757 1499 2780 il
1518 2757 1543 2781 ἰιι
1563 2765 1658 2781 rasura
1677 2765 1713 2782 ον.

2095 692 2119 711 10

2095 952 2118 971 15

2094 1211 2119 1230 20

2093 1470 2117 1489 25

2093 1734 2117 1753 30

2093 1993 2116 2013 3⁵

2091 2252 2116 2270 40

2091 2510 2115 2529 45
