<?xml version="1.0" encoding="UTF-8"?>
<!DOCTYPE html PUBLIC "-//W3C//DTD XHTML 1.0 Transitional//EN"
    "http://www.w3.org/TR/xhtml1/DTD/xhtml1-transitional.dtd">
<html xmlns="http://www.w3.org/1999/xhtml" xml:lang="en" lang="en">
 <head>
  <title>
</title>
<meta http-equiv="Content-Type" content="text/html;charset=utf-8" />
  <meta name='ocr-system' content='tesseract 3.04.00' />
  <meta name='ocr-capabilities' content='ocr_page ocr_carea ocr_par ocr_line ocrx_word'/>
</head>
<body>
  <div class='ocr_page' id='page_1' title='image "./monumentagelegum03geseuoft/monumentagelegum03geseuoft_0577.png"; bbox 0 0 2259 3164; ppageno 0'>
   <div class='ocr_carea' id='block_1_1' title="bbox 483 152 1779 185">
    <p class='ocr_par' dir='ltr' id='par_1_1' title="bbox 483 152 1779 185">
     <span class='ocr_line' id='line_1_1' title="bbox 483 152 1779 185; baseline -0.002 -5"><span class='ocrx_word' id='word_1_1' title='bbox 483 154 614 180; x_wconf 79' lang='lat' dir='ltr'>ADOLFI</span> <span class='ocrx_word' id='word_1_2' title='bbox 634 153 739 180; x_wconf 85' lang='lat' dir='ltr'>REGIS</span> <span class='ocrx_word' id='word_1_3' title='bbox 759 153 1082 180; x_wconf 69' lang='lat' dir='ltr'>CONSTITUTIONES.</span> <span class='ocrx_word' id='word_1_4' title='bbox 1122 154 1194 179; x_wconf 68' lang='lat'>1297.</span> <span class='ocrx_word' id='word_1_5' title='bbox 1234 153 1350 178; x_wconf 63' lang='lat' dir='ltr'>N12575.</span> <span class='ocrx_word' id='word_1_6' title='bbox 1371 152 1428 177; x_wconf 71' lang='lat'>576.</span> <span class='ocrx_word' id='word_1_7' title='bbox 1717 156 1779 185; x_wconf 64' lang='grc'>539</span> 
     </span>
    </p>
   </div>
   <div class='ocr_carea' id='block_1_2' title="bbox 136 239 1780 433">
    <p class='ocr_par' dir='ltr' id='par_1_2' title="bbox 136 239 1780 433">
     <span class='ocr_line' id='line_1_2' title="bbox 137 239 1780 280; baseline -0.002 -8"><span class='ocrx_word' id='word_1_8' title='bbox 137 251 254 273; x_wconf 85' lang='lat' dir='ltr'>cornua</span> <span class='ocrx_word' id='word_1_9' title='bbox 287 243 394 270; x_wconf 81' lang='lat' dir='ltr'>nosti-c</span> <span class='ocrx_word' id='word_1_10' title='bbox 428 240 576 280; x_wconf 81' lang='lat' dir='ltr'>potencie</span> <span class='ocrx_word' id='word_1_11' title='bbox 612 239 807 269; x_wconf 83' lang='lat' dir='ltr'>conterenda</span> <span class='ocrx_word' id='word_1_12' title='bbox 843 239 989 269; x_wconf 87' lang='lat' dir='ltr'>felicibus</span> <span class='ocrx_word' id='word_1_13' title='bbox 1024 239 1173 279; x_wconf 76' lang='lat' dir='ltr'>auspiciis</span> <span class='ocrx_word' id='word_1_14' title='bbox 1207 240 1237 269; x_wconf 86' lang='lat' dir='ltr'>in</span> <span class='ocrx_word' id='word_1_15' title='bbox 1277 239 1461 269; x_wconf 84' lang='lat' dir='ltr'>fortitudine</span> <span class='ocrx_word' id='word_1_16' title='bbox 1502 240 1618 279; x_wconf 81' lang='lat' dir='ltr'>regalis</span> <span class='ocrx_word' id='word_1_17' title='bbox 1657 239 1780 270; x_wconf 87' lang='lat' dir='ltr'>brachii</span> 
     </span>
     <span class='ocr_line' id='line_1_3' title="bbox 136 290 1780 334; baseline -0.002 -11"><span class='ocrx_word' id='word_1_18' title='bbox 136 292 304 334; x_wconf 86' lang='lat' dir='ltr'>magnifice</span> <span class='ocrx_word' id='word_1_19' title='bbox 328 291 550 331; x_wconf 92' lang='lat' dir='ltr'>procedamus.</span> <span class='ocrx_word' id='word_1_20' title='bbox 586 290 708 321; x_wconf 86' lang='lat' dir='ltr'>Verum</span> <span class='ocrx_word' id='word_1_21' title='bbox 732 301 803 320; x_wconf 88' lang='lat' dir='ltr'>cum</span> <span class='ocrx_word' id='word_1_22' title='bbox 828 293 901 320; x_wconf 88' lang='lat' dir='ltr'>ante</span> <span class='ocrx_word' id='word_1_23' title='bbox 919 290 1140 330; x_wconf 87' lang='lat' dir='ltr'>arrepcionem</span> <span class='ocrx_word' id='word_1_24' title='bbox 1164 291 1284 321; x_wconf 81' lang='lat' dir='ltr'>itineris</span> <span class='ocrx_word' id='word_1_25' title='bbox 1305 291 1402 321; x_wconf 84' lang='lat' dir='ltr'>nostri</span> <span class='ocrx_word' id='word_1_26' title='bbox 1426 291 1604 331; x_wconf 74' lang='lat' dir='ltr'>progressis</span> <span class='ocrx_word' id='word_1_27' title='bbox 1620 290 1780 321; x_wconf 87' lang='lat' dir='ltr'>nobilibus</span> 
     </span>
     <span class='ocr_line' id='line_1_4' title="bbox 136 340 1778 381; baseline -0.001 -7"><span class='ocrx_word' id='word_1_28' title='bbox 136 344 209 374; x_wconf 86' lang='lat' dir='ltr'>viris</span> <span class='ocrx_word' id='word_1_29' title='bbox 232 342 367 374; x_wconf 87' lang='lat' dir='ltr'>Iohanni</span> <span class='ocrx_word' id='word_1_30' title='bbox 391 342 431 372; x_wconf 91' lang='lat' dir='ltr'>de</span> <span class='ocrx_word' id='word_1_31' title='bbox 456 341 651 381; x_wconf 83' lang='lat' dir='ltr'>C(abilone),</span> <span class='ocrx_word' id='word_1_32' title='bbox 674 340 893 380; x_wconf 59' lang='lat' dir='ltr'>Esperhardo)</span> <span class='ocrx_word' id='word_1_33' title='bbox 920 341 959 371; x_wconf 88' lang='lat' dir='ltr'>dc</span> <span class='ocrx_word' id='word_1_34' title='bbox 983 341 1126 371; x_wconf 80' lang='lat' dir='ltr'>Mai-chia</span> <span class='ocrx_word' id='word_1_35' title='bbox 1149 341 1319 371; x_wconf 79' lang='lat' dir='ltr'>comitibus</span> <span class='ocrx_word' id='word_1_36' title='bbox 1343 345 1375 371; x_wconf 84' lang='lat' dir='ltr'>ct</span> <span class='ocrx_word' id='word_1_37' title='bbox 1399 341 1538 371; x_wconf 85' lang='lat' dir='ltr'>Hem-ico</span> <span class='ocrx_word' id='word_1_38' title='bbox 1564 341 1602 371; x_wconf 86' lang='lat' dir='ltr'>dc</span> <span class='ocrx_word' id='word_1_39' title='bbox 1620 341 1778 372; x_wconf 85' lang='lat' dir='ltr'>Blanche-</span> 
     </span>
     <span class='ocr_line' id='line_1_5' title="bbox 136 392 1779 433; baseline -0.001 -8"><span class='ocrx_word' id='word_1_40' title='bbox 136 397 243 426; x_wconf 88' lang='lat' dir='ltr'>monte</span> <span class='ocrx_word' id='word_1_41' title='bbox 277 393 328 424; x_wconf 88' lang='lat' dir='ltr'>vel</span> <span class='ocrx_word' id='word_1_42' title='bbox 363 393 477 424; x_wconf 88' lang='lat' dir='ltr'>saltem</span> <span class='ocrx_word' id='word_1_43' title='bbox 513 392 637 423; x_wconf 90' lang='lat' dir='ltr'>duobus</span> <span class='ocrx_word' id='word_1_44' title='bbox 671 402 712 422; x_wconf 88' lang='lat' dir='ltr'>ex</span> <span class='ocrx_word' id='word_1_45' title='bbox 739 392 815 432; x_wconf 88' lang='lat' dir='ltr'>ipsis</span> <span class='ocrx_word' id='word_1_46' title='bbox 848 392 935 432; x_wconf 92' lang='lat' dir='ltr'>loqui</span> <span class='ocrx_word' id='word_1_47' title='bbox 965 393 1146 422; x_wconf 87' lang='lat' dir='ltr'>necessario</span> <span class='ocrx_word' id='word_1_48' title='bbox 1177 392 1367 432; x_wconf 72' lang='lat' dir='ltr'>habeamus,</span> <span class='ocrx_word' id='word_1_49' title='bbox 1401 404 1455 422; x_wconf 81' lang='lat' dir='ltr'>vos</span> <span class='ocrx_word' id='word_1_50' title='bbox 1484 392 1525 422; x_wconf 84' lang='lat' dir='ltr'>ad</span> <span class='ocrx_word' id='word_1_51' title='bbox 1558 392 1617 423; x_wconf 92' lang='lat' dir='ltr'>hoc</span> <span class='ocrx_word' id='word_1_52' title='bbox 1648 403 1779 433; x_wconf 83' lang='lat' dir='ltr'>operam</span> 
     </span>
    </p>
   </div>
   <div class='ocr_carea' id='block_1_3' title="bbox 106 443 1779 486">
    <p class='ocr_par' dir='ltr' id='par_1_3' title="bbox 106 443 1779 486">
     <span class='ocr_line' id='line_1_6' title="bbox 106 443 1779 486; baseline -0.001 -10"><span class='ocrx_word' id='word_1_53' title='bbox 106 459 116 477; x_wconf 66' lang='grc' dir='ltr'>ε.</span> <span class='ocrx_word' id='word_1_54' title='bbox 136 445 317 486; x_wconf 85' lang='lat' dir='ltr'>applicetis,</span> <span class='ocrx_word' id='word_1_55' title='bbox 354 449 388 475; x_wconf 91' lang='lat' dir='ltr'>ut</span> <span class='ocrx_word' id='word_1_56' title='bbox 424 444 486 474; x_wconf 90' lang='lat' dir='ltr'>duo</span> <span class='ocrx_word' id='word_1_57' title='bbox 524 455 564 474; x_wconf 88' lang='lat' dir='ltr'>ex</span> <span class='ocrx_word' id='word_1_58' title='bbox 592 444 670 484; x_wconf 88' lang='lat' dir='ltr'>ipsis</span> <span class='ocrx_word' id='word_1_59' title='bbox 699 443 859 474; x_wconf 89' lang='lat' dir='ltr'>nobilibus</span> <span class='ocrx_word' id='word_1_60' title='bbox 889 443 963 473; x_wconf 86' lang='lat' dir='ltr'>viris</span> <span class='ocrx_word' id='word_1_61' title='bbox 994 443 1035 473; x_wconf 88' lang='lat' dir='ltr'>ad</span> <span class='ocrx_word' id='word_1_62' title='bbox 1064 454 1120 473; x_wconf 87' lang='lat' dir='ltr'>nos</span> <span class='ocrx_word' id='word_1_63' title='bbox 1150 444 1279 473; x_wconf 88' lang='lat' dir='ltr'>veniant</span> <span class='ocrx_word' id='word_1_64' title='bbox 1307 443 1448 474; x_wconf 85' lang='lat' dir='ltr'>indilate.</span> <span class='ocrx_word' id='word_1_65' title='bbox 1495 443 1577 473; x_wconf 80' lang='lat' dir='ltr'>Nam</span> <span class='ocrx_word' id='word_1_66' title='bbox 1609 454 1679 474; x_wconf 89' lang='lat' dir='ltr'>cum</span> <span class='ocrx_word' id='word_1_67' title='bbox 1704 445 1779 484; x_wconf 84' lang='lat' dir='ltr'>ipsis</span> 
     </span>
    </p>
   </div>
   <div class='ocr_carea' id='block_1_4' title="bbox 96 812 119 830">
    <p class='ocr_par' dir='ltr' id='par_1_4' title="bbox 96 812 119 830">
     <span class='ocr_line' id='line_1_7' title="bbox 96 812 119 830; baseline -0.043 0"><span class='ocrx_word' id='word_1_68' title='bbox 96 812 119 830; x_wconf 79' lang='lat'>11)</span> 
     </span>
    </p>
   </div>
   <div class='ocr_carea' id='block_1_5' title="bbox 95 1079 119 1098">
    <p class='ocr_par' dir='ltr' id='par_1_5' title="bbox 95 1079 119 1098">
     <span class='ocr_line' id='line_1_8' title="bbox 95 1079 119 1098; baseline 0 0"><span class='ocrx_word' id='word_1_69' title='bbox 95 1079 119 1098; x_wconf 74' lang='lat'>1⁵</span> 
     </span>
    </p>
   </div>
   <div class='ocr_carea' id='block_1_6' title="bbox 97 1389 121 1408">
    <p class='ocr_par' dir='ltr' id='par_1_6' title="bbox 97 1389 121 1408">
     <span class='ocr_line' id='line_1_9' title="bbox 97 1389 121 1408; baseline 0 0"><span class='ocrx_word' id='word_1_70' title='bbox 97 1389 121 1408; x_wconf 79' lang='lat'>20</span> 
     </span>
    </p>
   </div>
   <div class='ocr_carea' id='block_1_7' title="bbox 97 1645 119 1664">
    <p class='ocr_par' dir='ltr' id='par_1_7' title="bbox 97 1645 119 1664">
     <span class='ocr_line' id='line_1_10' title="bbox 97 1645 119 1664; baseline -0.045 0"><span class='ocrx_word' id='word_1_71' title='bbox 97 1645 119 1664; x_wconf 73' lang='lat'>25</span> 
     </span>
    </p>
   </div>
   <div class='ocr_carea' id='block_1_8' title="bbox 99 1900 122 1919">
    <p class='ocr_par' dir='ltr' id='par_1_8' title="bbox 99 1900 122 1919">
     <span class='ocr_line' id='line_1_11' title="bbox 99 1900 122 1919; baseline 0.043 -1"><span class='ocrx_word' id='word_1_72' title='bbox 99 1900 122 1919; x_wconf 81' lang='lat'>30</span> 
     </span>
    </p>
   </div>
   <div class='ocr_carea' id='block_1_9' title="bbox 99 2155 122 2175">
    <p class='ocr_par' dir='ltr' id='par_1_9' title="bbox 99 2155 122 2175">
     <span class='ocr_line' id='line_1_12' title="bbox 99 2155 122 2175; baseline 0.043 -1"><span class='ocrx_word' id='word_1_73' title='bbox 99 2155 122 2175; x_wconf 81' lang='lat'>³5</span> 
     </span>
    </p>
   </div>
   <div class='ocr_carea' id='block_1_10' title="bbox 98 2411 123 2430">
    <p class='ocr_par' dir='ltr' id='par_1_10' title="bbox 98 2411 123 2430">
     <span class='ocr_line' id='line_1_13' title="bbox 98 2411 123 2430; baseline 0.04 -1"><span class='ocrx_word' id='word_1_74' title='bbox 98 2411 123 2430; x_wconf 75' lang='lat'>40</span> 
     </span>
    </p>
   </div>
   <div class='ocr_carea' id='block_1_11' title="bbox 100 2743 123 2761">
    <p class='ocr_par' dir='ltr' id='par_1_11' title="bbox 100 2743 123 2761">
     <span class='ocr_line' id='line_1_14' title="bbox 100 2743 123 2761; baseline 0 0"><span class='ocrx_word' id='word_1_75' title='bbox 100 2743 123 2761; x_wconf 72' lang='lat'>45</span> 
     </span>
    </p>
   </div>
   <div class='ocr_carea' id='block_1_12' title="bbox 135 494 1780 637">
    <p class='ocr_par' dir='ltr' id='par_1_12' title="bbox 135 494 1780 637">
     <span class='ocr_line' id='line_1_15' title="bbox 135 494 1780 535; baseline -0.001 -9"><span class='ocrx_word' id='word_1_76' title='bbox 135 496 301 527; x_wconf 81' lang='lat' dir='ltr'>assistente</span> <span class='ocrx_word' id='word_1_77' title='bbox 327 495 462 526; x_wconf 84' lang='lat' dir='ltr'>dextera</span> <span class='ocrx_word' id='word_1_78' title='bbox 488 494 589 535; x_wconf 84' lang='lat' dir='ltr'>Regis</span> <span class='ocrx_word' id='word_1_79' title='bbox 616 505 729 535; x_wconf 81' lang='lat' dir='ltr'>regum</span> <span class='ocrx_word' id='word_1_80' title='bbox 753 494 861 524; x_wconf 84' lang='lat' dir='ltr'>taliter</span> <span class='ocrx_word' id='word_1_81' title='bbox 888 495 1058 534; x_wconf 85' lang='lat' dir='ltr'>negocium</span> <span class='ocrx_word' id='word_1_82' title='bbox 1083 497 1224 524; x_wconf 88' lang='lat' dir='ltr'>nostrum</span> <span class='ocrx_word' id='word_1_83' title='bbox 1247 495 1462 535; x_wconf 79' lang='lat' dir='ltr'>disponemus,</span> <span class='ocrx_word' id='word_1_84' title='bbox 1488 494 1572 535; x_wconf 83' lang='lat' dir='ltr'>quod</span> <span class='ocrx_word' id='word_1_85' title='bbox 1590 495 1780 525; x_wconf 85' lang='lat' dir='ltr'>continuatis</span> 
     </span>
     <span class='ocr_line' id='line_1_16' title="bbox 136 545 1376 589; baseline -0.002 -11"><span class='ocrx_word' id='word_1_86' title='bbox 136 547 337 589; x_wconf 81' lang='lat' dir='ltr'>processibus</span> <span class='ocrx_word' id='word_1_87' title='bbox 361 546 401 576; x_wconf 86' lang='lat' dir='ltr'>ad</span> <span class='ocrx_word' id='word_1_88' title='bbox 426 548 535 586; x_wconf 86' lang='lat' dir='ltr'>partes</span> <span class='ocrx_word' id='word_1_89' title='bbox 558 545 710 576; x_wconf 84' lang='lat' dir='ltr'>Flandrie</span> <span class='ocrx_word' id='word_1_90' title='bbox 734 548 844 575; x_wconf 86' lang='lat' dir='ltr'>contra</span> <span class='ocrx_word' id='word_1_91' title='bbox 868 545 1007 575; x_wconf 85' lang='lat' dir='ltr'>hostium</span> <span class='ocrx_word' id='word_1_92' title='bbox 1031 546 1180 586; x_wconf 56' lang='lat' dir='ltr'>agminaa</span> <span class='ocrx_word' id='word_1_93' title='bbox 1203 546 1376 576; x_wconf 76' lang='lat' dir='ltr'>veniemus.</span> 
     </span>
     <span class='ocr_line' id='line_1_17' title="bbox 243 596 1743 637; baseline 0 -9"><span class='ocrx_word' id='word_1_94' title='bbox 243 598 394 629; x_wconf 82' lang='lat' dir='ltr'>Ceterum</span> <span class='ocrx_word' id='word_1_95' title='bbox 419 597 504 628; x_wconf 90' lang='lat' dir='ltr'>diem</span> <span class='ocrx_word' id='word_1_96' title='bbox 529 600 561 628; x_wconf 86' lang='lat' dir='ltr'>et</span> <span class='ocrx_word' id='word_1_97' title='bbox 583 597 694 627; x_wconf 84' lang='lat' dir='ltr'>horam</span> <span class='ocrx_word' id='word_1_98' title='bbox 719 596 991 627; x_wconf 86' lang='lat' dir='ltr'>transfretacionis</span> <span class='ocrx_word' id='word_1_99' title='bbox 1015 597 1100 637; x_wconf 84' lang='lat' dir='ltr'>regis</span> <span class='ocrx_word' id='word_1_100' title='bbox 1125 596 1241 637; x_wconf 79' lang='lat' dir='ltr'>Anglie</span> <span class='ocrx_word' id='word_1_101' title='bbox 1266 597 1356 627; x_wconf 91' lang='lat' dir='ltr'>nobis</span> <span class='ocrx_word' id='word_1_102' title='bbox 1380 598 1527 628; x_wconf 86' lang='lat' dir='ltr'>continuo</span> <span class='ocrx_word' id='word_1_103' title='bbox 1553 598 1743 628; x_wconf 75' lang='lat' dir='ltr'>rescribatis.</span> 
     </span>
    </p>
   </div>
   <div class='ocr_carea' id='block_1_13' title="bbox 241 657 569 698">
    <p class='ocr_par' dir='ltr' id='par_1_13' title="bbox 241 657 569 698">
     <span class='ocr_line' id='line_1_18' title="bbox 241 657 569 698; baseline -0.003 -10"><span class='ocrx_word' id='word_1_104' title='bbox 241 657 361 688; x_wconf 56' lang='lat' dir='ltr'>Dassllnl</span> <span class='ocrx_word' id='word_1_105' title='bbox 385 661 420 687; x_wconf 80' lang='lat' dir='ltr'>ut</span> <span class='ocrx_word' id='word_1_106' title='bbox 443 668 538 698; x_wconf 73' lang='lat' dir='ltr'>Sllpl&#39;a</span> <span class='ocrx_word' id='word_1_107' title='bbox 550 658 569 686; x_wconf 74' lang='lat'>¹.</span> 
     </span>
    </p>
   </div>
   <div class='ocr_carea' id='block_1_14' title="bbox 193 779 1722 883">
    <p class='ocr_par' dir='ltr' id='par_1_14' title="bbox 193 779 1722 883">
     <span class='ocr_line' id='line_1_19' title="bbox 193 779 1722 834; baseline 0 -1"><span class='ocrx_word' id='word_1_108' title='bbox 193 802 268 834; x_wconf 72' lang='lat'>576.</span> <span class='ocrx_word' id='word_1_109' title='bbox 304 800 716 833; x_wconf 73' lang='lat' dir='ltr'><em>PROCURATORIUM</em></span> <span class='ocrx_word' id='word_1_110' title='bbox 742 779 885 832; x_wconf 66' lang='lat' dir='ltr'><em>REGIS</em></span> <span class='ocrx_word' id='word_1_111' title='bbox 912 801 1160 832; x_wconf 77' lang='lat' dir='ltr'><em>FRANCIAE</em></span> <span class='ocrx_word' id='word_1_112' title='bbox 1186 800 1254 831; x_wconf 81' lang='lat' dir='ltr'>DE</span> <span class='ocrx_word' id='word_1_113' title='bbox 1280 801 1404 832; x_wconf 75' lang='lat' dir='ltr'><strong><em>PACE</em></strong></span> <span class='ocrx_word' id='word_1_114' title='bbox 1434 802 1722 833; x_wconf 59' lang='lat' dir='ltr'><em>TRACTANDA.</em></span> 
     </span>
     <span class='ocr_line' id='line_1_20' title="bbox 889 852 1028 883; baseline 0 -1"><span class='ocrx_word' id='word_1_115' title='bbox 889 852 951 883; x_wconf 75' lang='lat' dir='ltr'><em>Iul.</em></span> <span class='ocrx_word' id='word_1_116' title='bbox 977 854 1028 883; x_wconf 76' lang='lat'>30.</span> 
     </span>
    </p>
   </div>
   <div class='ocr_carea' id='block_1_15' title="bbox 137 911 1782 1107">
    <p class='ocr_par' dir='ltr' id='par_1_15' title="bbox 137 911 1782 1107">
     <span class='ocr_line' id='line_1_21' title="bbox 242 911 1781 950; baseline -0.001 -7"><span class='ocrx_word' id='word_1_117' title='bbox 242 913 314 944; x_wconf 77' lang='lat' dir='ltr'>Iam</span> <span class='ocrx_word' id='word_1_118' title='bbox 337 912 409 943; x_wconf 80' lang='lat' dir='ltr'>olim</span> <span class='ocrx_word' id='word_1_119' title='bbox 433 911 617 950; x_wconf 66' lang='lat' dir='ltr'>exemplavit</span> <span class='ocrx_word' id='word_1_120' title='bbox 639 912 743 943; x_wconf 47' lang='lat' dir='ltr'>{Vale</span> <span class='ocrx_word' id='word_1_121' title='bbox 766 923 803 942; x_wconf 63' lang='lat' dir='ltr'>ea·</span> <span class='ocrx_word' id='word_1_122' title='bbox 826 914 1018 943; x_wconf 75' lang='lat' dir='ltr'>trcmssnmto</span> <span class='ocrx_word' id='word_1_123' title='bbox 1040 922 1146 943; x_wconf 69' lang='lat' dir='ltr'>coaevo</span> <span class='ocrx_word' id='word_1_124' title='bbox 1170 911 1323 942; x_wconf 69' lang='grc' dir='ltr'>ίιᾷιῑιῑιίιινίί</span> <span class='ocrx_word' id='word_1_125' title='bbox 1340 911 1485 943; x_wconf 73' lang='grc' dir='ltr'><em>Ρανὶειήἱ</em></span> <span class='ocrx_word' id='word_1_126' title='bbox 1508 914 1637 943; x_wconf 52' lang='lat' dir='ltr'>*morton</span> <span class='ocrx_word' id='word_1_127' title='bbox 1662 914 1693 944; x_wconf 85' lang='lat' dir='ltr'>J.</span> <span class='ocrx_word' id='word_1_128' title='bbox 1711 915 1781 943; x_wconf 64' lang='lat'>610&#39;</span> 
     </span>
     <span class='ocr_line' id='line_1_22' title="bbox 137 963 1780 1005; baseline -0.001 -9"><span class='ocrx_word' id='word_1_129' title='bbox 137 976 184 996; x_wconf 78' lang='grc' dir='ltr'>ην.</span> <span class='ocrx_word' id='word_1_130' title='bbox 199 967 239 995; x_wconf 76' lang='lat'>16</span> <span class='ocrx_word' id='word_1_131' title='bbox 254 965 309 1005; x_wconf 88' lang='lat'>(=</span> <span class='ocrx_word' id='word_1_132' title='bbox 332 963 552 996; x_wconf 65' lang='lat' dir='ltr'>We&#39;nlcelmamz</span> <span class='ocrx_word' id='word_1_133' title='bbox 576 963 666 994; x_wconf 72' lang='lat' dir='ltr'>‘Acta</span> <span class='ocrx_word' id='word_1_134' title='bbox 685 964 807 1002; x_wconf 71' lang='lat' dir='ltr'>imperil</span> <span class='ocrx_word' id='word_1_135' title='bbox 825 964 951 994; x_wconf 68' lang='lat' dir='ltr'>inedita*</span> <span class='ocrx_word' id='word_1_136' title='bbox 976 964 1024 1001; x_wconf 84' lang='lat' dir='ltr'>H,</span> <span class='ocrx_word' id='word_1_137' title='bbox 1040 965 1102 994; x_wconf 74' lang='lat'>753</span> <span class='ocrx_word' id='word_1_138' title='bbox 1125 964 1294 1000; x_wconf 76' lang='lat' dir='ltr'>nr.1079).</span> <span class='ocrx_word' id='word_1_139' title='bbox 1340 963 1454 994; x_wconf 67' lang='lat' dir='ltr'>Denuo</span> <span class='ocrx_word' id='word_1_140' title='bbox 1479 964 1670 1002; x_wconf 67' lang='lat' dir='ltr'>inspeximus</span> <span class='ocrx_word' id='word_1_141' title='bbox 1691 976 1780 995; x_wconf 65' lang='lat' dir='ltr'>mem-</span> 
     </span>
     <span class='ocr_line' id='line_1_23' title="bbox 138 1015 1782 1055; baseline -0.001 -8"><span class='ocrx_word' id='word_1_142' title='bbox 138 1017 276 1053; x_wconf 75' lang='lat' dir='ltr'>branam,</span> <span class='ocrx_word' id='word_1_143' title='bbox 294 1016 385 1046; x_wconf 72' lang='lat' dir='ltr'>cuins</span> <span class='ocrx_word' id='word_1_144' title='bbox 401 1015 536 1055; x_wconf 70' lang='lat' dir='ltr'>sv&#39;yz&#39;llum</span> <span class='ocrx_word' id='word_1_145' title='bbox 554 1016 645 1052; x_wconf 71' lang='lat' dir='ltr'>deest,</span> <span class='ocrx_word' id='word_1_146' title='bbox 663 1015 726 1047; x_wconf 79' lang='lat' dir='ltr'>loro</span> <span class='ocrx_word' id='word_1_147' title='bbox 743 1016 974 1047; x_wconf 74' lang='lat' dir='ltr'>membranaceo</span> <span class='ocrx_word' id='word_1_148' title='bbox 987 1016 1100 1046; x_wconf 70' lang='lat' dir='ltr'>relicto.</span> <span class='ocrx_word' id='word_1_149' title='bbox 1135 1015 1184 1046; x_wconf 75' lang='lat' dir='ltr'>Dc</span> <span class='ocrx_word' id='word_1_150' title='bbox 1200 1015 1321 1045; x_wconf 78' lang='lat' dir='ltr'>ratione</span> <span class='ocrx_word' id='word_1_151' title='bbox 1334 1016 1373 1052; x_wconf 82' lang='lat' dir='ltr'>cf.</span> <span class='ocrx_word' id='word_1_152' title='bbox 1385 1015 1590 1055; x_wconf 70' lang='lat' dir='ltr'>Beryenyrim</span> <span class='ocrx_word' id='word_1_153' title='bbox 1607 1016 1670 1046; x_wconf 79' lang='lat' dir='ltr'>loco</span> <span class='ocrx_word' id='word_1_154' title='bbox 1683 1027 1782 1054; x_wconf 66' lang='lat' dir='ltr'>supra</span> 
     </span>
     <span class='ocr_line' id='line_1_24' title="bbox 137 1065 1696 1107; baseline -0.001 -9"><span class='ocrx_word' id='word_1_155' title='bbox 137 1067 179 1098; x_wconf 75' lang='lat' dir='ltr'>acl</span> <span class='ocrx_word' id='word_1_156' title='bbox 193 1078 241 1098; x_wconf 77' lang='lat' dir='ltr'>nr.</span> <span class='ocrx_word' id='word_1_157' title='bbox 256 1068 318 1098; x_wconf 80' lang='lat'>527</span> <span class='ocrx_word' id='word_1_158' title='bbox 334 1068 428 1098; x_wconf 72' lang='lat' dir='ltr'>citato</span> <span class='ocrx_word' id='word_1_159' title='bbox 446 1077 521 1106; x_wconf 73' lang='lat' dir='ltr'>pay.</span> <span class='ocrx_word' id='word_1_160' title='bbox 536 1070 555 1097; x_wconf 82' lang='lat'><em>7</em></span> <span class='ocrx_word' id='word_1_161' title='bbox 557 1068 586 1098; x_wconf 75' lang='grc'>8.</span> <span class='ocrx_word' id='word_1_162' title='bbox 603 1085 645 1088; x_wconf 85' lang='lat'>-—</span> <span class='ocrx_word' id='word_1_163' title='bbox 660 1067 806 1105; x_wconf 55' lang='lat' dir='ltr'>Rolnam,</span> <span class='ocrx_word' id='word_1_164' title='bbox 825 1067 898 1107; x_wconf 61' lang='lat' dir='ltr'>Regs.</span> <span class='ocrx_word' id='word_1_165' title='bbox 914 1068 1126 1097; x_wconf 69' lang='lat'><strong><em>1246-1313</em></strong></span> <span class='ocrx_word' id='word_1_166' title='bbox 1143 1065 1372 1097; x_wconf 71' lang='lat' dir='ltr'>Rciclessachen</span> <span class='ocrx_word' id='word_1_167' title='bbox 1384 1067 1455 1097; x_wconf 72' lang='lat'>215.</span> <span class='ocrx_word' id='word_1_168' title='bbox 1520 1066 1572 1105; x_wconf 85' lang='lat' dir='ltr'>(P.</span> <span class='ocrx_word' id='word_1_169' title='bbox 1590 1067 1696 1106; x_wconf 67' lang='lat' dir='ltr'>deest.)</span> 
     </span>
    </p>
   </div>
   <div class='ocr_carea' id='block_1_16' title="bbox 138 1161 1784 1417">
    <p class='ocr_par' dir='ltr' id='par_1_16' title="bbox 139 1161 1782 1243">
     <span class='ocr_line' id='line_1_25' title="bbox 242 1161 1782 1203; baseline -0.001 -11"><span class='ocrx_word' id='word_1_170' title='bbox 242 1161 437 1203; x_wconf 84' lang='lat' dir='ltr'>Ph(ilippus)</span> <span class='ocrx_word' id='word_1_171' title='bbox 461 1161 523 1192; x_wconf 92' lang='lat' dir='ltr'>Dei</span> <span class='ocrx_word' id='word_1_172' title='bbox 555 1162 658 1202; x_wconf 80' lang='lat' dir='ltr'>gratia</span> <span class='ocrx_word' id='word_1_173' title='bbox 687 1161 913 1201; x_wconf 66' lang='lat' dir='ltr'>Francsorum)</span> <span class='ocrx_word' id='word_1_174' title='bbox 938 1172 995 1192; x_wconf 85' lang='lat' dir='ltr'>rex</span> <span class='ocrx_word' id='word_1_175' title='bbox 1063 1162 1218 1192; x_wconf 83' lang='lat' dir='ltr'>universis</span> <span class='ocrx_word' id='word_1_176' title='bbox 1248 1165 1415 1201; x_wconf 79' lang='lat' dir='ltr'>presentes</span> <span class='ocrx_word' id='word_1_177' title='bbox 1446 1161 1569 1191; x_wconf 75' lang='lat' dir='ltr'>litteras</span> <span class='ocrx_word' id='word_1_178' title='bbox 1593 1161 1782 1201; x_wconf 88' lang='lat' dir='ltr'>inspecturis</span> 
     </span>
     <span class='ocr_line' id='line_1_26' title="bbox 139 1213 282 1243; baseline 0 0"><span class='ocrx_word' id='word_1_179' title='bbox 139 1213 282 1243; x_wconf 82' lang='lat' dir='ltr'>salutem.</span> 
     </span>
    </p>

    <p class='ocr_par' dir='ltr' id='par_1_17' title="bbox 138 1272 1784 1417">
     <span class='ocr_line' id='line_1_27' title="bbox 243 1272 1782 1314; baseline -0.001 -11"><span class='ocrx_word' id='word_1_180' title='bbox 243 1273 289 1313; x_wconf 71' lang='lat'>(1)</span> <span class='ocrx_word' id='word_1_181' title='bbox 321 1272 436 1303; x_wconf 84' lang='lat' dir='ltr'>Coram</span> <span class='ocrx_word' id='word_1_182' title='bbox 461 1272 632 1303; x_wconf 81' lang='lat' dir='ltr'>ineffabilis</span> <span class='ocrx_word' id='word_1_183' title='bbox 656 1273 800 1303; x_wconf 86' lang='lat' dir='ltr'>veritatis</span> <span class='ocrx_word' id='word_1_184' title='bbox 828 1276 910 1303; x_wconf 85' lang='lat' dir='ltr'>teste</span> <span class='ocrx_word' id='word_1_185' title='bbox 940 1273 1094 1304; x_wconf 86' lang='lat' dir='ltr'>fatemur.</span> <span class='ocrx_word' id='word_1_186' title='bbox 1126 1273 1211 1313; x_wconf 83' lang='lat' dir='ltr'>quod</span> <span class='ocrx_word' id='word_1_187' title='bbox 1239 1274 1280 1303; x_wconf 84' lang='lat' dir='ltr'>ab</span> <span class='ocrx_word' id='word_1_188' title='bbox 1309 1274 1385 1314; x_wconf 79' lang='lat' dir='ltr'>ipsis</span> <span class='ocrx_word' id='word_1_189' title='bbox 1415 1277 1520 1303; x_wconf 83' lang='lat' dir='ltr'>nostre</span> <span class='ocrx_word' id='word_1_190' title='bbox 1546 1273 1782 1303; x_wconf 83' lang='lat' dir='ltr'>sublimacionis</span> 
     </span>
     <span class='ocr_line' id='line_1_28' title="bbox 139 1324 1784 1366; baseline 0.001 -12"><span class='ocrx_word' id='word_1_191' title='bbox 139 1324 285 1365; x_wconf 79' lang='lat' dir='ltr'>auspiciis</span> <span class='ocrx_word' id='word_1_192' title='bbox 322 1324 362 1354; x_wconf 87' lang='lat' dir='ltr'>ad</span> <span class='ocrx_word' id='word_1_193' title='bbox 398 1324 486 1365; x_wconf 82' lang='lat' dir='ltr'>regie</span> <span class='ocrx_word' id='word_1_194' title='bbox 528 1324 658 1365; x_wconf 83' lang='lat' dir='ltr'>fastigia</span> <span class='ocrx_word' id='word_1_195' title='bbox 694 1324 858 1365; x_wconf 75' lang='lat' dir='ltr'>dignitatis</span> <span class='ocrx_word' id='word_1_196' title='bbox 892 1324 933 1355; x_wconf 90' lang='lat' dir='ltr'>ad</span> <span class='ocrx_word' id='word_1_197' title='bbox 966 1326 1067 1355; x_wconf 88' lang='lat' dir='ltr'>tocius</span> <span class='ocrx_word' id='word_1_198' title='bbox 1101 1325 1339 1356; x_wconf 77' lang='lat' dir='ltr'>christianitatis</span> <span class='ocrx_word' id='word_1_199' title='bbox 1376 1329 1493 1356; x_wconf 85' lang='lat' dir='ltr'>statum</span> <span class='ocrx_word' id='word_1_200' title='bbox 1530 1336 1715 1366; x_wconf 87' lang='lat' dir='ltr'>prosperum</span> <span class='ocrx_word' id='word_1_201' title='bbox 1752 1330 1784 1355; x_wconf 86' lang='lat' dir='ltr'>et</span> 
     </span>
     <span class='ocr_line' id='line_1_29' title="bbox 138 1375 1783 1417; baseline 0 -11"><span class='ocrx_word' id='word_1_202' title='bbox 138 1375 341 1417; x_wconf 88' lang='lat' dir='ltr'>tranquillum</span> <span class='ocrx_word' id='word_1_203' title='bbox 371 1376 446 1406; x_wconf 83' lang='lat' dir='ltr'>totis</span> <span class='ocrx_word' id='word_1_204' title='bbox 476 1375 644 1406; x_wconf 84' lang='lat' dir='ltr'>desideriis</span> <span class='ocrx_word' id='word_1_205' title='bbox 668 1376 862 1416; x_wconf 71' lang='lat' dir='ltr'>aspirantes,</span> <span class='ocrx_word' id='word_1_206' title='bbox 896 1376 936 1406; x_wconf 88' lang='lat' dir='ltr'>ad</span> <span class='ocrx_word' id='word_1_207' title='bbox 964 1376 1024 1407; x_wconf 93' lang='lat' dir='ltr'>hoc</span> <span class='ocrx_word' id='word_1_208' title='bbox 1049 1377 1201 1416; x_wconf 84' lang='lat' dir='ltr'>precipue</span> <span class='ocrx_word' id='word_1_209' title='bbox 1227 1376 1331 1407; x_wconf 81' lang='lat' dir='ltr'>studia</span> <span class='ocrx_word' id='word_1_210' title='bbox 1355 1380 1462 1407; x_wconf 80' lang='lat' dir='ltr'>nostra</span> <span class='ocrx_word' id='word_1_211' title='bbox 1487 1377 1715 1415; x_wconf 68' lang='lat' dir='ltr'>convertimus,</span> <span class='ocrx_word' id='word_1_212' title='bbox 1749 1380 1783 1407; x_wconf 90' lang='lat' dir='ltr'>ut</span> 
     </span>
    </p>
   </div>
   <div class='ocr_carea' id='block_1_17' title="bbox 135 1426 1783 1468">
    <p class='ocr_par' dir='ltr' id='par_1_18' title="bbox 135 1426 1783 1468">
     <span class='ocr_line' id='line_1_30' title="bbox 135 1426 1783 1468; baseline 0.001 -11"><span class='ocrx_word' id='word_1_213' title='bbox 135 1427 261 1457; x_wconf 74' lang='lat' dir='ltr'>‘iusticie</span> <span class='ocrx_word' id='word_1_214' title='bbox 286 1426 430 1457; x_wconf 88' lang='lat' dir='ltr'>debitum</span> <span class='ocrx_word' id='word_1_215' title='bbox 448 1437 649 1457; x_wconf 81' lang='lat' dir='ltr'>servaremus</span> <span class='ocrx_word' id='word_1_216' title='bbox 673 1427 714 1457; x_wconf 90' lang='lat' dir='ltr'>ad</span> <span class='ocrx_word' id='word_1_217' title='bbox 738 1427 879 1468; x_wconf 83' lang='lat' dir='ltr'>singulos</span> <span class='ocrx_word' id='word_1_218' title='bbox 904 1431 936 1458; x_wconf 86' lang='lat' dir='ltr'>et</span> <span class='ocrx_word' id='word_1_219' title='bbox 960 1438 1031 1458; x_wconf 90' lang='lat' dir='ltr'>cum</span> <span class='ocrx_word' id='word_1_220' title='bbox 1056 1428 1176 1458; x_wconf 86' lang='lat' dir='ltr'>cunctis</span> <span class='ocrx_word' id='word_1_221' title='bbox 1199 1427 1274 1458; x_wconf 88' lang='lat' dir='ltr'>fidei</span> <span class='ocrx_word' id='word_1_222' title='bbox 1299 1428 1479 1458; x_wconf 84' lang='lat' dir='ltr'>orthodoxe</span> <span class='ocrx_word' id='word_1_223' title='bbox 1498 1428 1671 1458; x_wconf 86' lang='lat' dir='ltr'>cultoribus</span> <span class='ocrx_word' id='word_1_224' title='bbox 1695 1429 1783 1468; x_wconf 83' lang='lat' dir='ltr'>pacis</span> 
     </span>
    </p>
   </div>
   <div class='ocr_carea' id='block_1_18' title="bbox 137 1478 1785 2544">
    <p class='ocr_par' dir='ltr' id='par_1_19' title="bbox 137 1478 1785 2544">
     <span class='ocr_line' id='line_1_31' title="bbox 140 1478 1784 1520; baseline 0.001 -12"><span class='ocrx_word' id='word_1_225' title='bbox 140 1481 171 1509; x_wconf 88' lang='lat' dir='ltr'>et</span> <span class='ocrx_word' id='word_1_226' title='bbox 194 1478 363 1509; x_wconf 84' lang='lat' dir='ltr'>concordie</span> <span class='ocrx_word' id='word_1_227' title='bbox 391 1479 547 1508; x_wconf 85' lang='lat' dir='ltr'>unitatem</span> <span class='ocrx_word' id='word_1_228' title='bbox 572 1478 700 1509; x_wconf 88' lang='lat' dir='ltr'>favente</span> <span class='ocrx_word' id='word_1_229' title='bbox 727 1478 863 1509; x_wconf 91' lang='lat' dir='ltr'>Domino</span> <span class='ocrx_word' id='word_1_230' title='bbox 887 1478 1090 1509; x_wconf 87' lang='lat' dir='ltr'>haberemus.</span> <span class='ocrx_word' id='word_1_231' title='bbox 1138 1478 1202 1509; x_wconf 78' lang='lat' dir='ltr'>Sed</span> <span class='ocrx_word' id='word_1_232' title='bbox 1230 1482 1265 1508; x_wconf 86' lang='lat' dir='ltr'>ut</span> <span class='ocrx_word' id='word_1_233' title='bbox 1288 1479 1370 1509; x_wconf 87' lang='lat' dir='ltr'>inter</span> <span class='ocrx_word' id='word_1_234' title='bbox 1393 1489 1450 1509; x_wconf 87' lang='lat' dir='ltr'>nos</span> <span class='ocrx_word' id='word_1_235' title='bbox 1475 1484 1507 1509; x_wconf 89' lang='lat' dir='ltr'>et</span> <span class='ocrx_word' id='word_1_236' title='bbox 1531 1479 1609 1509; x_wconf 79' lang='lat' dir='ltr'>alios</span> <span class='ocrx_word' id='word_1_237' title='bbox 1634 1490 1727 1520; x_wconf 84' lang='lat' dir='ltr'>reges</span> <span class='ocrx_word' id='word_1_238' title='bbox 1752 1483 1784 1509; x_wconf 87' lang='lat' dir='ltr'>et</span> 
     </span>
     <span class='ocr_line' id='line_1_32' title="bbox 138 1529 1782 1571; baseline 0 -11"><span class='ocrx_word' id='word_1_239' title='bbox 138 1530 296 1571; x_wconf 85' lang='lat' dir='ltr'>principes</span> <span class='ocrx_word' id='word_1_240' title='bbox 325 1529 513 1560; x_wconf 85' lang='lat' dir='ltr'>christianos</span> <span class='ocrx_word' id='word_1_241' title='bbox 543 1530 632 1570; x_wconf 84' lang='lat' dir='ltr'>pacis</span> <span class='ocrx_word' id='word_1_242' title='bbox 664 1533 695 1560; x_wconf 87' lang='lat' dir='ltr'>ct</span> <span class='ocrx_word' id='word_1_243' title='bbox 725 1530 847 1560; x_wconf 88' lang='lat' dir='ltr'>sincere</span> <span class='ocrx_word' id='word_1_244' title='bbox 877 1531 1018 1561; x_wconf 86' lang='lat' dir='ltr'>caritatis</span> <span class='ocrx_word' id='word_1_245' title='bbox 1046 1531 1212 1571; x_wconf 82' lang='lat' dir='ltr'>integritas</span> <span class='ocrx_word' id='word_1_246' title='bbox 1242 1531 1362 1570; x_wconf 83' lang='lat' dir='ltr'>vigeat,</span> <span class='ocrx_word' id='word_1_247' title='bbox 1398 1540 1435 1560; x_wconf 91' lang='lat' dir='ltr'>eo</span> <span class='ocrx_word' id='word_1_248' title='bbox 1467 1531 1586 1570; x_wconf 83' lang='lat' dir='ltr'>pociori</span> <span class='ocrx_word' id='word_1_249' title='bbox 1622 1530 1782 1561; x_wconf 88' lang='lat' dir='ltr'>desiderio</span> 
     </span>
     <span class='ocr_line' id='line_1_33' title="bbox 140 1581 1784 1622; baseline 0 -11"><span class='ocrx_word' id='word_1_250' title='bbox 140 1581 296 1620; x_wconf 76' lang='lat' dir='ltr'>ducimur,</span> <span class='ocrx_word' id='word_1_251' title='bbox 328 1592 390 1622; x_wconf 90' lang='lat' dir='ltr'>quo</span> <span class='ocrx_word' id='word_1_252' title='bbox 416 1592 456 1611; x_wconf 86' lang='lat' dir='ltr'>ex</span> <span class='ocrx_word' id='word_1_253' title='bbox 479 1581 619 1611; x_wconf 83' lang='lat' dir='ltr'>unanimi</span> <span class='ocrx_word' id='word_1_254' title='bbox 643 1581 808 1612; x_wconf 83' lang='lat' dir='ltr'>voluntate</span> <span class='ocrx_word' id='word_1_255' title='bbox 833 1591 945 1622; x_wconf 84' lang='lat' dir='ltr'>regum</span> <span class='ocrx_word' id='word_1_256' title='bbox 970 1585 1001 1611; x_wconf 91' lang='lat' dir='ltr'>et</span> <span class='ocrx_word' id='word_1_257' title='bbox 1025 1582 1203 1622; x_wconf 85' lang='lat' dir='ltr'>principum</span> <span class='ocrx_word' id='word_1_258' title='bbox 1228 1585 1426 1611; x_wconf 81' lang='lat' dir='ltr'>terrenorum</span> <span class='ocrx_word' id='word_1_259' title='bbox 1451 1581 1569 1612; x_wconf 82' lang='lat' dir='ltr'>fructus</span> <span class='ocrx_word' id='word_1_260' title='bbox 1594 1582 1784 1622; x_wconf 83' lang='lat' dir='ltr'>proveniunt</span> 
     </span>
     <span class='ocr_line' id='line_1_34' title="bbox 137 1632 1783 1673; baseline -0.001 -10"><span class='ocrx_word' id='word_1_261' title='bbox 137 1633 291 1673; x_wconf 83' lang='lat' dir='ltr'>gratiores</span> <span class='ocrx_word' id='word_1_262' title='bbox 321 1643 357 1663; x_wconf 89' lang='lat' dir='ltr'>ac</span> <span class='ocrx_word' id='word_1_263' title='bbox 382 1633 627 1673; x_wconf 87' lang='lat' dir='ltr'>periculosiores</span> <span class='ocrx_word' id='word_1_264' title='bbox 660 1635 792 1662; x_wconf 85' lang='lat' dir='ltr'>eventus</span> <span class='ocrx_word' id='word_1_265' title='bbox 824 1643 863 1662; x_wconf 84' lang='lat' dir='ltr'>ex</span> <span class='ocrx_word' id='word_1_266' title='bbox 893 1643 1003 1663; x_wconf 91' lang='lat' dir='ltr'>eorum</span> <span class='ocrx_word' id='word_1_267' title='bbox 1029 1632 1278 1663; x_wconf 87' lang='lat' dir='ltr'>dissensionibus</span> <span class='ocrx_word' id='word_1_268' title='bbox 1307 1634 1398 1673; x_wconf 85' lang='lat' dir='ltr'>sequi</span> <span class='ocrx_word' id='word_1_269' title='bbox 1425 1634 1537 1663; x_wconf 87' lang='lat' dir='ltr'>solent.</span> <span class='ocrx_word' id='word_1_270' title='bbox 1627 1634 1671 1672; x_wconf 82' lang='lat'>(2)</span> <span class='ocrx_word' id='word_1_271' title='bbox 1697 1632 1783 1662; x_wconf 74' lang='lat' dir='ltr'>Olim</span> 
     </span>
     <span class='ocr_line' id='line_1_35' title="bbox 138 1683 1784 1725; baseline -0.001 -11"><span class='ocrx_word' id='word_1_272' title='bbox 138 1683 292 1724; x_wconf 84' lang='lat' dir='ltr'>siquidem</span> <span class='ocrx_word' id='word_1_273' title='bbox 321 1684 429 1714; x_wconf 89' lang='lat' dir='ltr'>inclito</span> <span class='ocrx_word' id='word_1_274' title='bbox 463 1684 606 1724; x_wconf 85' lang='lat' dir='ltr'>principe</span> <span class='ocrx_word' id='word_1_275' title='bbox 637 1683 817 1724; x_wconf 86' lang='lat' dir='ltr'>A(dolpho)</span> <span class='ocrx_word' id='word_1_276' title='bbox 846 1683 1065 1714; x_wconf 86' lang='lat' dir='ltr'>Romanorum</span> <span class='ocrx_word' id='word_1_277' title='bbox 1094 1694 1185 1724; x_wconf 78' lang='lat' dir='ltr'>rege,</span> <span class='ocrx_word' id='word_1_278' title='bbox 1219 1684 1302 1724; x_wconf 85' lang='lat' dir='ltr'>quod</span> <span class='ocrx_word' id='word_1_279' title='bbox 1337 1684 1582 1725; x_wconf 86' lang='lat' dir='ltr'>predecessores</span> <span class='ocrx_word' id='word_1_280' title='bbox 1613 1685 1711 1714; x_wconf 83' lang='lat' dir='ltr'>nostri</span> <span class='ocrx_word' id='word_1_281' title='bbox 1742 1683 1784 1714; x_wconf 89' lang='lat' dir='ltr'>ad</span> 
     </span>
     <span class='ocr_line' id='line_1_36' title="bbox 139 1735 1783 1776; baseline 0 -11"><span class='ocrx_word' id='word_1_282' title='bbox 139 1735 275 1775; x_wconf 87' lang='lat' dir='ltr'>quedam</span> <span class='ocrx_word' id='word_1_283' title='bbox 298 1736 366 1765; x_wconf 85' lang='lat' dir='ltr'>iura</span> <span class='ocrx_word' id='word_1_284' title='bbox 390 1735 479 1775; x_wconf 79' lang='lat' dir='ltr'>regni</span> <span class='ocrx_word' id='word_1_285' title='bbox 503 1735 550 1765; x_wconf 84' lang='lat' dir='ltr'>sui</span> <span class='ocrx_word' id='word_1_286' title='bbox 573 1745 685 1765; x_wconf 88' lang='lat' dir='ltr'>manus</span> <span class='ocrx_word' id='word_1_287' title='bbox 701 1736 919 1775; x_wconf 83' lang='lat' dir='ltr'>occupatrices</span> <span class='ocrx_word' id='word_1_288' title='bbox 940 1735 1162 1774; x_wconf 76' lang='lat' dir='ltr'>extenderant,</span> <span class='ocrx_word' id='word_1_289' title='bbox 1187 1736 1384 1776; x_wconf 85' lang='lat' dir='ltr'>querclante,</span> <span class='ocrx_word' id='word_1_290' title='bbox 1414 1746 1475 1776; x_wconf 88' lang='lat' dir='ltr'>que</span> <span class='ocrx_word' id='word_1_291' title='bbox 1500 1746 1557 1776; x_wconf 85' lang='lat' dir='ltr'>per</span> <span class='ocrx_word' id='word_1_292' title='bbox 1574 1746 1630 1765; x_wconf 83' lang='lat' dir='ltr'>nos</span> <span class='ocrx_word' id='word_1_293' title='bbox 1648 1735 1783 1766; x_wconf 85' lang='lat' dir='ltr'>detineri</span> 
     </span>
     <span class='ocr_line' id='line_1_37' title="bbox 140 1785 1782 1827; baseline 0 -11"><span class='ocrx_word' id='word_1_294' title='bbox 140 1785 265 1817; x_wconf 86' lang='lat' dir='ltr'>dicebat</span> <span class='ocrx_word' id='word_1_295' title='bbox 289 1786 395 1817; x_wconf 85' lang='lat' dir='ltr'>taliter</span> <span class='ocrx_word' id='word_1_296' title='bbox 419 1786 606 1827; x_wconf 69' lang='lat' dir='ltr'>occupata2,</span> <span class='ocrx_word' id='word_1_297' title='bbox 635 1787 790 1827; x_wconf 84' lang='lat' dir='ltr'>nobisque</span> <span class='ocrx_word' id='word_1_298' title='bbox 820 1786 1059 1817; x_wconf 83' lang='lat' dir='ltr'>racionabiliter</span> <span class='ocrx_word' id='word_1_299' title='bbox 1088 1786 1351 1827; x_wconf 83' lang='lat' dir='ltr'>pretendentibus</span> <span class='ocrx_word' id='word_1_300' title='bbox 1376 1788 1443 1817; x_wconf 70' lang='lat' dir='ltr'>vice</span> <span class='ocrx_word' id='word_1_301' title='bbox 1468 1797 1575 1821; x_wconf 55' lang='lat' dir='ltr'>versa,</span> <span class='ocrx_word' id='word_1_302' title='bbox 1606 1786 1690 1827; x_wconf 86' lang='lat' dir='ltr'>quod</span> <span class='ocrx_word' id='word_1_303' title='bbox 1715 1788 1782 1827; x_wconf 87' lang='lat' dir='ltr'>ipse</span> 
     </span>
     <span class='ocr_line' id='line_1_38' title="bbox 140 1837 1784 1878; baseline -0.001 -10"><span class='ocrx_word' id='word_1_304' title='bbox 140 1847 175 1867; x_wconf 84' lang='lat' dir='ltr'>ac</span> <span class='ocrx_word' id='word_1_305' title='bbox 204 1837 449 1878; x_wconf 88' lang='lat' dir='ltr'>predecessores</span> <span class='ocrx_word' id='word_1_306' title='bbox 480 1838 528 1867; x_wconf 91' lang='lat' dir='ltr'>sui</span> <span class='ocrx_word' id='word_1_307' title='bbox 561 1837 711 1867; x_wconf 86' lang='lat' dir='ltr'>nonnulla</span> <span class='ocrx_word' id='word_1_308' title='bbox 743 1837 782 1868; x_wconf 91' lang='lat' dir='ltr'>de</span> <span class='ocrx_word' id='word_1_309' title='bbox 815 1839 904 1878; x_wconf 82' lang='lat' dir='ltr'>regni</span> <span class='ocrx_word' id='word_1_310' title='bbox 932 1838 1031 1868; x_wconf 84' lang='lat' dir='ltr'>nostri</span> <span class='ocrx_word' id='word_1_311' title='bbox 1062 1838 1182 1868; x_wconf 87' lang='lat' dir='ltr'>iuribus</span> <span class='ocrx_word' id='word_1_312' title='bbox 1207 1841 1415 1878; x_wconf 69' lang='lat' dir='ltr'>occuparant,</span> <span class='ocrx_word' id='word_1_313' title='bbox 1444 1849 1481 1868; x_wconf 88' lang='lat' dir='ltr'>ac</span> <span class='ocrx_word' id='word_1_314' title='bbox 1506 1842 1677 1878; x_wconf 87' lang='lat' dir='ltr'>propterea</span> <span class='ocrx_word' id='word_1_315' title='bbox 1702 1838 1784 1868; x_wconf 90' lang='lat' dir='ltr'>inter</span> 
     </span>
     <span class='ocr_line' id='line_1_39' title="bbox 139 1888 1782 1930; baseline 0.001 -12"><span class='ocrx_word' id='word_1_316' title='bbox 139 1899 193 1918; x_wconf 87' lang='lat' dir='ltr'>nos</span> <span class='ocrx_word' id='word_1_317' title='bbox 223 1891 255 1919; x_wconf 88' lang='lat' dir='ltr'>et</span> <span class='ocrx_word' id='word_1_318' title='bbox 286 1899 394 1930; x_wconf 82' lang='lat' dir='ltr'>regem</span> <span class='ocrx_word' id='word_1_319' title='bbox 428 1888 565 1920; x_wconf 88' lang='lat' dir='ltr'>eundem</span> <span class='ocrx_word' id='word_1_320' title='bbox 594 1890 730 1919; x_wconf 85' lang='lat' dir='ltr'>materia</span> <span class='ocrx_word' id='word_1_321' title='bbox 760 1889 964 1919; x_wconf 86' lang='lat' dir='ltr'>dissensionis</span> <span class='ocrx_word' id='word_1_322' title='bbox 989 1892 1117 1928; x_wconf 73' lang='lat' dir='ltr'>exorta,</span> <span class='ocrx_word' id='word_1_323' title='bbox 1148 1901 1203 1919; x_wconf 84' lang='lat' dir='ltr'>nos</span> <span class='ocrx_word' id='word_1_324' title='bbox 1234 1889 1468 1930; x_wconf 82' lang='lat' dir='ltr'>fidedignorum</span> <span class='ocrx_word' id='word_1_325' title='bbox 1498 1889 1711 1920; x_wconf 77' lang='lat' dir='ltr'>relacionibus</span> <span class='ocrx_word' id='word_1_326' title='bbox 1735 1890 1782 1919; x_wconf 92' lang='lat' dir='ltr'>in-</span> 
     </span>
     <span class='ocr_line' id='line_1_40' title="bbox 139 1939 1784 1981; baseline 0.001 -12"><span class='ocrx_word' id='word_1_327' title='bbox 139 1939 276 1980; x_wconf 82' lang='lat' dir='ltr'>tellecto,</span> <span class='ocrx_word' id='word_1_328' title='bbox 293 1940 378 1981; x_wconf 91' lang='lat' dir='ltr'>quod</span> <span class='ocrx_word' id='word_1_329' title='bbox 394 1951 451 1971; x_wconf 87' lang='lat' dir='ltr'>rex</span> <span class='ocrx_word' id='word_1_330' title='bbox 468 1940 536 1980; x_wconf 88' lang='lat' dir='ltr'>ipse</span> <span class='ocrx_word' id='word_1_331' title='bbox 555 1940 759 1971; x_wconf 88' lang='lat' dir='ltr'>considerans</span> <span class='ocrx_word' id='word_1_332' title='bbox 777 1944 809 1971; x_wconf 90' lang='lat' dir='ltr'>et</span> <span class='ocrx_word' id='word_1_333' title='bbox 825 1941 999 1981; x_wconf 90' lang='lat' dir='ltr'>prudenter</span> <span class='ocrx_word' id='word_1_334' title='bbox 1017 1941 1196 1977; x_wconf 80' lang='lat' dir='ltr'>attendens,</span> <span class='ocrx_word' id='word_1_335' title='bbox 1215 1941 1298 1981; x_wconf 84' lang='lat' dir='ltr'>quod</span> <span class='ocrx_word' id='word_1_336' title='bbox 1314 1951 1354 1971; x_wconf 89' lang='lat' dir='ltr'>ex</span> <span class='ocrx_word' id='word_1_337' title='bbox 1368 1941 1549 1971; x_wconf 88' lang='lat' dir='ltr'>huiusmodi</span> <span class='ocrx_word' id='word_1_338' title='bbox 1568 1941 1784 1971; x_wconf 75' lang='lat' dir='ltr'>dissensionea</span> 
     </span>
     <span class='ocr_line' id='line_1_41' title="bbox 140 1990 1784 2033; baseline 0.001 -13"><span class='ocrx_word' id='word_1_339' title='bbox 140 1990 292 2022; x_wconf 86' lang='lat' dir='ltr'>decrescit</span> <span class='ocrx_word' id='word_1_340' title='bbox 315 1993 405 2033; x_wconf 86' lang='lat' dir='ltr'>vigor</span> <span class='ocrx_word' id='word_1_341' title='bbox 429 1991 585 2023; x_wconf 84' lang='lat' dir='ltr'>catholice</span> <span class='ocrx_word' id='word_1_342' title='bbox 609 1991 701 2031; x_wconf 88' lang='lat' dir='ltr'>fidei,</span> <span class='ocrx_word' id='word_1_343' title='bbox 732 1993 873 2022; x_wconf 82' lang='lat' dir='ltr'>caritatis</span> <span class='ocrx_word' id='word_1_344' title='bbox 898 1992 1004 2022; x_wconf 86' lang='lat' dir='ltr'>fervor</span> <span class='ocrx_word' id='word_1_345' title='bbox 1027 1992 1191 2031; x_wconf 87' lang='lat' dir='ltr'>minuitur,</span> <span class='ocrx_word' id='word_1_346' title='bbox 1216 1992 1357 2022; x_wconf 86' lang='lat' dir='ltr'>fidelium</span> <span class='ocrx_word' id='word_1_347' title='bbox 1383 1993 1519 2032; x_wconf 84' lang='lat' dir='ltr'>tepescit</span> <span class='ocrx_word' id='word_1_348' title='bbox 1543 1992 1691 2029; x_wconf 82' lang='lat' dir='ltr'>devocio,</span> <span class='ocrx_word' id='word_1_349' title='bbox 1716 1992 1784 2022; x_wconf 89' lang='lat' dir='ltr'>aui-</span> 
     </span>
     <span class='ocr_line' id='line_1_42' title="bbox 139 2042 1783 2084; baseline 0 -12"><span class='ocrx_word' id='word_1_350' title='bbox 139 2052 259 2073; x_wconf 85' lang='lat' dir='ltr'>marum</span> <span class='ocrx_word' id='word_1_351' title='bbox 287 2053 519 2084; x_wconf 82' lang='lat' dir='ltr'>corporumque</span> <span class='ocrx_word' id='word_1_352' title='bbox 554 2043 721 2083; x_wconf 87' lang='lat' dir='ltr'>dispendia</span> <span class='ocrx_word' id='word_1_353' title='bbox 758 2046 790 2073; x_wconf 85' lang='lat' dir='ltr'>et</span> <span class='ocrx_word' id='word_1_354' title='bbox 822 2043 982 2073; x_wconf 79' lang='lat' dir='ltr'>horrenda</span> <span class='ocrx_word' id='word_1_355' title='bbox 1018 2043 1170 2073; x_wconf 80' lang='lat' dir='ltr'>scandala</span> <span class='ocrx_word' id='word_1_356' title='bbox 1200 2043 1436 2083; x_wconf 73' lang='lat' dir='ltr'>subsequuntur</span> <span class='ocrx_word' id='word_1_357' title='bbox 1470 2054 1507 2074; x_wconf 85' lang='lat' dir='ltr'>ac</span> <span class='ocrx_word' id='word_1_358' title='bbox 1536 2043 1635 2074; x_wconf 88' lang='lat' dir='ltr'>Terre</span> <span class='ocrx_word' id='word_1_359' title='bbox 1667 2042 1783 2073; x_wconf 84' lang='lat' dir='ltr'>Sancte</span> 
     </span>
     <span class='ocr_line' id='line_1_43' title="bbox 140 2094 1783 2135; baseline -0.001 -11"><span class='ocrx_word' id='word_1_360' title='bbox 140 2095 270 2134; x_wconf 87' lang='lat' dir='ltr'>negocio</span> <span class='ocrx_word' id='word_1_361' title='bbox 287 2094 475 2125; x_wconf 85' lang='lat' dir='ltr'>multimoda</span> <span class='ocrx_word' id='word_1_362' title='bbox 492 2094 723 2134; x_wconf 87' lang='lat' dir='ltr'>impedimenta</span> <span class='ocrx_word' id='word_1_363' title='bbox 741 2095 941 2135; x_wconf 70' lang='lat' dir='ltr'>proveniunt,</span> <span class='ocrx_word' id='word_1_364' title='bbox 966 2095 1104 2135; x_wconf 83' lang='lat' dir='ltr'>ideoque</span> <span class='ocrx_word' id='word_1_365' title='bbox 1124 2095 1254 2135; x_wconf 83' lang='lat' dir='ltr'>cupiens</span> <span class='ocrx_word' id='word_1_366' title='bbox 1270 2094 1452 2124; x_wconf 85' lang='lat' dir='ltr'>huiusmodi</span> <span class='ocrx_word' id='word_1_367' title='bbox 1470 2094 1614 2125; x_wconf 87' lang='lat' dir='ltr'>devitarc</span> <span class='ocrx_word' id='word_1_368' title='bbox 1631 2094 1783 2135; x_wconf 80' lang='lat' dir='ltr'>pericula,</span> 
     </span>
     <span class='ocr_line' id='line_1_44' title="bbox 140 2144 1784 2186; baseline -0.001 -10"><span class='ocrx_word' id='word_1_369' title='bbox 140 2144 179 2175; x_wconf 83' lang='lat' dir='ltr'>ad</span> <span class='ocrx_word' id='word_1_370' title='bbox 202 2146 288 2186; x_wconf 87' lang='lat' dir='ltr'>pacis</span> <span class='ocrx_word' id='word_1_371' title='bbox 311 2146 394 2176; x_wconf 88' lang='lat' dir='ltr'>inter</span> <span class='ocrx_word' id='word_1_372' title='bbox 416 2156 473 2176; x_wconf 88' lang='lat' dir='ltr'>nos</span> <span class='ocrx_word' id='word_1_373' title='bbox 497 2149 530 2176; x_wconf 89' lang='lat' dir='ltr'>et</span> <span class='ocrx_word' id='word_1_374' title='bbox 552 2147 656 2186; x_wconf 87' lang='lat' dir='ltr'>ipsum</span> <span class='ocrx_word' id='word_1_375' title='bbox 680 2145 883 2176; x_wconf 83' lang='lat' dir='ltr'>reformande</span> <span class='ocrx_word' id='word_1_376' title='bbox 908 2147 1077 2186; x_wconf 82' lang='lat' dir='ltr'>negocium</span> <span class='ocrx_word' id='word_1_377' title='bbox 1102 2156 1174 2175; x_wconf 84' lang='lat' dir='ltr'>suos</span> <span class='ocrx_word' id='word_1_378' title='bbox 1199 2145 1332 2175; x_wconf 79' lang='lat' dir='ltr'>exhibet</span> <span class='ocrx_word' id='word_1_379' title='bbox 1356 2145 1517 2176; x_wconf 84' lang='lat' dir='ltr'>ferventer</span> <span class='ocrx_word' id='word_1_380' title='bbox 1541 2145 1684 2183; x_wconf 77' lang='lat' dir='ltr'>affectus,</span> <span class='ocrx_word' id='word_1_381' title='bbox 1709 2155 1784 2175; x_wconf 87' lang='lat' dir='ltr'>con-</span> 
     </span>
     <span class='ocr_line' id='line_1_45' title="bbox 140 2195 1784 2237; baseline -0.001 -11"><span class='ocrx_word' id='word_1_382' title='bbox 140 2195 333 2227; x_wconf 85' lang='lat' dir='ltr'>sideracione</span> <span class='ocrx_word' id='word_1_383' title='bbox 350 2197 445 2227; x_wconf 90' lang='lat' dir='ltr'>simili</span> <span class='ocrx_word' id='word_1_384' title='bbox 462 2197 581 2237; x_wconf 88' lang='lat' dir='ltr'>talique</span> <span class='ocrx_word' id='word_1_385' title='bbox 600 2196 759 2227; x_wconf 88' lang='lat' dir='ltr'>desiderio</span> <span class='ocrx_word' id='word_1_386' title='bbox 777 2196 897 2226; x_wconf 88' lang='lat' dir='ltr'>vitandi</span> <span class='ocrx_word' id='word_1_387' title='bbox 914 2196 1055 2227; x_wconf 89' lang='lat' dir='ltr'>scandali</span> <span class='ocrx_word' id='word_1_388' title='bbox 1080 2200 1112 2227; x_wconf 89' lang='lat' dir='ltr'>ct</span> <span class='ocrx_word' id='word_1_389' title='bbox 1128 2196 1249 2226; x_wconf 88' lang='lat' dir='ltr'>dissidii</span> <span class='ocrx_word' id='word_1_390' title='bbox 1269 2196 1429 2237; x_wconf 79' lang='lat' dir='ltr'>generalis</span> <span class='ocrx_word' id='word_1_391' title='bbox 1446 2196 1592 2236; x_wconf 74' lang='lat' dir='ltr'>inducti³³,</span> <span class='ocrx_word' id='word_1_392' title='bbox 1660 2196 1784 2226; x_wconf 84' lang='lat' dir='ltr'>dilectis</span> 
     </span>
     <span class='ocr_line' id='line_1_46' title="bbox 141 2246 1783 2278; baseline -0.001 0"><span class='ocrx_word' id='word_1_393' title='bbox 141 2250 171 2277; x_wconf 75' lang='lat' dir='ltr'>et</span> <span class='ocrx_word' id='word_1_394' title='bbox 202 2247 349 2278; x_wconf 85' lang='lat' dir='ltr'>fidelibus</span> <span class='ocrx_word' id='word_1_395' title='bbox 380 2248 495 2278; x_wconf 85' lang='lat' dir='ltr'>nostris</span> <span class='ocrx_word' id='word_1_396' title='bbox 525 2247 663 2278; x_wconf 82' lang='lat' dir='ltr'>Guidoni</span> <span class='ocrx_word' id='word_1_397' title='bbox 700 2248 807 2278; x_wconf 87' lang='lat' dir='ltr'>comiti</span> <span class='ocrx_word' id='word_1_398' title='bbox 841 2247 948 2278; x_wconf 84' lang='lat' dir='ltr'>Sancti</span> <span class='ocrx_word' id='word_1_399' title='bbox 978 2247 1072 2277; x_wconf 90' lang='lat' dir='ltr'>Pauli</span> <span class='ocrx_word' id='word_1_400' title='bbox 1096 2247 1286 2278; x_wconf 84' lang='lat' dir='ltr'>buticulario</span> <span class='ocrx_word' id='word_1_401' title='bbox 1310 2247 1445 2278; x_wconf 88' lang='lat' dir='ltr'>Francie</span> <span class='ocrx_word' id='word_1_402' title='bbox 1475 2251 1506 2277; x_wconf 85' lang='lat' dir='ltr'>ct</span> <span class='ocrx_word' id='word_1_403' title='bbox 1536 2247 1711 2277; x_wconf 70' lang='lat' dir='ltr'>Grodefrido</span> <span class='ocrx_word' id='word_1_404' title='bbox 1744 2246 1783 2276; x_wconf 83' lang='lat' dir='ltr'>dc</span> 
     </span>
     <span class='ocr_line' id='line_1_47' title="bbox 140 2297 1783 2340; baseline 0 -12"><span class='ocrx_word' id='word_1_405' title='bbox 140 2297 316 2329; x_wconf 83' lang='lat' dir='ltr'>Brabancia</span> <span class='ocrx_word' id='word_1_406' title='bbox 332 2299 460 2329; x_wconf 87' lang='lat' dir='ltr'>domino</span> <span class='ocrx_word' id='word_1_407' title='bbox 477 2299 704 2340; x_wconf 85' lang='lat' dir='ltr'>Virsio(nensi)</span> <span class='ocrx_word' id='word_1_408' title='bbox 730 2302 761 2329; x_wconf 87' lang='lat' dir='ltr'>et</span> <span class='ocrx_word' id='word_1_409' title='bbox 785 2299 999 2339; x_wconf 83' lang='lat' dir='ltr'>Arscot(ensi)</span> <span class='ocrx_word' id='word_1_410' title='bbox 1024 2309 1147 2329; x_wconf 84' lang='lat' dir='ltr'>necnon</span> <span class='ocrx_word' id='word_1_411' title='bbox 1171 2298 1269 2329; x_wconf 88' lang='lat' dir='ltr'>nobili</span> <span class='ocrx_word' id='word_1_412' title='bbox 1294 2299 1360 2329; x_wconf 91' lang='lat' dir='ltr'>viro</span> <span class='ocrx_word' id='word_1_413' title='bbox 1378 2298 1538 2329; x_wconf 85' lang='lat' dir='ltr'>Galerano</span> <span class='ocrx_word' id='word_1_414' title='bbox 1563 2299 1670 2328; x_wconf 86' lang='lat' dir='ltr'>comiti</span> <span class='ocrx_word' id='word_1_415' title='bbox 1686 2298 1783 2328; x_wconf 84' lang='lat' dir='ltr'>Iulia-</span> 
     </span>
     <span class='ocr_line' id='line_1_48' title="bbox 141 2348 1782 2391; baseline -0.001 -12"><span class='ocrx_word' id='word_1_416' title='bbox 141 2350 224 2380; x_wconf 89' lang='lat' dir='ltr'>censi</span> <span class='ocrx_word' id='word_1_417' title='bbox 246 2361 282 2380; x_wconf 90' lang='lat' dir='ltr'>ac</span> <span class='ocrx_word' id='word_1_418' title='bbox 308 2375 313 2380; x_wconf 95' lang='lat'><em>.</em></span> <span class='ocrx_word' id='word_1_419' title='bbox 332 2375 338 2381; x_wconf 87' lang='lat'><strong>.</strong></span> <span class='ocrx_word' id='word_1_420' title='bbox 363 2351 526 2391; x_wconf 88' lang='lat' dir='ltr'>preposito</span> <span class='ocrx_word' id='word_1_421' title='bbox 551 2350 686 2381; x_wconf 88' lang='lat' dir='ltr'>ecclesie</span> <span class='ocrx_word' id='word_1_422' title='bbox 705 2350 914 2389; x_wconf 82' lang='lat' dir='ltr'>Coloniensis,</span> <span class='ocrx_word' id='word_1_423' title='bbox 940 2350 979 2380; x_wconf 90' lang='lat' dir='ltr'>de</span> <span class='ocrx_word' id='word_1_424' title='bbox 998 2361 1132 2391; x_wconf 90' lang='lat' dir='ltr'>quorum</span> <span class='ocrx_word' id='word_1_425' title='bbox 1151 2350 1437 2390; x_wconf 75' lang='lat' dir='ltr'>circumspeccionis</span> <span class='ocrx_word' id='word_1_426' title='bbox 1454 2349 1609 2380; x_wconf 82' lang='lat' dir='ltr'>industria</span> <span class='ocrx_word' id='word_1_427' title='bbox 1633 2352 1664 2379; x_wconf 80' lang='lat' dir='ltr'>et</span> <span class='ocrx_word' id='word_1_428' title='bbox 1680 2348 1782 2379; x_wconf 85' lang='lat' dir='ltr'>fideli-</span> 
     </span>
     <span class='ocr_line' id='line_1_49' title="bbox 141 2401 1785 2442; baseline -0.001 -12"><span class='ocrx_word' id='word_1_429' title='bbox 141 2402 205 2430; x_wconf 82' lang='lat' dir='ltr'>tate</span> <span class='ocrx_word' id='word_1_430' title='bbox 228 2401 355 2441; x_wconf 88' lang='lat' dir='ltr'>plenam</span> <span class='ocrx_word' id='word_1_431' title='bbox 379 2402 410 2431; x_wconf 93' lang='lat' dir='ltr'>in</span> <span class='ocrx_word' id='word_1_432' title='bbox 427 2401 566 2432; x_wconf 90' lang='lat' dir='ltr'>Domino</span> <span class='ocrx_word' id='word_1_433' title='bbox 590 2401 734 2432; x_wconf 87' lang='lat' dir='ltr'>fidutiam</span> <span class='ocrx_word' id='word_1_434' title='bbox 760 2402 952 2440; x_wconf 85' lang='lat' dir='ltr'>obtinemus,</span> <span class='ocrx_word' id='word_1_435' title='bbox 977 2401 1135 2432; x_wconf 85' lang='lat' dir='ltr'>tractandi</span> <span class='ocrx_word' id='word_1_436' title='bbox 1160 2401 1199 2432; x_wconf 85' lang='lat' dir='ltr'>dc</span> <span class='ocrx_word' id='word_1_437' title='bbox 1224 2412 1304 2442; x_wconf 89' lang='lat' dir='ltr'>pace</span> <span class='ocrx_word' id='word_1_438' title='bbox 1331 2404 1362 2431; x_wconf 84' lang='lat' dir='ltr'>et</span> <span class='ocrx_word' id='word_1_439' title='bbox 1379 2401 1547 2431; x_wconf 78' lang='lat' dir='ltr'>concordia</span> <span class='ocrx_word' id='word_1_440' title='bbox 1573 2401 1726 2431; x_wconf 82' lang='lat' dir='ltr'>internos</span> <span class='ocrx_word' id='word_1_441' title='bbox 1751 2403 1785 2429; x_wconf 82' lang='lat' dir='ltr'>et</span> 
     </span>
     <span class='ocr_line' id='line_1_50' title="bbox 140 2450 1781 2493; baseline -0.001 -12"><span class='ocrx_word' id='word_1_442' title='bbox 140 2460 247 2491; x_wconf 84' lang='lat' dir='ltr'>regem</span> <span class='ocrx_word' id='word_1_443' title='bbox 270 2452 479 2483; x_wconf 86' lang='lat' dir='ltr'>reformandis</span> <span class='ocrx_word' id='word_1_444' title='bbox 510 2452 647 2483; x_wconf 88' lang='lat' dir='ltr'>eundem</span> <span class='ocrx_word' id='word_1_445' title='bbox 676 2463 713 2483; x_wconf 88' lang='lat' dir='ltr'>ac</span> <span class='ocrx_word' id='word_1_446' title='bbox 737 2452 915 2493; x_wconf 88' lang='lat' dir='ltr'>inquirendi</span> <span class='ocrx_word' id='word_1_447' title='bbox 940 2463 997 2493; x_wconf 90' lang='lat' dir='ltr'>per</span> <span class='ocrx_word' id='word_1_448' title='bbox 1025 2463 1058 2483; x_wconf 83' lang='lat' dir='ltr'>se</span> <span class='ocrx_word' id='word_1_449' title='bbox 1082 2452 1133 2483; x_wconf 83' lang='lat' dir='ltr'>vel</span> <span class='ocrx_word' id='word_1_450' title='bbox 1157 2463 1215 2492; x_wconf 88' lang='lat' dir='ltr'>per</span> <span class='ocrx_word' id='word_1_451' title='bbox 1238 2452 1335 2482; x_wconf 88' lang='lat' dir='ltr'>alium</span> <span class='ocrx_word' id='word_1_452' title='bbox 1359 2462 1416 2482; x_wconf 86' lang='lat' dir='ltr'>scu</span> <span class='ocrx_word' id='word_1_453' title='bbox 1440 2452 1540 2481; x_wconf 82' lang='lat' dir='ltr'>alios¹’</span> <span class='ocrx_word' id='word_1_454' title='bbox 1565 2451 1604 2481; x_wconf 84' lang='lat' dir='ltr'>de</span> <span class='ocrx_word' id='word_1_455' title='bbox 1629 2450 1724 2480; x_wconf 80' lang='lat' dir='ltr'>rebus</span> <span class='ocrx_word' id='word_1_456' title='bbox 1749 2454 1781 2479; x_wconf 84' lang='lat' dir='ltr'>ct</span> 
     </span>
     <span class='ocr_line' id='line_1_51' title="bbox 140 2501 1782 2544; baseline -0.001 -13"><span class='ocrx_word' id='word_1_457' title='bbox 140 2501 270 2542; x_wconf 87' lang='lat' dir='ltr'>iuribus,</span> <span class='ocrx_word' id='word_1_458' title='bbox 302 2514 362 2544; x_wconf 90' lang='lat' dir='ltr'>que</span> <span class='ocrx_word' id='word_1_459' title='bbox 393 2504 500 2534; x_wconf 84' lang='lat' dir='ltr'>taliter</span> <span class='ocrx_word' id='word_1_460' title='bbox 524 2507 679 2544; x_wconf 83' lang='lat' dir='ltr'>occupata</span> <span class='ocrx_word' id='word_1_461' title='bbox 712 2504 858 2534; x_wconf 87' lang='lat' dir='ltr'>dicuntur</span> <span class='ocrx_word' id='word_1_462' title='bbox 882 2505 1047 2544; x_wconf 84' lang='lat' dir='ltr'>utrinque,</span> <span class='ocrx_word' id='word_1_463' title='bbox 1080 2515 1214 2544; x_wconf 90' lang='lat' dir='ltr'>quorum</span> <span class='ocrx_word' id='word_1_464' title='bbox 1239 2504 1407 2533; x_wconf 84' lang='lat' dir='ltr'>occasione</span> <span class='ocrx_word' id='word_1_465' title='bbox 1443 2503 1573 2533; x_wconf 78' lang='lat' dir='ltr'>suborta</span> <span class='ocrx_word' id='word_1_466' title='bbox 1609 2502 1782 2532; x_wconf 74' lang='lat' dir='ltr'>dinoscitur</span> 
     </span>
    </p>
   </div>
   <div class='ocr_carea' id='block_1_19' title="bbox 240 2595 759 2688">
    <p class='ocr_par' dir='ltr' id='par_1_20' title="bbox 240 2595 759 2688">
     <span class='ocr_line' id='line_1_52' title="bbox 240 2595 497 2629; baseline 0.004 -8"><span class='ocrx_word' id='word_1_467' title='bbox 240 2595 304 2622; x_wconf 72' lang='lat'>575.</span> <span class='ocrx_word' id='word_1_468' title='bbox 324 2597 346 2629; x_wconf 76' lang='lat' dir='ltr'>a)</span> <span class='ocrx_word' id='word_1_469' title='bbox 365 2606 459 2629; x_wconf 77' lang='lat' dir='ltr'>agnina</span> <span class='ocrx_word' id='word_1_470' title='bbox 478 2607 497 2622; x_wconf 81' lang='lat' dir='ltr'>c.</span> 
     </span>
     <span class='ocr_line' id='line_1_53' title="bbox 241 2654 759 2688; baseline 0 -8"><span class='ocrx_word' id='word_1_471' title='bbox 241 2654 306 2681; x_wconf 75' lang='lat'>576.</span> <span class='ocrx_word' id='word_1_472' title='bbox 325 2657 348 2688; x_wconf 76' lang='lat' dir='ltr'>a)</span> <span class='ocrx_word' id='word_1_473' title='bbox 367 2657 502 2682; x_wconf 83' lang='lat' dir='ltr'>devocione</span> <span class='ocrx_word' id='word_1_474' title='bbox 522 2662 552 2682; x_wconf 77' lang='lat' dir='ltr'>tr.</span> <span class='ocrx_word' id='word_1_475' title='bbox 641 2657 664 2687; x_wconf 69' lang='lat'>¹1)</span> <span class='ocrx_word' id='word_1_476' title='bbox 684 2656 709 2681; x_wconf 75' lang='lat' dir='ltr'>a}</span> <span class='ocrx_word' id='word_1_477' title='bbox 729 2662 759 2681; x_wconf 76' lang='lat' dir='ltr'>tr.</span> 
     </span>
    </p>
   </div>
   <div class='ocr_carea' id='block_1_20' title="bbox 141 2729 1783 2800">
    <p class='ocr_par' dir='ltr' id='par_1_21' title="bbox 141 2729 1783 2800">
     <span class='ocr_line' id='line_1_54' title="bbox 242 2729 1783 2765; baseline -0.003 -7"><span class='ocrx_word' id='word_1_478' title='bbox 242 2732 266 2764; x_wconf 88' lang='lat' dir='ltr'>l)</span> <span class='ocrx_word' id='word_1_479' title='bbox 287 2731 377 2764; x_wconf 71' lang='lat' dir='ltr'>Supra</span> <span class='ocrx_word' id='word_1_480' title='bbox 395 2741 436 2758; x_wconf 73' lang='lat' dir='ltr'>nr.</span> <span class='ocrx_word' id='word_1_481' title='bbox 450 2736 503 2758; x_wconf 66' lang='lat'>574.</span> <span class='ocrx_word' id='word_1_482' title='bbox 584 2734 610 2761; x_wconf 61' lang='lat'>2)</span> <span class='ocrx_word' id='word_1_483' title='bbox 631 2733 720 2765; x_wconf 73' lang='lat' dir='ltr'>Supra</span> <span class='ocrx_word' id='word_1_484' title='bbox 740 2741 778 2758; x_wconf 79' lang='lat' dir='ltr'>nr.</span> <span class='ocrx_word' id='word_1_485' title='bbox 795 2737 850 2758; x_wconf 70' lang='lat'>524.</span> <span class='ocrx_word' id='word_1_486' title='bbox 929 2733 954 2764; x_wconf 69' lang='lat'>3)</span> <span class='ocrx_word' id='word_1_487' title='bbox 976 2731 1055 2757; x_wconf 61' lang='lat' dir='ltr'>Verba</span> <span class='ocrx_word' id='word_1_488' title='bbox 1074 2732 1205 2757; x_wconf 68' lang='lat' dir='ltr'>›zonwdloe</span> <span class='ocrx_word' id='word_1_489' title='bbox 1224 2740 1280 2756; x_wconf 71' lang='lat' dir='ltr'>cam</span> <span class='ocrx_word' id='word_1_490' title='bbox 1300 2731 1407 2762; x_wconf 54' lang='lat' dir='ltr'>epis-cola</span> <span class='ocrx_word' id='word_1_491' title='bbox 1427 2729 1559 2761; x_wconf 61' lang='lat' dir='ltr'>pontificis</span> <span class='ocrx_word' id='word_1_492' title='bbox 1578 2736 1659 2760; x_wconf 70' lang='lat' dir='ltr'>snpra</span> <span class='ocrx_word' id='word_1_493' title='bbox 1680 2736 1720 2753; x_wconf 74' lang='lat' dir='ltr'>nr.</span> <span class='ocrx_word' id='word_1_494' title='bbox 1737 2732 1783 2753; x_wconf 65' lang='lat' dir='ltr'>Mt}</span> 
     </span>
     <span class='ocr_line' id='line_1_55' title="bbox 141 2773 302 2800; baseline 0.019 -4"><span class='ocrx_word' id='word_1_495' title='bbox 141 2773 302 2800; x_wconf 68' lang='lat' dir='ltr'>cono-enimn.</span> 
     </span>
    </p>
   </div>
   <div class='ocr_carea' id='block_1_21' title="bbox 1527 2820 1574 2845">
    <p class='ocr_par' dir='ltr' id='par_1_22' title="bbox 1527 2820 1574 2845">
     <span class='ocr_line' id='line_1_56' title="bbox 1527 2820 1574 2845; baseline 0 0"><span class='ocrx_word' id='word_1_496' title='bbox 1527 2820 1574 2845; x_wconf 60' lang='lat' dir='ltr'>us*</span> 
     </span>
    </p>
   </div>
  </div>
 </body>
</html>
