2259 3116
441 147 500 177 366
637 145 793 172 RUDOLFI
812 146 917 173 REGIS
936 146 1253 174 CONSTITUTIONES.
1290 147 1363 174 1286.
1400 146 1472 172 1287.
1512 145 1583 171 1286.
1619 144 1667 171 Nr.
1682 145 1739 172 384.
1752 146 1810 173 385.
1823 147 1880 173 386.

441 242 547 263 marce
573 243 629 274 per
653 243 710 264 nos
735 234 785 264 vel
810 245 1013 265 successores
1044 239 1170 266 nostros
1198 235 1231 266 in
1254 235 1385 276 imperio
1416 234 1541 275 plenius
1566 232 1799 275 persolvantur.
1845 233 1969 269 Quibus
1993 245 2065 275 per-

440 283 555 314 solutis
580 285 665 325 ipsas
691 289 879 317 convertent
907 287 938 316 in
963 287 1073 328 predia
1106 291 1137 318 et
1170 287 1223 317 illa
1255 296 1340 317 more
1372 286 1541 317 castrensis
1572 284 1658 315 feodi
1687 284 1772 326 apud
1800 289 1939 317 castrum
1965 285 2067 317 Geru-

442 335 615 366 mersheim
642 336 838 367 tenebuntur
860 341 1016 378 perpetuo
1042 338 1214 369 deservire.
1260 338 1464 369 Presencium
1489 336 1673 368 testimonio
1697 336 1886 370 litterarum.

546 387 664 418 Datum
684 388 794 430 Spyre,
813 388 850 421 V.
867 389 943 420 Idus
960 389 1162 429 Decembris,
1179 390 1356 421 indiccione
1375 389 1586 431 quindecima‚
1610 398 1692 419 anno
1709 388 1837 420 Domini
1853 388 2069 421 MOOLXXX

441 441 544 479 sexto,
568 440 660 480 regni
686 451 761 471 vero
785 441 885 471 nostri
909 452 991 472 anno
1017 441 1140 473 decimo
1165 446 1288 483 quarto.
2107 450 2117 468 ⁵

664 584 739 616 385.
765 585 996 617 RECEPTJO
1017 576 1209 618 NOBILIS
1231 586 1299 617 DE
1318 586 1546 618 LIMPURG.
1592 587 1683 618 1:287.
1723 586 1804 617 Mai.
1823 587 1850 618 5.

545 645 786 685 Autoyrwhon,
822 646 904 685 quod
932 649 1070 685 superest
1102 647 1136 677 in
1168 646 1325 677 tabulario
1355 647 1436 686 reyio
1471 646 1704 684 Confluentino‚
1739 646 1839 678 denuo
1873 646 2068 678 contulimus.

438 696 584 736 Siyillzcm
607 696 726 728 laesum
749 698 864 736 pendet
894 697 957 729 loro
980 698 1219 729 memhrmmceo.
1257 698 1468 737 Apoyraphon
1487 697 1557 738 fere
1579 708 1723 729 coaevum
1747 697 1834 728 Pisis
1856 697 1891 728 in
1913 697 2069 730 tabulario

439 748 649 779 nobilissimae
678 748 826 790 familiae
853 749 1009 780 Roneiom
1037 761 1086 780 nr.
1110 752 1172 780 461
1195 753 1388 781 asservatum
1419 749 1555 789 vulgavit
1583 749 1617 781 J.
1641 749 1756 781 Ficker
1787 749 1848 781 loco
1879 750 1922 781 acl
1942 761 1990 781 nr.
2006 750 2070 781 258

437 801 530 832 citato
548 812 582 840 p.
599 802 641 831 37
669 811 716 832 m:
740 802 780 831 16
803 806 857 840 (Ξ
877 800 924 832 W.
940 801 1005 832 SB.
1023 812 1057 841 p.
1077 802 1162 842 173).
1213 801 1353 833 Celerum
1376 801 1418 843 cf.
1442 801 1556 833 similes
1579 801 1699 833 litteras
1721 801 1791 841 Rey.
1814 802 1887 841 imp.
1907 801 1961 839 VI,
1972 801 2065 832 2135.
2094 817 2118 836 10

441 853 529 884 Γ215.
555 871 595 875 —-
618 852 761 890 Bolmzer,
786 852 860 892 Rcy.
876 853 949 892 imp.
971 853 1129 891 VL2102.
1781 853 1833 893 (P.
1856 854 1961 895 deest.)

544 948 612 979 Nos
636 947 793 979 Rudolfus
811 947 872 979 Dei
896 949 1005 990 gracia
1021 948 1239 979 Romanorum
1264 960 1323 980 rex
1347 959 1476 990 semper
1499 952 1652 990 augustus
1677 948 1717 980 ad
1739 949 1961 980 universorum
1986 949 2068 980 sacri

438 1000 562 1041 imperii
579 999 717 1031 Romani
741 1001 881 1032 fidelium
900 1001 1049 1031 noticiam
1068 1001 1213 1031 volumus
1232 1001 1411 1042 pervenire.
1436 1000 1517 1042 quod
1542 1011 1599 1032 nos
1616 1004 1708 1042 grata
1724 1001 1931 1032 serviciorum
1955 1000 2068 1031 merita

439 1056 471 1083 et
493 1052 684 1083 intemerate
709 1052 872 1083 fidelitatis
898 1063 1012 1094 opera,
1037 1053 1153 1094 quibus
1178 1053 1294 1083 nobilis
1318 1053 1366 1083 vir
1390 1052 1546 1084 Gerlacus
1572 1053 1610 1083 de
1634 1053 1808 1094 Limpurch
1831 1052 1934 1084 fidelis
1958 1055 2068 1083 noster

439 1103 573 1134 dilectus
598 1115 675 1145 erga
699 1115 756 1134 nos
780 1104 979 1135 incessanter
1004 1105 1129 1138 enituit.
1156 1105 1375 1136 favorabiliter
1398 1106 1560 1136 intuentes
1585 1105 1690 1147 ipsum
1713 1105 1745 1135 in
1769 1108 1873 1136 castro
1899 1103 2067 1136 Calsmunt
2095 1118 2117 1137 15

436 1155 527 1186 nobis
562 1159 594 1186 et
633 1156 767 1197 imperio
802 1156 950 1187 duximus
986 1157 1018 1186 in
1050 1157 1259 1187 castellanum
1290 1156 1540 1198 conquirendum
1573 1160 1605 1188 et
1645 1167 1702 1198 pro
1739 1167 1776 1188 eo
1811 1157 1871 1188 sibi
1905 1160 2066 1188 trecentos

438 1217 562 1238 marcas
587 1208 710 1248 argenti
736 1208 938 1249 promisimus
963 1219 1020 1239 nos
1046 1208 1183 1239 daturos.
1228 1208 1293 1239 Pro
1318 1208 1432 1250 quibus
1456 1209 1516 1240 sibi
1538 1208 1655 1240 Iudeos
1679 1208 1718 1240 de
1743 1208 1916 1250 Limpurch
1941 1219 2066 1240 camere

437 1262 544 1290 nostre
571 1269 691 1299 servOS‚
716 1260 759 1290 ita
783 1259 866 1300 quod
891 1260 930 1291 ab
955 1260 1031 1301 ipsis
1049 1260 1159 1290 debita
1183 1263 1214 1290 ct
1231 1264 1385 1291 consueta
1403 1261 1538 1292 servicia
1553 1261 1717 1292 annuatim
1743 1261 1878 1303 recipiat
1901 1271 1960 1292 nec
1983 1260 2068 1291 ultra

439 1310 583 1341 debitum
608 1311 695 1352 ipsos
721 1315 833 1342 oneret
856 1311 909 1342 vel
934 1312 1101 1349 molestet,
1133 1311 1283 1343 duximus
1308 1312 1514 1353 obligandos,
1544 1312 1700 1344 tenendos
1733 1316 1797 1344 tam
1821 1313 1875 1343 diu
1899 1323 2066 1354 quousque

437 1362 579 1403 predicte
610 1366 753 1393 trecente
784 1373 890 1393 marce
922 1363 1025 1394 eidem
1060 1362 1198 1394 Gerlaco
1228 1374 1287 1405 per
1315 1375 1372 1395 nos
1397 1365 1447 1395 vel
1479 1375 1684 1396 successores
1714 1367 1839 1396 nostros
1871 1365 1902 1395 in
1930 1364 2064 1406 imperio
2093 1375 2116 1394 20

436 1415 578 1455 plenarie
603 1414 720 1445 fuerint
744 1415 919 1456 pei-solute.
957 1415 1128 1446 solucione
1154 1419 1261 1446 autem
1285 1416 1370 1446 facta
1394 1416 1575 1447 huiusmodi
1600 1416 1763 1458 predictus
1782 1415 1938 1447 Gerlacus
1963 1416 2065 1446 dictas

435 1468 597 1497 trecentas
621 1477 745 1497 marcas
770 1467 893 1507 argenti
918 1467 949 1497 in
976 1467 1176 1507 empcionem
1200 1466 1386 1508 prediorum
1410 1472 1577 1499 convertet
1608 1472 1639 1499 et
1664 1468 1776 1499 eadem
1801 1467 1913 1510 predia
1936 1468 2064 1498 nomine

437 1519 609 1548 castrensis
641 1518 726 1549 feodi
750 1519 911 1549 tenebitur
935 1524 1091 1560 perpetuo
1121 1519 1293 1550 deservire.
1380 1519 1438 1551 In¹¹
1465 1521 1554 1551 cuius
1585 1521 1632 1551 rei
1656 1521 1872 1552 testimonium
1897 1524 2064 1562 presentes

437 1569 560 1600 litteras
586 1570 702 1601 exinde
728 1571 887 1602 conscribi
912 1575 943 1602 et
967 1572 1144 1602 maiestatis
1170 1576 1280 1602 nostro
1306 1572 1410 1613 sigillo
1434 1572 1565 1603 fecimus
1590 1573 1778 1604 communiri

542 1621 661 1652 Datum
681 1622 861 1663 Mnguncie,
879 1623 939 1654 ΙΙΙ.
952 1623 1033 1655 Non.
1049 1624 1136 1659 Μῑιίἰ,
1155 1625 1325 1655 indictione
1342 1624 1415 1664 XV,
1433 1635 1516 1656 anno
1533 1624 1665 1656 Domini
1683 1624 1901 1656 MCCLXXX
1918 1626 2065 1667 septimo,
2092 1633 2115 1652 2⁵

437 1674 527 1714 regni
552 1684 627 1704 vero
653 1675 752 1705 nostri
776 1686 858 1705 anno
882 1682 994 1716 quarto
1019 1676 1154 1707 decimo.

437 1989 536 2040 386.
569 1988 1026 2043 MANDATUM
1062 1990 1166 2043 DE
1204 1990 2062 2044 EXCOMMUNICATIONE

1018 2068 1497 2122 PROSCRIPTI.

1090 2171 1196 2206 1286.
1243 2171 1335 2216 Aug.
1358 2171 1416 2207 20.

541 2268 764 2306 Autoqraphon
796 2269 946 2300 {tabularii
978 2270 1056 2309 rcslit‘
1083 2270 1373 2310 chsseldamiensis
1405 2271 1571 2302 ί(Ἰηινσϋῖη.
1599 2272 1669 2302 310*
1704 2272 1804 2303 denno
1834 2271 2059 2311 descripsi-mus.
2085 2285 2109 2305 30

437 2319 579 2358 Siqillum
609 2330 725 2350 cerrum
758 2320 820 2351 albi
843 2321 951 2352 eoloris
974 2322 1063 2353 dorso
1095 2323 1278 2361 *impressum
1301 2326 1353 2354 est.
1403 2323 1450 2362 Cf.
1475 2324 1566 2365 infm
1590 2335 1636 2355 nr.
1655 2325 1725 2355 397¹.
1750 2343 1790 2347 ——
1814 2323 1962 2361 Bc'hmer,
1986 2323 2058 2363 Rey.

436 2371 508 2410 «imp.
532 2370 586 2408 Vl,
603 2373 696 2403 2042.
1774 2375 1827 2417 (P.
1851 2376 1957 2417 deest.)

543 2465 701 2495 Rudclfus
725 2466 785 2496 Dei
810 2468 918 2507 gracia
942 2467 1158 2499 Romanorum
1184 2480 1240 2500 rcx
1265 2480 1391 2510 semper
1416 2474 1571 2511 augustus
1597 2472 1774 2502 venorabili
1794 2471 1949 2514 Syfr(ido)
1967 2470 2059 2502 Colo-

438 2517 541 2547 nicnsi
564 2518 804 2559 archiepiscopo
828 2520 960 2560 principi
986 2531 1042 2550 suo
1068 2520 1184 2551 dilecto
1210 2522 1348 2561 graciam
1374 2533 1463 2553 suam
1488 2526 1519 2553 ct
1544 2534 1637 2554 omne
1662 2524 1791 2554 bonum.

543 2568 700 2604 Quoniam
726 2570 786 2599 duo
812 2576 893 2605 sunt,
920 2572 1032 2612 quibus
1057 2573 1277 2614 principaliter
1302 2574 1421 2613 regitur
1445 2574 1529 2605 orbis
1555 2578 1648 2610 terre,
1674 2586 1765 2606 sacra
1784 2575 1932 2607 videlicet
1955 2575 2056 2617 ponti·
2083 2588 2105 2609 ³⁵

436 2620 533 2650 fictilis
558 2621 729 2651 auctoritas
754 2625 785 2652 ct
808 2622 925 2662 regalis
950 2628 1092 2663 potestas
1108 2624 1127 2663 ¹7
1154 2635 1215 2655 non
1240 2625 1344 2655 minus
1377 2626 1453 2655 utile
1482 2637 1575 2667 quani
1607 2628 1824 2658 necessarium
1855 2628 1921 2659 fore
1952 2627 2056 2658 dinos-

535 2706 599 2731 :Nm
620 2708 642 2737 a)
663 2708 697 2730 lm
716 2717 752 2731 nr.

538 2767 561 2800 l)
584 2766 623 2800 Cf.
644 2767 863 2793 ‘Constitutiones'
882 2768 903 2800 1,
918 2772 965 2794 1512
982 2769 997 2795 l.
1014 2773 1072 2803 7³¹¹]-
