2259 3164
403 139 533 165 ADOLFI
553 138 655 165 REGIS
675 138 998 165 CONSTITUTIONES.
1037 141 1108 167 1298.
1148 142 1221 167 1297.
1258 142 1376 169 N12570.
1396 143 1453 168 571.
1473 143 1529 169 572.
1718 146 1781 175 535

146 224 399 266 superaddentes
424 223 448 254 C
473 234 597 254 marcas
620 225 754 265 argenti,
779 235 857 265 quas
881 225 940 255 sibi
965 226 1005 256 de
1029 226 1220 257 liberalitate
1246 229 1333 267 regia
1358 228 1505 259 duximus
1522 229 1712 269 largiendas,
1738 230 1779 260 ita

146 275 232 318 quod
258 276 343 316 ipsos
372 275 490 306 Iudeos
518 286 574 316 pro
600 275 709 306 CCCC
734 276 848 306 marcis
877 278 1000 317 argenti
1029 277 1162 308 habebit
1190 278 1349 319 obligatos
1376 282 1441 310 tam
1470 280 1537 319 diu⁷
1563 291 1727 321 quousque
1752 282 1779 311 ei

149 339 206 369 per
222 338 278 358 nos
302 330 357 358 aut
372 329 496 358 nostros
519 328 550 357 in
566 327 700 367 imperio
725 337 924 358 successores
949 327 1032 358 dicte
1050 328 1158 359 CCCC
1183 339 1289 360 marce
1314 330 1430 360 fuerint
1454 331 1624 371 persolute.
1660 331 1781 367 Quibus

147 379 255 410 solutis
290 389 344 409 eas
379 381 543 409 convertet
577 379 608 408 in
642 378 753 418 predia
783 388 802 408 a
826 378 916 409 nobis
954 382 985 409 et
1017 380 1151 419 imperio
1186 382 1338 410 castrensi
1369 381 1463 411 feodo
1494 386 1649 423 perpetuo
1680 383 1779 423 possi-

118 442 129 460 5
148 430 261 461 denda.
350 430 387 460 In
411 430 498 460 cuius
522 430 567 460 rei
590 430 806 460 testimonium
830 429 911 460 hanc
935 430 1073 460 litteram
1098 431 1214 461 exinde
1239 432 1391 462 conscribi
1421 436 1452 463 et
1475 434 1650 464 maiestatis
1674 440 1780 464 nostre

147 481 249 523 sigillo
274 481 406 512 fecimus
431 481 626 512 communiri.

251 541 371 572 Datum
400 542 430 572 in
462 541 655 582 Frideberg,
690 551 771 571 anno
800 541 927 571 Domini
962 541 1131 572 millesimo
1163 542 1381 573 ducentesimo
1416 545 1623 584 nonogesimo
1658 548 1779 579 octavo.

149 592 221 623 VII.
239 593 311 624 Kal.
339 593 459 632 Marcii,
485 593 574 633 regni
597 603 672 623 vero
696 593 793 623 nostri
817 603 898 623 anno
923 596 1024 623 sexto.

359 904 452 955 571.
503 902 973 956 SENTENTIA
1011 903 1112 956 DE
1151 903 1351 956 IURE
1390 904 1566 957 VIRI

104 997 127 1016 ¹⁰
702 979 1223 1033 CONDEMNATI.

814 1082 920 1117 10297.
956 1082 1063 1118 Febr.
1085 1083 1120 1117 4.

251 1189 487 1231 Autoyrapkou,
510 1190 593 1230 quod
614 1192 794 1221 asservatur
816 1191 851 1220 iu
873 1190 1030 1221 tabulario
1052 1191 1134 1230 reyio
1161 1190 1393 1228 Coufluentino,
1423 1191 1523 1221 (Zeuuo
1547 1191 1776 1230 descripsimus.

145 1241 289 1282 Sigillum
312 1241 402 1272 dorso
425 1242 609 1280 impressum
632 1245 708 1272 erat.
760 1241 810 1272 De
832 1242 954 1273 ratione
982 1243 1151 1282 myrossati
1173 1242 1212 1281 cf.
1237 1242 1361 1273 ramosa
1384 1243 1446 1273 Ioco
1469 1253 1567 1281 supra
1589 1243 1633 1273 ad
1653 1254 1700 1274 ur.
1720 1245 1781 1274 122

145 1293 237 1324 citato
254 1303 329 1333 pay.
347 1294 387 1323 69
411 1295 438 1323 et
463 1303 561 1332 supra
583 1304 631 1325 ur.
650 1294 721 1324 553.
745 1312 786 1315 —
809 1293 954 1331 Bb'hmer,
979 1294 1053 1333 Ray.
1077 1294 1137 1324 Ad.
1156 1296 1227 1324 340.
1506 1294 1560 1333 (P.
1585 1295 1672 1333 465.)

104 1393 127 1411 1⁵
250 1387 321 1418 Wir
347 1387 450 1418 Adolf
474 1398 535 1417 von
563 1386 677 1418 Gottes
710 1387 858 1428 genaden
886 1387 1039 1418 Romisch
1068 1387 1168 1428 kunig
1196 1387 1351 1428 allewege
1377 1389 1428 1418 ein
1450 1398 1556 1419 merel·
1588 1388 1715 1419 kunden
1739 1400 1779 1419 an

145 1438 244 1469 disem
268 1438 391 1478 brieve,
421 1439 479 1469 daz
503 1449 598 1469 unser
620 1438 721 1469 lieber
745 1439 843 1470 fui-ste
868 1438 1007 1470 Boniunt
1031 1439 1088 1470 der
1113 1439 1315 1470 erzebischof
1333 1450 1393 1470 von
1418 1440 1527 1471 Triere
1551 1440 1626 1470 kom
1651 1441 1700 1471 fur
1722 1452 1779 1471 uns

146 1490 184 1521 do
201 1491 257 1521 wir
279 1501 314 1521 ze
338 1490 462 1532 gerihte
480 1501 589 1521 sassen
606 1488 695 1521 ‘unde
719 1494 809 1531 geste
833 1501 868 1521 ze
894 1490 1048 1522 ervarnde
1073 1501 1113 1521 an
1138 1492 1241 1521 einen]
1259 1492 1427 1532 gemeinen
1444 1491 1571 1522 urteile:
1640 1503 1704 1522 swa
1729 1493 1778 1522 ein

144 1542 261 1572 verzalt
284 1553 358 1572 man
381 1552 476 1581 were,
501 1542 559 1573 der
581 1552 637 1572 vor
660 1542 784 1583 gerihte
809 1542 884 1572 wolt
908 1542 1031 1583 clagen,
1057 1542 1096 1572 ob
1121 1552 1194 1573 man
1219 1542 1292 1573 dem
1316 1542 1419 1573 rihten
1443 1543 1489 1573 sol
1514 1543 1592 1573 oder
1614 1543 1690 1574 niht.
1728 1543 1778 1573 Do

144 1596 222 1624 wart
244 1604 300 1624 vor
323 1604 380 1624 uns
405 1593 531 1624 erteilet
553 1594 611 1624 mit
634 1597 838 1634 gesamenter
860 1594 992 1624 urteile:
1059 1593 1116 1624 daz
1145 1604 1219 1624 man
1243 1594 1370 1624 keinem
1399 1594 1558 1624 verzalten
1581 1605 1654 1624 man
1676 1594 1778 1625 rihten

104 1652 129 1672 2⁰
146 1644 201 1675 sol.
245 1645 345 1676 Were
369 1645 447 1676 aber
474 1646 580 1675 ieman
604 1645 661 1675 der
684 1645 809 1685 gerihte
833 1645 962 1675 vordert
984 1645 1065 1675 uber
1088 1645 1150 1675 den
1174 1645 1334 1675 verzalten
1358 1656 1446 1683 man,
1475 1656 1509 1675 so
1539 1645 1585 1676 sol
1609 1656 1681 1676 man
1705 1645 1778 1676 dem

145 1695 251 1737 clager
285 1696 425 1737 gerihtes
458 1696 566 1727 helfen
599 1696 679 1727 uber
713 1696 775 1727 den
804 1696 964 1727 verzalten
993 1707 1082 1735 man,
1114 1696 1180 1727 alse
1209 1696 1280 1727 reht
1310 1697 1357 1726 ist.
1446 1696 1512 1727 Des
1535 1697 1641 1738 geben
1665 1698 1720 1727 wir
1742 1708 1777 1727 ze

145 1757 264 1789 gezuge
288 1758 397 1779 unsers
420 1748 562 1789 gerihtes
585 1747 676 1779 brief.

248 1807 342 1839 Dirre
370 1808 457 1839 brief
482 1811 561 1839 wart
584 1808 689 1849 geben
712 1818 747 1838 ze
771 1808 950 1847 Kobelmz,
986 1818 1025 1838 an
1050 1808 1123 1838 (lem
1147 1813 1297 1848 mentage
1325 1808 1406 1838 nach
1429 1819 1523 1839 unser
1546 1808 1679 1838 Frowen
1704 1811 1776 1848 tage

146 1858 201 1889 der
228 1859 388 1900 liehtmes‚
420 1859 460 1890 do
490 1870 564 1890 man
587 1859 669 1890 zalte
701 1870 762 1890 von
786 1858 898 1889 Gottes
923 1859 1057 1900 geburte
1082 1859 1177 1890 zwolf
1197 1859 1333 1890 hundert
1353 1860 1405 1899 jar
1427 1860 1541 1900 nunzig
1566 1860 1617 1898 jar
1640 1859 1723 1889 unde
1747 1860 1777 1889 in

103 1917 126 1936 2³
145 1909 216 1941 dem
240 1910 393 1942 sibenden
413 1912 493 1951 jare.

321 2155 579 2206 572—579.
627 2152 1168 2206 CONTINUATIO
1207 2152 1590 2206 AOTORUM

192 2228 579 2283 GUERRAE
620 2230 944 2283 CONTRA
984 2229 1267 2282 REGEM
1308 2230 1724 2282 FRANCIAE

727 2306 1194 2360 MOVENDAE.

687 2408 793 2444 1297.
829 2408 935 2444 Febr.
956 2407 990 2444 8.
1008 2429 1057 2432 -
1073 2408 1156 2444 Dec.
1179 2409 1238 2444 23.

107 2521 131 2541 ³0
212 2515 259 2552 Cf.
282 2516 346 2547 iam
369 2527 466 2556 supra
490 2517 671 2547 documenta
694 2527 741 2546 ur.
760 2517 946 2547 524—530.

416 2643 492 2675 572.
532 2644 642 2675 UNIO
671 2643 967 2675 DOMINORUM
990 2643 1315 2674 BURGUNDIAE.
1362 2643 1451 2673 Febr.
1471 2648 1500 2672 «δ’.

248 2702 474 2744 Autoqraphou
492 2704 692 2742 inspeximus,
716 2703 798 2742 quod
812 2705 993 2733 assem-atm·
1008 2702 1095 2732 Pisis
1118 2703 1151 2732 in
1167 2702 1322 2733 tabulario
1339 2702 1472 2740 capituli
1489 2701 1614 2732 maioris
1630 2701 1771 2731 ecelesiae

144 2761 192 2783 ur.
210 2753 301 2785 1275.
347 2754 470 2786 Publici
487 2755 568 2785 'iuris
589 2755 663 2793 fecit
685 2755 821 2785 a.1854.
846 2753 878 2784 J.
895 2754 1012 2784 Ficlcer
1035 2754 1097 2784 loco
1116 2764 1214 2791 snpra
1237 2753 1280 2783 (cd
1301 2764 1349 2785 ur.
1364 2754 1425 2783 25⁵³
1449 2753 1542 2783 citato
1561 2754 1647 2791 1).έὸ
1669 2762 1716 2782 ur.
1730 2754 1771 2781 25²
