2259 3116
438 131 477 161 36
795 128 951 155 RUDOLFI
972 128 1075 154 REGIS
1095 126 1416 154 CONSTITUTIONES.
1455 127 1526 153 1275.
1565 126 1611 152 Nr.
1625 127 1665 152 39.
1678 127 1719 152 40.

993 274 1045 306 39.
1070 274 1218 307 ALIUD
1241 273 1526 316 MANDATUM.

547 335 757 374 Proponimus
780 346 817 366 esi·
840 336 866 366 E
887 335 944 377 fol.
964 337 1035 366 114¹
1058 346 1106 366 nr.
1123 338 1174 366 Sl.
1213 335 1351 369 Similem.
1369 334 1508 376 formam
1530 334 1654 374 praebet
1671 334 1700 363 V
1713 332 1769 373 fol.
1787 334 1847 370 40¹,
1870 343 1896 364 r.
1914 332 2078 363 editionem

434 399 465 427 J».
477 389 546 425 5340,
564 388 655 418 cuius
668 387 809 418 thtc'oncs
818 388 1009 427 praecipuas
1021 391 1218 419 (mundamus
1233 406 1272 410 —
1289 387 1434 425 Bahman
1451 387 1525 426 Περ.
1541 386 1612 425 imp.
1628 385 1757 423 VL309.
1795 386 1812 425 (
1812 384 1848 416 P.
1865 385 1972 426 deest.)

546 473 650 514 Regie
668 473 846 504 maiestatis
865 472 1095 520 splendescens
1113 473 1271 504 serenitas
1297 473 1342 503 sic
1360 473 1493 504 aliorum
1518 473 1587 503 iura
1612 475 1644 504 et
1661 471 1912 503 consuetudines
1938 471 2079 513 protegit

440 528 472 555 et
495 528 613 563 tuetur,
638 525 721 566 quod
747 525 919 566 unicuique
944 525 1027 566 quod
1046 536 1137 555 suum
1163 528 1213 555 est
1229 525 1339 555 tribuit
1363 528 1395 555 et
1412 527 1593 556 conservat.
1633 524 1761 560 Quanto
1777 524 1879 565 magis
1897 523 1967 565 ipsa
1991 523 2079 564 regia

439 577 684 618 magnificencia
708 578 837 618 propria
860 578 929 608 iura
946 581 1074 607 tenetur
1092 577 1277 617 defendere,
1302 588 1363 618 que
1389 577 1479 607 aliis³
1504 577 1616 607 nititur
1633 586 1832 607 conservare.
1873 574 1953 606 Cum
1970 575 2079 616 itaque

438 629 568 670 antiqua
604 633 636 659 et
673 629 851 671 approbata
884 630 948 660 tale
978 630 1026 659 ius
1064 629 1182 659 nostris
1213 629 1473 659 antecessoribus
1505 628 1585 659 divis
1620 627 1869 670 imperatoribus
1893 630 1925 657 et
1948 627 2079 668 regibus

440 681 687 720 Rom(anorum)
713 681 885 712 contulerit
909 680 1118 719 consuetudo,
1145 680 1228 722 quod
1254 681 1379 722 singule
1404 689 1542 722 persone
1567 680 1598 710 in
1623 680 1758 721 singulis
1776 678 2022 710 kathedralibus
2048 681 2080 709 et

441 733 620 774 collegiatis
638 733 783 763 ecelesiis
809 732 846 763 ad
866 733 1033 774 primarias
1058 743 1172 774 preces
1190 733 1275 773 regis
1294 733 1393 774 recipi
1412 732 1552 763 debeant
1577 733 1607 763 in
1626 730 1827 774 can(onicos)
1853 734 1884 762 et
1906 731 1937 761 in
1953 731 2080 768 fratres,

438 783 637 825 prebendam
662 795 733 814 cum
759 795 792 815 se
817 785 954 815 facultas
979 785 1131 815 obtulerit
1155 785 1321 826 adepturi,
1355 795 1413 815 nos
1442 785 1583 826 ipsorum
1608 784 1875 826 predecessorum
1899 786 2080 813 nostrorum

440 836 582 877 vestigiis
612 836 797 867 inherentes
827 847 882 878 pro
914 837 969 867 tali
1001 837 1092 867 vobis
1122 836 1288 877 dirigimus
1323 847 1436 878 preces
1468 840 1612 876 nostras,
1639 838 1792 877 rogantes
1821 846 1893 866 cum
1923 835 2007 865 omni
2030 835 2078 865 in—

440 888 562 918 stancia
586 890 618 918 et
642 888 775 923 affectu,
808 889 899 928 regia
922 888 1148 919 nichilominus
1178 889 1368 919 auctoritate
1392 888 1601 926 mandantes,
1633 891 1791 929 quatenus
1815 886 1972 928 ydoneam
2007 897 2079 928 per-

439 940 569 970 sonamb
607 942 706 971 nostri
744 945 871 971 amorec
900 944 1008 971 vestro
1042 941 1178 981 collegio
1211 941 1241 971 in
1277 941 1485 971 canonicatus
1517 940 1638 971 honore
1674 940 1853 971 liberaliter
1886 939 2081 980 aggregetis,

439 991 646 1032 prebendam,
671 993 696 1023 si
721 1003 783 1033 qua
808 1003 890 1022 nunc
915 996 1009 1022 vacat
1033 993 1082 1022 vel
1110 1003 1204 1033 quam
1229 993 1365 1033 primum
1393 991 1433 1023 ad
1457 992 1488 1022 id
1518 1003 1552 1023 se
1577 992 1715 1022 facultas
1746 991 1909 1031 obtulerit,
1934 995 2081 1022 cessante

440 1043 696 1075 contradiccione
721 1044 863 1085 qualibet
892 1044 995 1074 eidem
1025 1044 1182 1076 collaturi.
1221 1044 1345 1075 Taliter
1372 1044 1545 1081 facientes⁷
1575 1043 1660 1085 quod
1691 1043 1765 1074 dum
1791 1044 1860 1074 iura
1885 1042 1995 1083 regiad
2018 1053 2082 1073 non

440 1096 594 1133 minuitis,
620 1096 763 1136 regalem
781 1096 879 1126 libeat
898 1096 1107 1127 clemenciam
1126 1096 1307 1127 libertatem
1324 1100 1431 1127 vestre
1457 1096 1595 1126 ecclesie
1620 1107 1682 1126 nou
1707 1095 1853 1126 minuere
1878 1099 1927 1125 set
1952 1105 2081 1136 augere,

440 1158 500 1178 nec
525 1150 672 1189 oporteat
696 1158 751 1189 pro
777 1148 1006 1178 nichilacione⁰
1031 1148 1103 1179 talis
1129 1147 1262 1189 predicti
1288 1148 1403 1179 iterato
1429 1158 1485 1178 nos
1510 1147 1599 1178 vobis
1624 1147 1763 1189 dirigere
1789 1150 1897 1177 nostra
1923 1147 2050 1188 scripta.

995 1277 1048 1309 40.
1073 1278 1223 1309 ALIUD
1246 1277 1532 1310 MANDATUM.

547 1339 672 1370 Damus
695 1350 732 1369 ez:
755 1338 781 1369 E
805 1339 857 1376 fol.
877 1340 947 1369 139⁴
971 1350 1018 1369 w:
1035 1340 1108 1373 217,
1140 1339 1191 1369 ubi
1214 1339 1344 1370 rubrum
1368 1340 1487 1370 Preces
1512 1339 1679 1381 primarie,
1702 1338 1837 1369 aliorum
1864 1338 2001 1369 codicum
2026 1337 2082 1369 Iec-

444 1391 581 1422 tionibns
604 1392 733 1422 omissis.
762 1410 794 1412 —
823 1391 968 1428 ]{‹‘›·l1»1e›·‚
992 1390 1065 1430 chs.
1085 1392 1159 1430 imp.
1181 1391 1319 1429 l'Lff'So'.
1791 1390 1842 1430 (P.
1867 1391 1975 1429 deest.)

551 1478 583 1508 Si
609 1478 780 1519 diligenter
810 1478 994 1519 inspexeris
1023 1478 1120 1508 decus
1153 1481 1184 1508 et
1216 1478 1364 1509 decorem
1395 1478 1563 1519 Romtaui)
1592 1478 1732 1519 imperii,
1761 1476 1847 1518 quod
1882 1477 1913 1507 in
1943 1477 2083 1507 omnium

442 1530 620 1572 principum
646 1530 746 1561 oculis
770 1530 866 1561 velud
891 1530 921 1560 iu
947 1531 1079 1572 speculo
1104 1531 1222 1561 meruit
1246 1531 1406 1569 collocari,
1431 1534 1541 1572 utpote
1566 1542 1584 1561 a
1609 1541 1670 1572 quo
1695 1531 1754 1572 ipsi
1779 1529 1940 1571 principes
1965 1529 2084 1570 princi—

442 1585 534 1623 patus
560 1582 699 1623 insignia
725 1582 932 1619 contrahunt,
965 1582 1062 1623 largis
1093 1582 1133 1613 ab
1164 1593 1201 1613 eo
1227 1583 1434 1623 largicionum
1465 1578 1651 1624 amplificati
1682 1581 1850 1613 beneflciis
1876 1585 1907 1612 et
1930 1581 2085 1611 honorum

442 1635 644 1675 prerogativa
681 1634 797 1674 dotati,
842 1635 867 1664 si
903 1634 1031 1672 deinum
1068 1635 1099 1665 in
1130 1637 1183 1664 tue
1221 1635 1340 1665 trutina
1375 1634 1645 1665 consideracionis
1682 1633 1891 1676 appenderis,
1931 1635 2083 1674 quantum

441 1685 544 1715 locum
570 1685 726 1716 discretus
757 1687 804 1716 vir
828 1686 931 1726 t(alis)
957 1687 987 1716 in
1013 1686 1100 1717 curia
1135 1689 1244 1717 nostra
1278 1690 1310 1717 et
1339 1686 1475 1717 ecclesie
1501 1690 1554 1716 tue
1580 1686 1720 1717 tenuerit
1742 1686 1898 1716 hactenus
1924 1688 1956 1716 et
1980 1684 2083 1715 adhuc
2113 1696 2123 1714 2

442 1740 552 1767 tenere
577 1738 694 1778 poterit
719 1738 748 1768 in
775 1738 932 1774 futurum,
963 1738 1106 1779 profecto
1132 1749 1194 1768 non
1219 1738 1364 1779 ambiges
1390 1748 1493 1779 neque
1518 1738 1684 1769 vacillabis
1715 1740 1749 1768 ut
1781 1737 1914 1775 dubius,
1945 1736 2020 1778 quin
2045 1735 2084 1766 ad

442 1790 680 1829 promocionem
711 1790 811 1831 ipsius
845 1801 885 1820 ex
921 1790 1063 1831 pluribus
1099 1790 1281 1821 racionibus
1320 1790 1470 1820 tenearis.
1520 1789 1651 1820 Nullum
1685 1789 1803 1820 etenim
1828 1788 1980 1829 angulum
2006 1788 2084 1819 latet

443 1841 586 1882 imperii,
625 1842 699 1882 quin
733 1853 772 1872 ex
793 1842 924 1883 antiqua
955 1845 986 1872 ct
1017 1841 1195 1883 approbata
1225 1842 1352 1883 imperii
1384 1841 1618 1873 consuetudine
1642 1842 1735 1872 nobis
1761 1841 1942 1881 nostrisque
1966 1839 2083 1882 prede-

444 1893 744 1923 cessoribus-divis
776 1892 1023 1933 Ronmanorum)
1050 1894 1294 1934 imperatoribus
1324 1897 1355 1924 et
1386 1894 1516 1937 regibus
1548 1904 1566 1924 a
1600 1893 1797 1935 quibuslibet
1820 1893 1953 1934 prelatis
1979 1892 2083 1922 eccle-

445 1945 580 1975 siasticis
611 1945 701 1975 nobis
731 1946 824 1976 unius
857 1957 992 1987 persone
1023 1947 1164 1987 provisio
1195 1947 1361 1979 debeatur.
1409 1947 1544 1988 Propter
1576 1946 1637 1977 hoc
1671 1946 1890 1976 necessarium
1925 1955 1997 1975 esse
2022 1954 2084 1974 nou

445 1996 617 2035 credimus,
650 1997 732 2037 quod
762 1998 800 2027 :nl
836 1999 1060 2040 reecpcioncm
1094 2002 1125 2028 et
1156 1999 1370 2039 provisionem
1401 2000 1499 2041 ipsius
1530 1999 1568 2029 A.
1599 1998 1630 2028 in
1662 1997 1799 2029 ecclesia
1828 1994 2083 2037 Cameracen(si)

446 2048 618 2078 aiu-toritas
643 2050 821 2090 apostolica
846 2051 1037 2091 requiratur,
1062 2062 1099 2081 eo
1125 2051 1208 2091 quod
1235 2050 1477 2081 Cameracensis
1502 2050 1641 2081 ecclesia
1664 2049 1703 2080 ab
1728 2049 1874 2080 ecclesiis
1899 2048 1969 2079 aliis
1993 2048 2084 2088 regni

448 2100 556 2131 nostri.
583 2110 642 2140 que
668 2101 730 2130 illis
755 2112 812 2142 pro
838 2102 951 2142 quibus
968 2102 1137 2143 primarias
1163 2113 1275 2143 preces
1294 2103 1467 2133 obtulimus
1486 2113 1627 2143 congrua
1643 2100 1895 2144 promptitudine
1914 2099 2084 2142 provident

447 2155 479 2181 et
503 2152 711 2192 providerunt
736 2153 950 2191 incessanter,
982 2155 1013 2184 in
1039 2154 1258 2186 condicionum
1285 2155 1475 2196 disparitate
1505 2165 1566 2186 non
1592 2154 1753 2195 discrepet
1778 2165 1837 2184 nec
1862 2151 2084 2193 exempciouis

448 2203 582 2233 alicuius
608 2204 778 2245 privilegio
804 2205 962 2236 fulciatur.
1010 2205 1095 2236 Hinc
1131 2210 1179 2236 est
1207 2206 1291 2247 quod
1324 2206 1571 2247 sincerittatem)
1602 2206 1719 2247 t(uam)
1748 2206 1865 2236 affectu
1896 2203 2084 2246 plenissimo

451 2254 600 2285 duximus
627 2256 905 2298 cxlwrssaudanr),
931 2261 1088 2298 quatenus
1114 2259 1173 2288 iuri
1198 2262 1305 2289 nostro
1330 2262 1361 2289 et
1385 2258 1509 2299 imperii
1535 2268 1710 2288 consonum
1735 2257 1927 2299 prestiturus
1952 2254 2085 2297 applau-

449 2318 516 2337 sum
538 2308 716 2348 predictum
735 2310 859 2349 ttalcnr)
884 2320 940 2350 per
958 2310 1080 2340 litteras
1098 2311 1212 2349 regias,
1237 2320 1316 2351 quas
1343 2310 1482 2351 capitulo
1507 2308 1766 2350 Carum-(acensi)
1784 2309 1960 2350 dirigimus,
1985 2307 2085 2348 recipi

449 2359 546 2389 facias
572 2360 603 2390 in
629 2360 847 2399 ‹·an(0nicum)
874 2367 905 2391 ct
931 2362 958 2391 in
977 2362 1118 2398 fratrem,
1145 2361 1343 2402 prebendam
1361 2361 1534 2392 secuudum
1560 2372 1616 2391 sue
1634 2361 1834 2403 recepeionis
1858 2360 2000 2392 ordinem
2027 2358 2084 2388 ob-

449 2415 641 2444 lenturum‘.
688 2412 759 2442 Hoc
785 2413 868 2443 enim
900 2424 960 2443 non
994 2413 1206 2453 preiudicabit
1231 2414 1368 2445 ecclesie
1401 2424 1459 2444 uec
1485 2414 1623 2455 receptis
1648 2413 1796 2451 offic-ioth,
1830 2415 1877 2443 set
1905 2410 2085 2442 catcrvabit

449 2454 531 2504 apiid
559 2470 635 2493 ηοωΩ
660 2468 690 2494 et
716 2464 773 2494 tibi
799 2469 829 2494 ct
855 2465 882 2495 ci
909 2466 1027 2495 favoris
1053 2470 1084 2496 et
1111 2466 1219 2505 gracie
1245 2466 1406 2496 cumulum
1437 2470 1468 2496 ct
1492 2466 1687 2496 fecumlioris
1712 2465 1935 2496 benivolencie
1960 2463 2083 2504 copiam

450 2515 642 2546 vendicabit.
690 2516 772 2550 Quid
797 2520 902 2547 autem
929 2528 1026 2558 super
1050 2517 1109 2548 hoc
1136 2518 1273 2548 finaliter
1297 2521 1349 2547 tue
1376 2518 1549 2548 voluntatis
1575 2522 1605 2547 et
1631 2518 1822 2549 inteueionis
1848 2515 2003 2553 extiterit,
2030 2525 2087 2556 per

450 2569 583 2598 latorem
610 2568 812 2608 presencium
837 2569 941 2599 lucide
967 2569 1059 2599 nobis
1086 2569 1227 2610 pandere
1252 2580 1314 2600 uon
1340 2570 1478 2600 omittas.

550 2654 595 2679 39.
616 2658 637 2680 ¹¹¹
657 2655 762 2678 :ullorum
793 2655 816 2679 Γ.
913 2655 936 2681 ¹¹>
956 2657 1008 2679 locu
1034 2656 1108 2687 ydon.
1135 2664 1264 2687 personum
1293 2656 1324 2680 1⁷:
1348 2656 1505 2680 considerata
1529 2656 1674 2687 idoneitate
1699 2664 1811 2687 persono.
1901 2656 1922 2686 c)
1943 2655 2035 2678 honore
2057 2653 2086 2677 Ε.

449 2699 472 2730 ⁸¹)
493 2699 559 2721 dvm-t
583 2698 608 2721 Ι’,’.
701 2702 721 2727 1¹)
743 2699 795 2720 lura»
817 2707 858 2730 pro
879 2699 1044 2723 nichita-inne
1074 2699 1104 2722 l':
1125 2708 1199 2730 supi-i·
1219 2699 1385 2731 pronior-inne.

552 2755 598 2781 40.
619 2761 641 2785 ³)
661 2759 820 2782 oblim-udam
846 2759 871 2782 la',
960 2758 980 2782 ¹'1
1001 2760 1091 2782 :illici-*l
1118 2759 1142 2782 l'.
1232 2764 1254 2780 «ἰ
1276 2768 1317 2782 rus
1341 2759 1368 2782 lz'.

2110 796 2132 814 10

2112 1055 2133 1074 15

2113 1957 2137 1976 30

2113 2470 2136 2487 40
