2259 3116
454 114 511 143 166
829 109 984 135 RUDOLFI
1003 108 1108 135 REGIS
1128 108 1447 136 CONSTi'rUTIONES.
1485 109 1558 135 1278.
1596 109 1641 134 Nr.
1658 109 1713 135 181.

493 263 584 313 181.
625 259 1063 313 OBLIGATIO
1105 260 1554 313 CIVITATUM
1594 259 1692 312 ET
1730 259 2044 313 IURIUM

1105 338 1444 391 IMPERII.

1133 432 1240 467 1978.
1288 432 1364 466 Ian.
1386 432 1420 466 G.

564 525 642 556 Cum
660 523 860 564 privilegium
883 520 963 562 retqis
985 523 1071 554 haud
1086 524 1229 562 supersit,
1246 523 1455 562 proponimus
1479 522 1600 553 litteras
1616 522 1735 552 comitis
1752 521 1941 552 Iuliacensis
1963 532 1983 552 α
2006 523 2092 553 nobis

453 577 488 607 in
511 576 667 608 tabulario
688 575 826 616 ycnerali
848 576 935 614 reflui
960 575 1122 605 Bawarici
1147 575 1287 605 inventas
1310 574 1415 604 ‘Tirot
1429 574 1539 614 fiirstl.
1556 573 1684 604 Archiv'
1704 573 1787 615 fasc.
1806 576 1833 609 1,
1858 583 1918 612 quo
1941 584 1979 604 esc
2001 574 2090 605 tabu-

454 628 533 659 lario
575 628 794 667 Ocnopontano
830 627 950 657 delatae
987 630 1072 658 sunt.
1123 627 1266 665 ›S'eripz‘ac
1295 629 1369 657 sant
1405 627 1437 656 im
1469 625 1656 656 emzcellaria
1692 625 1780 664 rcqis,
1833 624 1905 656 Sola
1933 626 2094 666 foramina

453 680 552 720 siyillo
575 680 776 719 afflwndendo
796 679 890 720 facta
913 682 1090 718 superstent.
1133 679 1202 709 Iam
1230 679 1384 709 edidimus
1408 678 1521 709 ‘Neurus
1537 678 1663 708 Archiv*
1688 677 1825 715 XXIII,
1842 678 1893 708 32.
1942 677 1989 716 Cf.
2007 678 2094 709 ‘Mit-

456 732 633 771 tlecilzmyen
657 732 709 762 des
725 731 883 762 laistim&
908 731 1001 768 XVI,
1021 732 1081 761 (575)
1104 741 1147 769 sq.
1172 733 1199 760 vt
1216 731 1255 761 A.
1278 730 1505 769 l‘Vcrminyltofj'
1524 729 1595 760 ‘Die
1618 729 1886 769 Vctyffi'indzmqen
1909 730 1962 760 (Icr
1984 730 2094 761 mittel-

457 784 522 815 zmtl
544 783 852 815 niederrhemischen
876 782 1100 813 Reichsstsidte'
1120 793 1152 821 2).
1171 783 1220 819 93,
1245 782 1370 812 ,Ea-ems
1392 782 1420 813 I.
1444 800 1484 803 -—
1508 781 1653 818 Bolano,
1678 780 1750 820 Rey.
1768 781 1841 819 hup.
1862 781 1917 818 VI,
1935 782 2006 813 914.

1805 832 1857 871 (P.
1882 833 1988 872 deest.)

564 896 631 927 Nos
648 895 846 927 Wilhelmus
872 905 979 925 comcs
1002 894 1193 925 Iuliacensis
1218 894 1375 924 universis
1394 892 1515 924 Christi
1539 893 1687 924 fidelibus
1705 893 1852 924 volumus
1876 897 1987 924 notum
2012 905 2094 933 esse,

458 948 543 990 quod
581 948 806 979 serenissimus
841 947 985 977 dominus
1016 950 1125 976 noster
1155 946 1303 976 dominus
1336 945 1524 985 Rud(olfus)
1555 945 1616 976 Dei
1648 946 1759 986 gracia
1788 944 2005 976 Romanorum
2038 957 2095 977 rex

459 1010 587 1042 semper
616 1002 772 1041 augustus
804 999 893 1030 nobis
927 999 1048 1039 obligat
1084 1002 1114 1027 et
1148 1008 1205 1039 per
1228 1000 1379 1038 patentes
1405 1007 1479 1027 suas
1514 997 1638 1028 litteras
1664 997 1819 1038 obligavit
1843 997 2039 1028 Bobardiam
2064 1001 2096 1029 et

458 1053 635 1083 thelonium
661 1063 753 1083 suum
783 1051 902 1082 ibidem
927 1062 963 1082 ac
988 1050 1167 1081 Wesaliam
1202 1060 1272 1079 cum
1310 1049 1431 1080 iuribus
1469 1049 1534 1079 suis
1571 1052 1603 1079 et
1636 1050 1818 1080 attinenciis
1853 1050 2009 1080 universis
2040 1060 2095 1091 pro

458 1108 594 1146 quatuor
626 1104 754 1135 milibus
785 1113 963 1133 marcarum
1001 1101 1241 1132 Coloniensium
1278 1104 1309 1132 et
1341 1101 1443 1131 tribus
1476 1100 1602 1131 milibus
1642 1111 1821 1132 marcarum
1857 1101 2092 1142 sterlingorum,

459 1167 538 1198 quas
562 1157 665 1187 felicis
700 1155 918 1186 coronacionis
958 1154 1078 1185 domini
1116 1154 1216 1184 nostri
1252 1153 1385 1194 predicti
1421 1159 1563 1194 tempore
1598 1152 1795 1194 Aquisgrani
1828 1164 1885 1194 pro
1925 1163 2093 1184 consuma-

460 1209 552 1239 eione
578 1208 799 1239 coronacionis
825 1207 968 1238 eiusdem
999 1209 1031 1236 et
1054 1216 1111 1247 pro
1137 1205 1349 1247 expediendis
1373 1205 1551 1246 reipublice
1576 1205 1718 1246 negociis
1744 1204 1879 1236 Colonie
1903 1205 1963 1246 ipsi
1987 1209 2095 1236 nostro

462 1259 592 1290 domino
617 1259 809 1291 credidimus
835 1261 867 1289 et
891 1259 921 1289 in
946 1258 1039 1288 fidem
1066 1261 1207 1288 nostram
1233 1267 1288 1298 pro
1313 1256 1425 1287 eodem
1451 1257 1649 1297 recepimus,
1679 1267 1736 1298 pro
1763 1257 1928 1288 solucione
1953 1257 2097 1288 eiusdem

462 1322 518 1341 nos
543 1311 743 1341 fideiussorie
769 1310 996 1341 nichilominus
1022 1309 1205 1349 obligando.
1297 1308 1344 1348 (2)
1371 1308 1452 1339 Item
1477 1319 1534 1350 pro
1561 1319 1597 1339 eo
1623 1309 1705 1349 quod
1730 1319 1787 1350 per
1812 1309 2042 1340 racionabilem
2066 1313 2098 1340 et

460 1363 638 1403 legitimam
664 1363 941 1404 computacionem
967 1372 1023 1392 nos
1049 1372 1103 1403 pro
1130 1364 1306 1392 memorato
1331 1360 1457 1391 domino
1489 1364 1598 1391 nostro
1632 1361 1823 1402 exposuisse
1855 1360 2096 1402 probaverimus

462 1418 493 1446 et
517 1425 574 1455 pro
599 1415 747 1456 dampno7
773 1414 858 1455 quod
883 1424 989 1445 coram
1015 1415 1146 1450 nuncio,
1172 1425 1267 1456 quem
1292 1414 1332 1444 ad
1358 1414 1417 1444 hoc
1442 1413 1594 1444 dominus
1616 1417 1725 1445 noster
1759 1425 1818 1445 rex
1847 1414 1975 1445 duxerit
1999 1413 2097 1455 depu-

462 1466 604 1503 tandum,
629 1466 831 1497 docuerimus
856 1466 998 1506 legitime
1029 1466 1214 1508 supradicto
1251 1466 1416 1507 principali
1448 1466 1556 1497 debito
1586 1466 1781 1503 accrevisse,
1817 1465 1992 1496 secundum
2017 1465 2098 1507 quod

462 1518 579 1549 nobilis
608 1519 655 1548 vir
680 1543 686 1549 .
708 1543 715 1549 .
741 1528 847 1548 comcs
879 1517 1052 1559 Scynensis
1082 1522 1113 1549 et
1142 1519 1167 1549 is
1197 1529 1290 1559 quem
1321 1517 1504 1559 sepedictus
1533 1518 1680 1549 dominus
1711 1520 1819 1548 noster
1850 1518 1889 1549 ad
1912 1517 1973 1548 hoc
1998 1517 2097 1559 depu-

464 1570 578 1600 taverit
595 1570 787 1602 taxaverint,
813 1573 1007 1600 memoratas
1026 1570 1203 1611 ypothecas
1229 1570 1321 1600 nobis
1338 1570 1501 1600 constituit
1519 1570 1690 1611 obligatas.
1725 1570 1797 1600 Hiis
1816 1574 1923 1601 tamen
1941 1570 2043 1601 modis
2068 1573 2100 1600 et

463 1621 719 1658 condicionibus,
745 1621 828 1662 quod
852 1632 908 1662 pro
934 1622 1066 1662 singulis
1091 1622 1203 1652 decem
1230 1622 1342 1652 marcis
1367 1621 1466 1653 debiti
1491 1622 1676 1664 principalis
1702 1625 1734 1653 et
1757 1622 1887 1664 dampni
1911 1632 1969 1663 per
1992 1621 2092 1653 dictos

465 1673 663 1714 Seynensem
697 1674 845 1703 comitem
876 1676 907 1704 et
937 1677 1174 1714 procuratorem
1204 1673 1357 1704 antedicti
1388 1673 1506 1704 domini
1539 1674 1639 1705 nostri
1664 1673 1850 1705 moderandi
1875 1674 1968 1704 unius
1992 1683 2098 1704 marce

464 1725 622 1755 redditum
652 1726 682 1755 in
714 1725 863 1766 predictis
895 1726 973 1755 loeis
1005 1725 1096 1756 nobis
1132 1726 1284 1766 assignet.
1373 1727 1421 1765 (3)
1448 1725 1488 1755 Et
1518 1726 1543 1756 si
1574 1725 1659 1767 apud
1683 1725 1878 1766 Bopardiam
1904 1726 1935 1756 in
1959 1725 2099 1757 thelonio

465 1780 497 1807 ct
521 1777 591 1807 aliis
609 1777 728 1807 domini
752 1778 850 1807 nostri
870 1778 992 1808 iuribus
1012 1778 1207 1809 sufficientes
1227 1777 1369 1808 redditus
1394 1788 1449 1819 pro
1468 1777 1596 1808 modulo
1614 1778 1800 1819 principalis
1819 1776 1919 1807 debiti
1943 1779 1976 1808 et
1992 1787 2106 1811 acces<

465 1829 540 1858 sorii
566 1828 744 1869 quantitate
770 1829 836 1869 ipse
861 1828 1006 1859 (lominus
1032 1833 1140 1859 noster
1166 1829 1308 1865 dederit,
1334 1829 1482 1860 NVesalia
1507 1829 1691 1871 supradicta
1720 1830 1779 1860 erit
1808 1840 1826 1860 a
1849 1840 1936 1860 nexu
1959 1829 2099 1871 pignoris

466 1880 567 1911 libera
593 1884 624 1911 et
650 1881 763 1912 soluta.
810 1880 845 1911 Si
871 1891 944 1911 vero
970 1881 1073 1911 minus
1098 1881 1243 1922 predicta
1267 1882 1337 1912 loca
1361 1881 1533 1911 habuerint
1557 1882 1587 1912 in
1612 1881 1800 1919 redditibus
1826 1881 1857 1911 in
1874 1881 2099 1924 vicinioribusss

465 1932 544 1962 locis
569 1932 712 1962 dominus
741 1936 851 1963 noster
875 1932 966 1962 nobis
992 1933 1153 1963 tenebitur
1177 1933 1236 1963 hoc
1262 1934 1422 1974 supplere.
1519 1933 1564 1973 (4)
1590 1933 1641 1963 Ex
1671 1932 1854 1974 supradicta
1883 1936 1991 1964 tamen
2022 1932 2100 1964 obli-

466 1983 601 2023 gacione
628 1983 705 2013 nulli
731 1983 858 2013 omnino
884 1984 913 2013 in
940 1984 1025 2020 iure,
1050 1984 1132 2024 quod
1159 1984 1219 2014 sibi
1245 1994 1285 2015 ex
1310 1984 1428 2015 domini
1455 1985 1556 2015 nostri
1590 1984 1723 2025 predicti
1756 1985 1808 2015 vel
1837 1984 2101 2025 predecessorum

467 2045 594 2065 suorum
620 2035 829 2065 concessione
855 2034 959 2069 divali,
985 2036 1093 2075 gracia
1110 2036 1159 2065 vel
1185 2036 1352 2077 privilegio
1378 2037 1539 2077 competit,
1565 2037 1632 2066 vult
1656 2036 1802 2067 dominus
1828 2039 1937 2066 noster
1961 2034 2100 2077 preludi-

468 2086 551 2116 cium
584 2086 713 2126 aliquod
742 2087 906 2125 generari,
942 2091 990 2117 set
1020 2088 1087 2117 vult
1118 2088 1187 2118 iura
1217 2098 1273 2117 sua
1303 2088 1499 2128 quibuslibet
1528 2088 1595 2118 fore
1626 2088 1724 2118 salva.
1813 2088 1861 2129 (5)
1884 2087 1974 2118 Idem
1999 2087 2099 2118 eciam

468 2137 614 2168 dominus
638 2142 745 2168 noster
771 2138 800 2168 in
826 2139 977 2179 predictis
1003 2139 1080 2169 locis
1105 2139 1266 2180 Bopardia
1291 2144 1322 2170 et
1339 2139 1487 2170 XVesalia
1511 2140 1591 2170 sibib
1616 2140 1750 2171 liberum
1776 2140 1950 2178 introitum,
1976 2139 2096 2170 exitum

469 2193 500 2219 et
524 2189 716 2219 adiutorium
746 2201 800 2230 pro
830 2191 894 2220 suis
933 2194 965 2220 et
998 2191 1123 2232 imperii
1153 2194 1296 2222 reservat
1325 2192 1483 2232 negociis,
1514 2195 1609 2233 prout
1641 2192 1728 2233 prius
1760 2191 1872 2222 habuit
1901 2192 1932 2221 in
1969 2190 2099 2222 eisdem.

469 2242 516 2280 (6)
541 2241 695 2271 Prctcrea
719 2242 785 2271 vult
811 2242 893 2271 idem
918 2242 1065 2272 dominus
1090 2246 1200 2273 noster
1224 2254 1281 2273 rex
1306 2254 1363 2273 nos
1389 2244 1438 2274 vel
1462 2247 1589 2274 nostros
1607 2253 1811 2274 successores
1836 2244 1866 2274 in
1883 2242 2102 2284 predictorum

469 2292 651 2322 reddituum
678 2293 766 2322 iuxta
790 2292 916 2322 modum
947 2293 1092 2334 superius
1125 2293 1324 2324 declaratum
1354 2295 1488 2336 pacifica
1516 2295 1718 2336 possessione
1747 2294 1902 2336 gaudere,
1936 2303 2101 2336 quousque

470 2354 525 2384 per
548 2344 710 2374 dominum
736 2348 876 2373 nostrum
902 2344 951 2375 vel
977 2355 1051 2375 suos
1077 2356 1282 2376 successores
1308 2346 1451 2387 predicta
1477 2357 1653 2377 marearum
1680 2357 1803 2377 summa
1827 2356 1898 2377 cum
1922 2345 2101 2377 accessorio

470 2395 536 2425 sive
566 2395 711 2436 dampnis
738 2406 793 2436 per
818 2396 919 2425 dictos
945 2421 951 2427 .
977 2421 982 2426 .
1009 2397 1157 2427 comitem
1183 2401 1215 2428 et
1238 2402 1478 2438 procuratorem
1508 2399 1608 2439 ipsius
1634 2399 1733 2429 nostri
1757 2398 1875 2428 domini
1899 2395 2098 2428 declarandis

470 2447 562 2478 nobis
593 2451 624 2477 et
655 2447 769 2477 nostris
801 2447 972 2478 heredibus
1004 2449 1146 2489 plenarie
1177 2449 1293 2479 fuerint
1326 2450 1480 2481 exsolute.
1527 2450 1563 2480 In
1595 2450 1685 2480 cuius
1715 2450 1931 2481 testimonium
1965 2448 2101 2490 sigillum

473 2502 612 2529 nostrum
639 2500 840 2540 presentibus
866 2503 912 2529 est
937 2511 1123 2541 appensum.

581 2551 650 2580 Dar.
681 2551 828 2586 Wienne,
856 2551 883 2581 in
909 2552 1081 2593 epiphania
1108 2552 1245 2586 Domini,
1272 2564 1355 2583 anno
1381 2553 1523 2583 eiusdem
1550 2552 1828 2584 MCCLXXVIII.

578 2723 639 2750 l-Sl.
660 2723 682 2756 ¹¹)
703 2733 717 2748 n
738 2733 803 2749 eurr.
822 2733 897 2756 super
916 2735 930 2747 υ
949 2734 985 2749 or.
1074 2724 1097 2756 ὓ)
1117 2734 1196 2757 supra
1216 2726 1307 2750 lineam
1329 2726 1389 2750 addi
1409 2735 1444 2751 or.

2123 847 2146 865 10

2124 1376 2146 1395 20

2121 1633 2144 1653 25

2126 1895 2150 1914 80

2125 2150 2146 2170 8⁵

2126 2410 2151 2429 ⁴0
