2259 3116
407 162 468 190 374
1110 157 1295 183 APPENDJX
1317 158 1350 183 II.

518 245 550 274 [n
575 244 692 275 Christi
716 244 852 274 nomine.

519 306 564 344 (l)
600 304 789 345 Magnificus
820 304 866 334 vir
894 303 1040 335 dominus
1072 304 1233 335 Rudolfus
1264 305 1438 345 imperialis
1469 304 1541 335 aule
1570 304 1778 335 cancellarius
1814 308 1846 335 et
1879 305 1910 334 in
1940 304 2054 335 Tuscia

408 357 544 387 vicarius
568 356 744 397 ἕψοι-11115,
775 356 902 386 nuntius
932 360 963 386 et
992 362 1179 396 procurator
1202 357 1326 397 imperii
1357 360 1388 386 et
1412 356 1605 386 serenissimi
1635 356 1752 386 domini
1783 355 1912 386 Rudolfi
1935 356 2053 387 Roma-

407 418 516 438 norum
554 408 638 448 regis
673 418 790 448 senper
818 408 963 448 augusti,
1000 407 1163 438 confessus
1199 411 1231 438 et
1259 407 1446 438 manifestus
1477 407 1551 446 fuit,
1585 418 1618 438 se
1650 408 1813 448 accepisse
1844 411 1876 437 et
1905 407 2053 439 habuisse

406 462 516 490 mutuo
554 462 585 489 et
616 463 689 489 ante
719 459 800 488 hunc
831 462 1028 489 contractum
1059 460 1221 500 recepisse
1254 470 1272 489 a
1303 459 1454 489 Iacobino
1485 459 1643 500 quondam
1670 459 1816 490 Verniilii
1846 459 1955 490 Alfani
1987 460 2054 490 cive

407 511 591 541 Florentino
622 511 681 541 tria
708 510 795 540 inilia
830 510 1080 551 quadringentos
1108 511 1245 541 florenos
1275 521 1389 541 aureos
1418 522 1475 551 pro
1504 512 1593 541 iustis
1625 511 1813 542 necessariis
1842 514 1874 541 et
1901 509 2054 552 uti[li]bus

407 563 556 603 expensis
591 563 714 603 imperii
752 565 784 592 et
816 562 915 602 ipsius
950 562 1069 593 domini
1100 563 1184 603 regis
1214 566 1246 593 et
1274 564 1372 603 ipsius
1407 563 1526 593 domini
1556 563 1737 593 cancellarii
1774 570 1805 593 et
1835 574 1892 604 pro
1921 562 2054 603 agendis

406 614 543 655 negotiis
566 614 691 654 imperii
717 618 749 643 et
772 613 907 654 predicti
932 613 1050 644 domini
1069 615 1163 654 regis,
1189 614 1273 644 dicto
1298 614 1451 644 Iaeobino
1469 614 1685 655 supradictam
1703 615 1872 655 pecuniam
1889 617 2053 644 mutuante

407 677 468 695 non
496 669 618 695 tantum
651 665 922 705 contemplatione
960 665 1084 705 imperii
1116 669 1147 695 et
1184 666 1318 706 predicti
1348 666 1467 696 domini
1503 666 1604 706 regiS,
1634 676 1743 696 verum
1780 666 1877 696 etiam
1912 668 2053 696 oontem-

408 717 548 758 platione
585 716 719 757 predicti
749 716 868 746 domini
904 716 1095 747 cancellarii.
1155 717 1257 752 Quam
1294 718 1428 758 pecunie
1465 718 1676 758 quantitatem
1713 717 1875 758 predictus
1910 717 2054 748 dominus

407 769 615 799 cancellarius
642 768 711 798 vice
742 771 773 798 et
802 769 927 798 nomine
956 769 1082 809 imperii
1113 772 1145 799 et
1174 769 1309 809 predicti
1340 769 1459 799 domini
1488 769 1573 809 regis
1597 772 1629 799 et
1657 780 1712 799 suo
1743 769 1899 810 solempni
1929 770 2052 800 vinculo

407 820 619 861 stipulationis
655 821 800 861 promisit
827 820 980 851 Iacobino
1016 821 1160 862 predicto
1196 832 1252 862 pro
1289 832 1321 852 se
1352 825 1384 852 et
1422 821 1595 852 heredibus
1627 823 1691 852 suis
1726 822 1816 862 dare,
1852 821 1987 852 reddere
2023 826 2054 852 et

407 873 574 903 restituere
610 873 677 903 sine
714 872 859 913 dampnis
890 876 922 903 et
954 874 1104 913 expensis
1132 874 1231 913 ipsius
1255 873 1398 903 Iacobini
1428 878 1459 904 et
1482 884 1610 904 snorum
1635 874 1806 913 heredum,
1842 874 1867 904 si
1902 883 1964 914 qua
1998 884 2054 904 seu

407 935 485 964 quas
509 924 643 954 feceriut
666 924 717 955 vel
740 924 911 954 habuerint
935 935 991 965 pro
1016 924 1161 965 predicta
1192 926 1327 965 pecunia
1356 925 1577 966 recuperanda
1606 926 1635 956 in
1659 925 1776 956 iudicio
1801 932 1833 955 et
1857 928 1948 955 extra
1972 925 2052 956 iudi-

407 977 499 1015 cium,
524 976 684 1006 credendo
709 976 749 1006 de
768 976 914 1016 dampnis
939 980 970 1006 et
988 977 1137 1017 expensis
1162 977 1285 1017 sinplici
1303 977 1401 1007 verbo
1418 978 1517 1018 ipsius
1535 978 1679 1008 Iaeobini
1704 982 1736 1008 et
1752 988 1879 1008 suorum
1896 977 2050 1007 heredum

407 1029 473 1058 sine
498 1038 594 1058 onere
620 1027 826 1068 probationis.
917 1028 962 1067 (2)
998 1028 1061 1058 Pro
1094 1028 1208 1069 quibus
1238 1029 1339 1059 tribus
1367 1029 1495 1059 milibus
1526 1029 1767 1070 quadringentis
1795 1029 1922 1059 florenis
1950 1029 2053 1059 aureis

411 1083 443 1110 et
471 1079 617 1120 dampnis
653 1082 684 1109 et
715 1080 864 1119 expensis
894 1079 1047 1120 predictis
1077 1079 1222 1111 dominus
1252 1081 1478 1112 cancellarius.
1515 1082 1666 1114 vicarius.
1703 1085 1898 1121 procurator,
1927 1081 2053 1111 nuntius

406 1132 531 1171 imperii
560 1134 592 1161 et
624 1131 699 1161 dicti
724 1131 843 1161 domini
868 1132 952 1171 regis
981 1131 1136 1172 obligavit
1160 1131 1244 1162 dicto
1270 1132 1397 1163 domino
1422 1133 1574 1163 Iacobino
1600 1144 1656 1174 pro
1681 1144 1714 1163 se
1740 1136 1772 1163 et
1796 1132 1968 1163 heredibus
1991 1133 2053 1162 suis

408 1186 507 1213 terras
533 1186 563 1212 et
588 1182 805 1223 possessiones
829 1183 964 1223 imperih
994 1183 1114 1213 scilicet
1138 1184 1339 1224 plaggiarum
1364 1185 1489 1225 imperii
1514 1184 1565 1215 vel
1589 1184 1800 1214 enlmatarum
1823 1184 1960 1215 fluminis
1977 1184 2053 1214 Arni

407 1235 493 1264 curie
519 1234 625 1264 Sancti
650 1233 790 1263 Miniatis
820 1236 852 1264 et
875 1234 1052 1273 Fieeechii,
1084 1245 1145 1275 que
1170 1240 1241 1265 sunt
1266 1246 1306 1266 ex
1331 1239 1422 1276 parte
1455 1236 1601 1266 meridiei
1626 1236 1701 1266 dicti
1725 1237 1861 1266 fluminis
1885 1236 1950 1266 sive
1976 1236 2051 1266 citra

407 1287 509 1326 ipsum
533 1286 665 1325 flumen,
695 1289 726 1315 et
756 1296 866 1316 omnes
891 1289 922 1316 et
946 1286 1086 1327 singulos
1110 1287 1253 1317 redditus
1278 1291 1309 1317 et
1333 1291 1506 1328 proventus
1531 1292 1563 1318 et
1587 1288 1796 1318 obventiones
1820 1287 1861 1318 ad
1884 1289 2051 1328 imperium

407 1341 439 1367 et
463 1337 641 1377 predictum
671 1347 780 1377 regem
806 1338 1003 1377 pertinentes
1027 1338 1056 1368 in
1082 1339 1158 1378 ipsis
1183 1339 1274 1369 terris
1298 1339 1500 1380 plaggiarum
1524 1350 1580 1369 seu
1598 1340 1808 1370 culmatarum
1832 1350 1888 1369 seu
1912 1339 1952 1370 de.
1976 1340 2051 1380 ipsis

406 1389 457 1419 vel
481 1400 536 1429 pro
561 1389 637 1428 ipsis
662 1389 753 1418 terris
778 1392 809 1418 et
833 1389 1096 1429 possessionibus.
1144 1390 1193 1421 Ita
1226 1391 1310 1431 quod
1343 1392 1410 1432 ipse
1442 1391 1612 1421 ,lat—obinus
1641 1395 1673 1421 et
1698 1392 1765 1421 eius
1789 1391 1926 1421 heredes
1951 1391 2051 1421 dictos

406 1440 566 1476 redditus,
596 1444 768 1480 proventus
799 1444 831 1470 et
861 1441 1070 1471 obventiones
1095 1443 1218 1482 possint
1252 1443 1372 1473 habere
1398 1446 1429 1473 et
1459 1444 1590 1484 exigere
1626 1449 1657 1473 et
1689 1444 1734 1473 eis
1764 1444 1809 1473 uti
1839 1446 1871 1473 et
1899 1453 2050 1473 exercere

406 1502 525 1532 eosque
550 1492 581 1521 in
605 1502 662 1522 sua
685 1492 823 1522 utilitate
849 1495 1050 1531 convertere⁷
1082 1493 1167 1523 nullo
1194 1494 1233 1524 de
1258 1495 1410 1535 predictis
1434 1495 1466 1524 in
1490 1500 1607 1525 sortem
1633 1498 1827 1536 computato.
1917 1495 1965 1535 (3)
2000 1494 2048 1525 De

406 1543 521 1583 quibus
546 1543 692 1573 omnibus
723 1554 756 1573 se
789 1543 934 1584 predicto
963 1544 1116 1575 Iacobino
1153 1550 1184 1575 et
1207 1546 1271 1576 suis
1295 1546 1469 1577 heredibus
1496 1547 1659 1577 constituit
1682 1557 1915 1588 possessorem,
1951 1547 2050 1577 donec

405 1595 489 1625 idem
518 1595 688 1625 Iacobinus
718 1595 917 1635 corporalem
948 1595 1199 1636 adprehenderit
1227 1598 1470 1638 possessionem.
1516 1598 1558 1629 Et
1587 1600 1836 1639 possessionem,
1869 1609 1965 1640 quam
1988 1599 2049 1629 iam

405 1647 504 1677 habet
528 1646 566 1676 de
584 1646 736 1687 predictis
761 1646 845 1677 idem
864 1647 1010 1677 dominus
1028 1649 1246 1684 cancellarius„
1271 1650 1406 1680 vicarius
1431 1654 1463 1680 et
1479 1655 1666 1691 procurator
1690 1654 1722 1681 et
1738 1651 1875 1688 nuntius,
1900 1650 2049 1682 Iacobino

406 1698 548 1738 predicto
575 1698 781 1735 confirmavit5
806 1698 951 1729 cedendo
975 1699 1035 1739 ipsi
1060 1699 1213 1731 Iacobino
1239 1712 1294 1741 pro
1319 1713 1352 1731 se
1378 1705 1409 1732 ct
1433 1701 1606 1732 heredibus
1630 1704 1694 1733 suis
1712 1703 1817 1733 omnia
1840 1703 1908 1732 iura
1926 1712 2049 1732 omnes-

405 1761 466 1789 que
491 1750 632 1780 actiones
656 1750 750 1779 utiles
775 1753 807 1779 et
830 1750 981 1787 directas5
1014 1752 1117 1782 reales
1148 1757 1179 1782 et
1210 1753 1394 1793 personales
1426 1757 1458 1783 et
1481 1754 1613 1793 mixtas7
1639 1765 1699 1794 que
1725 1758 1757 1785 et
1780 1764 1859 1794 quas
1883 1754 2049 1794 imperium

406 1806 438 1831 et.
465 1801 627 1842 predictus
658 1801 803 1831 (lominus
834 1812 891 1831 rex
922 1802 1043 1833 habent
1078 1814 1135 1833 seu
1163 1804 1283 1835 habere
1319 1808 1450 1845 possent
1482 1806 1511 1835 in
1544 1805 1639 1836 rebus
1672 1805 1832 1846 predictis.
1886 1805 1936 1836 Ita
1965 1804 2048 1846 quod

405 1854 492 1893 ipse²¹
516 1853 684 1883 Iacobinus
714 1858 746 1883 et
774 1854 821 1883 sui
846 1854 983 1884 heredes
1008 1856 1051 1885 ita
1076 1856 1197 1896 possint
1221 1867 1335 1897 agere,
1367 1867 1514 1893 causare,
1544 1858 1707 1898 requirere
1733 1861 1766 1887 et
1789 1858 1920 1898 exigere
1945 1857 2050 1887 omnia

406 1912 437 1935 et
461 1905 584 1945 singula
608 1905 806 1945 supradicta7
841 1906 929 1936 sicud
953 1907 1022 1947 ipse
1048 1907 1194 1938 dominus
1217 1919 1274 1939 rex
1299 1912 1424 1949 posset,
1450 1920 1614 1950 quousque
1640 1909 1784 1950 predicta
1809 1919 1931 1939 summa
1955 1909 2048 1938 trium

405 1957 526 1987 milium
558 1957 861 1998 quadringenn»rum
890 1959 1083 1989 florenorum
1120 1970 1290 1990 aureorum
1322 1960 1427 1991 eidem
1463 1961 1610 1992 lacobino
1642 1972 1698 1991 seu
1730 1960 1903 1991 heredibus
1934 1960 2001 1991 eius
2030 1970 2048 1990 a

406 2008 549 2048 predieto
576 2008 702 2038 domino
728 2019 804 2049 rego
829 2020 884 2039 seu
910 2009 1038 2040 domino
1058 2012 1249 2042 cancellario
1274 2013 1323 2043 vel
1343 2013 1579 2043 successoribus
1604 2013 1667 2043 suis
1691 2013 1784 2053 plene
1810 2023 1880 2042 culn
1905 2011 2048 2052 dampnis

406 2062 437 2088 et
473 2060 621 2099 expensis
656 2060 749 2089 fuerit
784 2062 939 2091 restituta.
1044 2063 1089 2101 (1)
1138 2062 1177 2092 Et
1213 2074 1253 2093 ex
1289 2068 1376 2094 certa
1413 2069 1444 2094 et
1479 2070 1655 2105 spontanea.
1690 2064 1853 2094 voluntate
1888 2063 2048 2104 predictus

406 2110 551 2140 dominns
569 2111 775 2141 cancellatius
800 2120 830 2142 et
848 2113 983 2143 vicarius
1008 2124 1041 2144 se
1066 2114 1200 2145 subiecit
1217 2116 1423 2146 iurisdietioni
1443 2117 1585 2156 episcopi
1601 2116 1761 2155 Fomlani,
1787 2119 1821 2146 ut
1844 2116 1874 2146 in
1892 2114 2048 2145 eundemb

406 2161 567 2191 dominum
597 2163 820 2194 eaneellarium
857 2165 940 2195 idem
971 2165 1117 2195 dominus
1151 2167 1320 2207 episcopus
1359 2169 1550 2198 sententiam
1580 2168 1918 2198 exconnnunicationis
1952 2167 2049 2208 possit

406 2213 619 2253 pronnilgare,
644 2215 668 2244 si
694 2226 741 2251 ea,
767 2226 827 2255 qne
854 2217 883 2245 in
901 2218 1040 2256 presenti
1059 2222 1223 2248 contractu
1240 2219 1449 2258 eontinentur,
1474 2220 1568 2260 plene
1594 2219 1698 2250 eidem
1724 2220 1874 2250 Iocobino
1900 2224 1931 2249 et
1954 2219 2045 2249 here-

406 2263 496 2293 dibus
531 2265 594 2294 suis
628 2276 687 2294 non
724 2266 839 2296 fuerint
876 2267 1054 2299 observata.
1145 2271 1190 2309 (5)
1228 2270 1268 2300 Et
1307 2272 1499 2301 renuntiavit
1533 2272 1618 2302 idem
1659 2272 1806 2302 dominus
1841 2271 2047 2302 cancellarius

406 2316 585 2355 exceptioni
611 2318 744 2356 pecunie
771 2329 829 2347 uon
848 2325 1012 2349 numerate
1038 2321 1088 2350 vel
1113 2332 1173 2351 non
1199 2328 1328 2362 recepte
1354 2326 1386 2352 et
1403 2323 1487 2363 quod
1513 2334 1569 2353 nec
1596 2324 1662 2364 ipse
1680 2323 1825 2353 dominus
1843 2322 2048 2353 cancellarius

405 2377 461 2395 nee
488 2367 632 2397 domiuus
664 2379 717 2397 rex
744 2380 801 2398 nee.
831 2381 1030 2401 s11cc‹3=sso1·es
1065 2373 1132 2402 eius
1157 2375 1449 2413 c«›1111w11sationen1
1475 2385 1532 2404 nec
1563 2375 1773 2405 retentionem
1798 2378 1961 2415 opponent
1990 2373 2048 2414 ipsi

409 2418 555 2448 lueobino
580 2430 637 2448 nee
663 2420 834 2450 heredibus
859 2422 921 2451 suis
947 2424 1113 2453 occasione
1144 2435 1308 2455 usurarum
1340 2436 1397 2456 nec
1427 2426 1533 2466 aliqua
1563 2426 1623 2456 alia
1651 2427 1771 2456 ratione
1797 2426 1846 2456 vel
1871 2425 2046 2456 occasione.

405 2470 592 2499 (¹ontitendo
618 2470 701 2500 idein
728 2471 872 2501 dotninus
897 2474 1119 2513 cancellarius,
1154 2476 1238 2515 quod
1263 2476 1364 2507 dietus
1392 2477 1562 2507 Iaeobinus
1591 2478 1631 2508 de
1657 2478 1805 2509 mandato
1831 2478 1904 2508 dieti
1931 2477 2046 2507 domini

405 2522 583 2551 ‹›;111‹:‹=11;n·ii
610 2529 640 2551 et
664 2523 965 2563 vivarii-1›reah-mm
985 2527 1118 2565 pecunie
1137 2528 1346 2566 quantitatem
1372 2529 1429 2559 sub
1455 2530 1556 2559 usuris
1573 2531 1707 2571 accepit,
1733 2541 1865 2571 quarum
1882 2538 2045 2560 usurarum

406 2574 563 2612 quantitas
581 2574 745 2605 adsccndit
764 2580 894 2611 tantuin„
920 2581 1071 2616 quantun]
1091 2578 1289 2610 adscendunt
1307 2592 1416 2611 omnes
1434 2581 1576 2612 redditus
1602 2586 1633 2612 et
1658 2586 1827 2623 proventus
1846 2586 1997 2612 tcrrarmn
2016 2586 2047 2610 ct

406 2626 638 2663 possessionum
657 2626 880 2666 predictarum.
932 2630 976 2667 (oi
996 2628 1036 2658 Et
1054 2631 1248 2661 renuntiavit
1264 2632 1347 2662 idem
1366 2633 1512 2663 dominus
1526 2633 1743 2669 cancellarius,
1760 2633 1905 2669 vicarius,
1922 2633 2047 2662 nuntius

405 2680 435 2704 1-1
462 2683 646 2715 procurator
670 2679 786 2708 actioni
820 2683 849 2708 et
882 2680 1064 2719 exceptioni
1098 2681 1160 2711 doli
1197 2683 1269 2712 mali
1306 2685 1390 2714 etin
1424 2685 1560 2715 factume
1593 2691 1623 2715 et
1652 2685 1821 2716 coinlitioni
1854 2685 1920 2714 sine.
1952 2694 2045 2713 causa

506 2778 570 2804 1112.
591 2786 612 2800 ·“1
635 2790 710 2812 <nlo-11
731 2783 821 2806 lineam
842 2783 896 2806 olla
916 2792 991 2807 mann
1011 2785 1071 2808 mlsl,⁴
1095 2786 1124 2810 ,1.
1214 2786 1236 2813 ¹'t
1256 2796 1313 2811 1-11111
1335 2789 1364 2811 A.
1455 2793 1477 2815 *')
1499 2790 1566 2812 sactu
1589 2789 1619 2812 Α.

2075 730 2097 748 10

2070 987 2093 1006 1⁵

2071 1245 2096 1264 20

2067 1504 2090 1523 25

2068 1761 2092 1780 3⁰

2067 2022 2090 2041 35

2066 2278 2090 2297 40

2065 2535 2088 2554 (ὃ
