2259 3164
86 757 109 775 10

86 1015 107 1033 15

85 1275 109 1294 ²0

86 1536 109 1556 2⁵

85 1795 109 1813 ³0

86 2143 109 2162 ³5

86 2428 111 2446 40

85 2704 109 2723 45

474 190 630 217 annom
650 190 752 216 uncis
773 191 1089 219 CONSTITUTIONES.
1129 195 1200 220 1270.
1237 195 1424 223 N1·.115›.11‹;.
1699 201 1757 230 109

137 279 264 312 Pernek
294 281 326 310 et
353 278 596 318 Wikhartslag,
636 288 697 319 que
730 281 838 319 preter
874 278 1086 309 firmacionem
1126 282 1290 312 concordie
1330 283 1368 313 de
1406 287 1579 315 vestrorum
1611 285 1756 315 manibus

137 331 295 363 hostiliter
312 333 386 361 sunt
402 332 561 371 exempta,
587 329 678 360 nobis
696 329 827 360 indilate
845 329 969 360 faciatis
986 331 1109 361 restitui
1134 336 1165 362 et
1189 332 1227 362 ad
1246 344 1356 364 nmnus
1374 338 1496 365 nostras
1518 336 1631 366 iterum
1655 337 1756 366 assist-

136 383 213 414 nari.
258 382 341 413 Nam
370 381 455 412 dicta
487 384 591 411 castra
614 391 676 411 non
707 380 886 411 debuerunt
916 392 972 422 per
1004 382 1189 413 violenciam
1227 395 1244 414 a
1272 389 1377 416 nostra
1413 387 1507 417 eximi
1538 391 1697 428 potestate
1721 360 1758 417 ‘ct

136 435 162 465 si
178 433 305 475 aliquod
322 433 371 464 ius
395 433 427 463 in
449 433 527 474 ipsis
551 432 664 463 castris
684 432 843 473 habuerit,
867 433 928 463 hoc
945 433 1107 465 mediante
1134 435 1257 466 iusticia
1282 442 1493 478 prosequatur
1520 442 1551 469 et
1574 439 1612 469 de
1637 439 1756 479 spoliis,

136 497 196 528 que
224 485 370 516 similiter
397 484 522 515 firmata
552 494 630 526 pace
666 485 800 514 comissa
836 488 908 515 sunt
942 485 972 515 in
1008 484 1168 518 Moravia,
1199 487 1357 523 satisfieri,
1393 489 1471 519 sicut
1507 490 1609 521 decet.
1666 490 1757 527 Quia,

132 542 167 569 ut
190 547 300 569 verum
324 536 485 567 fateamur
509 538 540 567 et
565 539 702 574 certum,
734 536 851 567 leviter
874 537 1033 578 potuimus
1059 538 1283 578 spoliatoribus
1317 539 1435 569 eisdem
1468 551 1632 571 occurrere
1664 544 1694 570 et
1719 551 1757 570 ne

135 587 314 621 huiusmodi
346 588 451 630 spolia
474 587 692 627 comitterent,
717 588 857 629 ipsorum
882 588 1069 618 resistentes
1095 589 1260 619 conatibus
1285 589 1423 628 obviare,
1448 602 1518 621 cum
1544 593 1604 622 iam
1629 602 1755 632 premu-

134 642 191 673 niti
209 650 352 672 essemus
370 639 409 671 de
427 640 536 681 spoliis
562 643 593 670 et
610 639 714 670 adhuc
743 643 842 670 totum
868 644 1010 670 nostrum
1035 641 1211 670 exereitum
1236 641 1434 672 haberemus.
1481 642 1543 673 Sed
1567 654 1623 673 nos
1650 642 1756 684 {idem}

137 692 330 725 correccioni
343 695 449 723 vestre
467 691 666 722 celsitudinis
684 694 886 722 reservantes
904 692 1016 733 pocius
1034 692 1178 722 volumus
1195 695 1356 733 tamquam
1375 693 1553 734 inpotentes
1572 694 1758 724 violenciam

135 745 270 787 perpeti,
295 754 389 786 quam
406 746 555 785 potenter
572 743 719 774 iniuriam
738 743 934 784 propulsare,
959 753 998 773 nc
1017 743 1151 774 fortasse
1176 754 1216 774 ex
1241 747 1329 785 parte
1355 748 1463 775 nostra
1486 746 1572 786 pacis
1597 745 1758 775 ordinacio

135 800 284 838 corrupta
306 796 339 826 in
363 795 469 836 aliquo
495 794 666 826 videretur.
758 793 805 835 (5)
831 793 900 829 Que
924 794 1128 825 inobservata
1153 798 1200 825 est
1226 796 1256 825 in
1281 796 1434 835 magistro
1452 796 1501 826 [Ἴ.
1520 796 1758 837 prothoimtario

134 851 254 887 nostro,
279 858 352 879 nam
376 857 446 878 cum
469 849 621 877 cautum&
645 849 729 877 esset
747 845 925 887 expresseh
948 847 979 876 in
996 846 1096 876 forma
1113 847 1367 888 composicionis,
1392 858 1430 878 ne
1456 847 1538 877 idem
1557 848 1759 888 possessione

134 899 335 931 Wienensisi
359 898 497 930 ecclesie
525 899 723 940 privaretur,
758 901 864 928 tamen
899 898 1054 938 spoliatus
1090 898 1205 928 extitit.
1252 898 1358 933 Quare
1392 898 1522 939 petimus
1551 902 1585 928 ut
1608 901 1759 929 retracte-

134 957 194 992 tur,
218 956 249 984 et
274 953 299 984 si
321 951 523 994 postmodum
542 952 590 982 ius
607 951 736 992 aliquod
755 952 925 993 episcopus
942 950 1166 981 Patliaviensis
1191 950 1265 981 etc.¹‘
1353 950 1400 991 (6)
1419 950 1569 980 Pretcrca
1589 950 1756 990 privilegia

136 1008 245 1036 nostra
269 1015 365 1046 super
388 1003 623 1046 a'pprobacione
648 1003 917 1044 promulgacionis
948 1002 1103 1039 arbitrii¹,
1128 1003 1210 1032 sicut
1234 1006 1337 1033 vestre
1363 1005 1471 1043 patere
1502 1004 1608 1042 potest
1636 1001 1757 1041 mugni-

133 1057 281 1095 ficencie,
310 1056 401 1087 vobis
424 1055 631 1094 tradidimus,
657 1055 711 1086 sed
735 1058 840 1085 vestra
864 1065 925 1096 que
950 1054 1039 1085 nobis
1065 1054 1231 1089 debentur,
1257 1053 1395 1083 nondum
1426 1056 1497 1083 sunt
1527 1052 1619 1082 nobis
1644 1052 1760 1081 vicaria

133 1107 350 1140 vicissitudine
374 1108 547 1149 assignata.
586 1106 630 1138 Et
654 1107 770 1137 idcirco
794 1106 973 1137 maiestatis
998 1108 1103 1137 vestre
1128 1106 1397 1147 preeminenciam
1428 1105 1578 1135 duximus
1602 1104 1759 1134 attencius

135 1161 340 1200 exorandam,
366 1162 524 1201 quatenus
542 1159 634 1190 nobis
652 1158 737 1189 dicta
760 1158 927 1199 privilegia
945 1157 1092 1188 exhiberi
1110 1157 1235 1187 faciatis
1253 1167 1376 1187 necnon
1401 1160 1432 1186 et
1455 1156 1510 1186 illa
1527 1154 1759 1196 concedatlisl¹,

135 1213 247 1255 quibus
273 1211 333 1243 rati
358 1211 559 1242 contineatur
582 1210 708 1241 habicio
735 1210 932 1250 singularum
957 1213 989 1240 et
1013 1209 1151 1239 omnium
1177 1208 1360 1239 libertatum
1391 1218 1427 1238 ac
1459 1208 1588 1245 iurium,
1618 1217 1696 1248 quas
1729 1210 1759 1236 et

136 1275 196 1307 que
226 1263 450 1306 progenitores
480 1262 580 1293 nostri
614 1272 707 1302 reges
731 1260 864 1291 Boemie
898 1272 915 1291 a
939 1259 1221 1302 predecessoribus
1251 1260 1363 1289 vestris
1386 1259 1601 1289 Romanorum
1632 1257 1759 1297 regibus

134 1320 165 1348 et
193 1315 439 1357 imperatoribus
471 1314 667 1352 habuerunt,
701 1323 757 1354 per
782 1338 788 1343 .
814 1338 820 1344 .
845 1312 937 1342 nobis
976 1311 1087 1342 eadem
1118 1311 1284 1352 privilegia
1323 1311 1444 1351 absque
1476 1320 1562 1340 more
1592 1308 1759 1350 dispendio

134 1368 397 1400 transmittentes.
457 1365 508 1396 Ad
545 1364 630 1406 quod
669 1364 806 1405 denique
852 1364 992 1394 flexilem
1025 1363 1118 1393 decet
1154 1372 1224 1392 esse
1262 1361 1485 1395 clemenciam,
1533 1371 1602 1390 cum
1648 1359 1677 1389 id
1721 1370 1760 1390 ex

135 1420 252 1451 nullius
276 1418 430 1450 novitatis
454 1417 609 1459 primiciis
634 1427 746 1447 recens
772 1418 876 1446 sumat
901 1414 1077 1452 exordium,
1103 1414 1157 1444 scd
1184 1414 1274 1455 quasi
1298 1413 1408 1454 priscis
1433 1416 1539 1443 actum
1563 1411 1760 1451 temporibus

135 1471 333 1513 antiquitatis
369 1469 536 1500 cuiusdam
572 1468 768 1510 pretendens
799 1467 922 1498 senium
954 1467 1148 1496 iuvenescat.
1238 1466 1285 1506 (7)
1310 1464 1532 1504 Significamus
1563 1463 1635 1503 quin
1660 1462 1759 1492 eciam

137 1524 241 1564 vobis,
270 1522 354 1565 quod
379 1521 507 1563 quidam
536 1521 622 1552 cives
653 1520 752 1551 nostri
780 1530 838 1560 per
862 1518 1028 1549 Boemiani
1052 1517 1259 1547 mercacionis
1285 1518 1476 1547 exercentes
1505 1525 1602 1556 opera
1632 1517 1704 1544 sunt
1728 1514 1759 1543 in

135 1575 306 1607 Karinthia
332 1574 429 1606 rebus
454 1573 518 1603 suis
543 1572 689 1603 omnibus
715 1570 853 1612 spoliati.
900 1569 949 1599 Ob
974 1569 1062 1599 cuius
1087 1568 1223 1608 denique
1247 1578 1375 1597 eausam
1401 1567 1445 1597 rei
1470 1566 1585 1606 regalis
1611 1575 1758 1595 mansue-

135 1627 276 1659 tudinem
294 1625 469 1657 clemencie
494 1624 641 1655 similiter
664 1623 885 1664 deprecamur,
910 1624 1064 1662 quatenus
1095 1620 1244 1660 dignetur
1267 1619 1326 1649 boc
1351 1628 1457 1659 agere,
1481 1620 1515 1647 ut
1539 1617 1644 1647 ablata
1668 1616 1758 1647 resti-

134 1683 263 1711 tuantur
280 1678 413 1715 eisdem,
438 1679 470 1708 ct
494 1676 532 1706 de
557 1674 825 1706 habundancioris
849 1673 956 1714 gracie
979 1671 1173 1703 fecunditate
1199 1674 1352 1708 statuere,
1376 1674 1410 1700 ut
1434 1678 1543 1700 omnes
1568 1671 1760 1698 mercatores

135 1732 173 1763 de
197 1731 291 1763 terris
318 1730 436 1761 nostris
462 1731 493 1758 et
518 1738 629 1758 omnes
654 1727 760 1757 nuncii
785 1726 894 1763 nostri,
919 1735 998 1766 quos
1023 1723 1062 1754 ad
1086 1723 1262 1753 Romanam
1288 1721 1533 1752 transmittimus
1551 1720 1680 1754 curiam,
1706 1729 1761 1759 per

136 1784 206 1815 illas
230 1782 411 1825 provincias
435 1779 572 1811 transire
597 1789 710 1810 secure
736 1778 874 1816 valeant,
899 1776 994 1807 salvis
1019 1774 1113 1805 rebus
1137 1785 1246 1806 eorum
1271 1773 1414 1804 omnibus
1440 1775 1471 1803 et
1494 1771 1648 1812 personis.

367 1919 442 1951 116.
467 1916 703 1950 LITTERAE
725 1914 867 1946 REGIS
890 1912 1146 1944 BOEIEMIAE
1166 1911 1231 1942 AD
1259 1909 1537 1942 LUDOVICUM

561 1967 781 2000 COMITEM
800 1964 1089 1997 PALATJNUM.
1134 1963 1224 2003 (Dec.
1248 1963 1340 2001 med)

240 2033 366 2064 Damus
398 2032 471 2062 ‘item
501 2041 538 2061 cx
574 2028 745 2060 collectione
777 2026 909 2057 Hmzrlci
945 2025 981 2055 dc
1017 2024 1150 2055 Iseo-azia.
1207 2023 1330 2054 Codices
1360 2022 1389 2052 K
1416 2032 1464 2052 ην.
1489 2022 1541 2058 915¹,
1570 2020 1597 2050 V
1624 2019 1680 2060 fol.
1701 2019 1762 2048 102

134 2096 182 2117 nr.
200 2087 257 2123 98,
286 2085 340 2116 ubi
368 2084 495 2115 rubrum
526 2081 692 2112 Inducitur
722 2079 870 2121 precibus
904 2077 968 2107 dux
992 2076 1146 2112 Bavarie,
1177 2079 1211 2105 ut
1239 2074 1341 2115 spolia
1364 2074 1460 2104 faciat
1482 2072 1661 2106 retraetari,
1686 2074 1713 2100 ρι’
1736 2071 1761 2100 Ρ

134 2136 160 2169 f'.
178 2138 249 2168 1:26¹
272 2147 320 2167 nr.
343 2136 405 2165 122
428 2134 625 2166 contulerunt
656 2132 747 2162 iidem
775 2131 836 2161 viri
864 2130 953 2160 docti.
1000 2127 1048 2158 Dc
1071 2130 1202 2166 tompore
1229 2129 1256 2156 ct
1287 2126 1407 2155 rasione
1436 2135 1461 2156 v.
1488 2124 1617 2162 Reyesla
1642 2122 1762 2160 imperii

135 2189 183 2220 acl.
206 2199 255 2219 nr.
273 2189 343 2219 639.
1474 2175 1526 2215 (Γ.
1550 2175 1655 2214 dces-l.)

244 2266 324 2297 Cum
340 2265 474 2296 firmiter
490 2263 610 2294 habeat
626 2260 818 2293 intencionis
835 2261 944 2289 nostre
961 2256 1168 2299 propositum,
1186 2255 1335 2286 universa
1353 2256 1384 2285 et
1401 2252 1525 2293 singula
1549 2262 1609 2292 que
1634 2251 1760 2281 domino

136 2321 245 2349 nostro
269 2317 339 2359 regi
363 2316 567 2358 promisimus
593 2313 823 2344 inviolabiliter
847 2310 1032 2347 observare,
1065 2311 1097 2338 et
1121 2306 1287 2337 credamus
1319 2304 1587 2341 indubitabiliter,
1617 2302 1701 2343 quod
1725 2313 1762 2332 ea

139 2380 199 2411 que
226 2380 283 2411 pro
308 2371 398 2410 parte
424 2378 482 2398 sua
506 2366 597 2397 nobis
621 2366 689 2407 ipse
714 2363 858 2405 promisit
883 2361 1042 2392 stabiliter
1072 2360 1297 2393 observentur,
1327 2355 1600 2397 magnificenciam
1625 2357 1761 2384 vestram

138 2422 295 2452 attencius
319 2421 548 2462 deprecamur,
582 2421 740 2459 quatenus
774 2414 911 2446 eundem
936 2413 1096 2443 dominum
1120 2414 1262 2441 nostrum
1287 2419 1396 2449 regem
1414 2407 1519 2438 velitis
1544 2406 1703 2438 inducere,
1728 2408 1762 2434 ut

138 2473 280 2514 singula,
305 2482 366 2513 que
391 2469 657 2501 irracionabiliter
680 2470 865 2509 perpetrata
890 2468 1000 2495 contra
1028 2474 1085 2493 nos
1113 2462 1240 2493 fuerunt
1272 2463 1344 2501 post
1372 2458 1587 2489 firmacioncm
1617 2456 1702 2497 pacis
1731 2460 1761 2485 et

137 2523 329 2554 eoncordie²
354 2523 436 2553 inter
459 2522 580 2552 dictum
605 2520 768 2551 dominum
793 2520 935 2548 nostrum
961 2525 1070 2555 regem
1095 2517 1125 2544 ct
1150 2524 1215 2550 nos,
1241 2512 1389 2552 dignetur
1413 2512 1517 2540 facere
1543 2508 1705 2538 retractari
1732 2515 1761 2535 ct

138 2578 242 2606 eastra
258 2577 369 2606 nostra
386 2599 393 2606 .
411 2597 418 2605 .
436 2577 467 2604 et
491 2597 498 2604 .
515 2572 550 2611 .2,
575 2582 636 2613 que
654 2574 725 2612 post
742 2570 840 2611 ipsius
859 2566 1027 2599 concordie
1046 2564 1354 2596 consolid-acionema
1371 2566 1443 2592 sunt
1462 2563 1653 2601 expugnata,
1674 2558 1760 2588 nobis

136 2627 261 2659 restitui
289 2627 384 2658 faciat
409 2629 440 2658 et
463 2625 502 2656 dc
533 2624 658 2666 spoliis,
690 2633 751 2664 que
784 2620 930 2651 similiter
959 2622 1030 2660 post
1057 2616 1256 2647 concordiam
1282 2615 1435 2644 lirniatam
1469 2613 1499 2641 in
1524 2611 1664 2641 Mor-avia
1689 2613 1761 2638 sunt

238 2704 301 2731 115.
322 2705 347 2736 Β)
366 2708 464 2730 tautum
487 2703 517 2727 Κ.
588 2700 613 2732 1¹)
634 2709 779 2732 expressum
803 2699 832 2722 Κ.
910 2696 926 2727 i)
949 2698 988 2720 W.
1009 2696 1041 2720 K.
1056 2696 1084 2720 Ι).
1156 2693 1179 2723 k)
1199 2694 1232 2717 sic
1256 2693 1284 2716 lx'.
1305 2692 1334 2721 1⁷3
1354 2692 1418 2713 dvm-l
1438 2690 1465 2713 Γ.
1538 2687 1552 2712 Ῑι
1573 2688 1706 2711 concedant
1732 2686 1759 2708 Α.

237 2756 300 2783 116.
320 2757 343 2788 ¹²)
362 2756 539 2781 solidae-ionem
560 2754 592 2778 Κ.

238 2816 263 2849 1)
282 2814 371 2848 Supra
389 2822 430 2840 nr.
445 2818 496 2840 114.
585 2813 611 2844 ²2)
634 2811 698 2838 Vide
717 2817 756 2836 nr.
770 2813 812 2835 115
829 2817 849 2842 c.
863 2813 886 2834 4.
