2259 3164
135 679 160 697 10

138 935 159 953 15

137 1532 161 1551 20

139 1892 161 1911 25

140 2162 164 2181 ³⁰

15 2413 18 2441 ἱ
141 2417 164 2436 35

531 128 661 154 ADOLFI
682 128 786 154 REGIS
806 127 1127 154 CONS'I'ITUTIONES.
1166 130 1239 154 1292).
1276 129 1395 155 N1-.492.
1415 129 1473 155 493.
1761 132 1821 161 477

279 216 418 247 Adolfus
441 220 492 246 Dei
512 219 608 253 gracia
624 219 812 245 Romanorum
834 227 882 244 rex
904 227 1013 252 semper
1035 221 1170 253 augustus
1189 220 1325 246 universis
1349 221 1459 254 imperii
1480 221 1598 247 Romani
1618 220 1745 247 fidelibus
1764 222 1822 246 tam

178 267 353 301 presentibus
371 276 454 299 quam
474 265 573 291 futuris
593 265 716 298 graciam
736 274 813 290 suum
833 266 861 290 et
880 273 958 290 omne
979 265 1086 290 honum.

283 318 420 344 Noverint
441 316 568 347 universi,
588 325 638 342 nos
657 316 765 342 litteras
786 316 858 342 clare
877 316 1008 342 memorie
1028 317 1131 342 domini
1151 317 1283 343 Frideriei
1310 318 1421 344 secundi
1442 318 1625 344 Romanorum
1649 318 1824 352 imperatoris

178 370 279 396 vidisse
299 370 348 395 sub
368 369 445 395 bulla
465 377 547 394 aurea
566 368 593 393 in
613 368 663 394 hec
683 368 779 393 verba:

283 418 323 444 ‘In
346 418 459 444 nomine
483 418 579 443 sancte
597 415 807 442 —indictione
830 416 1011 449 prescriptis'.
1065 422 1164 451 supra
1188 414 1257 442 lom.
1274 413 1323 449 II,
1340 416 1389 449 87,
1414 416 1475 445 not.
1492 415 1522 445 2.

281 469 336 496 Nos
353 469 440 503 igitur
454 468 563 495 devotis
576 468 744 494 venerabilis
759 462 918 493 Gerhardi
930 467 1133 501 archiepiscopi
1146 468 1304 501 Maguntini
1315 469 1458 502 principis,
1477 466 1682 505 consagwinii
1694 472 1723 497 et
1735 471 1822 497 archi-

179 516 338 543 cancellarii
358 515 445 541 nostri
464 514 603 541 karissimi
622 514 751 548 precibus
771 513 901 539 inclinati
921 512 955 539 ad
975 513 1164 539 imitationem
1184 514 1308 540 divorum
1328 515 1525 548 imperatorum
1554 518 1582 542 et
1606 525 1700 550 regum
1726 516 1824 542 Roma-

178 576 273 593 nomm
293 567 517 600 predecessorum
536 568 690 592 nostrorum
709 566 861 591 illustrium
880 565 973 591 onmia
996 567 1024 591 et
1042 565 1153 599 singula
1173 568 1331 599 prenotata,
1359 569 1474 600 excepto
1500 567 1549 593 illo
1568 568 1686 594 articulo
1712 568 1745 594 de
1764 577 1824 602 pro-

179 618 331 652 scripcione
351 620 446 644 contra
465 617 724 645 excommunicatos,
743 619 826 650 prout
845 617 969 650 superius
989 619 1030 642 est
1050 626 1216 650 expressum,
1235 626 1316 649 quem
1336 617 1479 643 maturiori
1500 619 1614 645 consilio
1634 619 1824 645 diffiniendum

178 670 306 697 duximus
325 671 532 701 reservandum,
559 670 592 696 de
611 669 789 703 benignitate
811 669 889 703 regia
913 672 941 695 et
964 678 996 695 ex
1016 671 1092 695 certa
1111 669 1233 695 sciencia
1255 669 1410 696 liberaliter
1429 670 1603 698 innovamus.
1631 671 1825 704 approbamus,

178 722 368 748 confirmamus
388 725 416 748 et
430 722 512 747 huius
525 722 623 755 scripti
637 721 793 755 patrocinio
808 721 1015 747 communimus.
1052 721 1130 746 Nulli
1150 730 1215 754 ergo
1229 721 1340 746 omnino
1353 721 1495 747 hominum
1510 722 1594 748 liceat
1607 722 1678 748 hanc
1692 722 1825 756 paginam

177 776 269 800 nostre
289 773 497 801 inuovacionis,
525 773 740 807 approbacionis
762 775 789 799 et
810 772 1028 799 (scmfirmaeionis
1052 773 1201 806 infringere
1228 774 1271 798 vel
1298 772 1386 799 eidem
1413 782 1481 799 ausu
1507 775 1653 800 temerario
1680 775 1825 801 contraire·

179 825 256 855 Quod
277 826 323 858 qui
344 826 413 851 forte
434 826 524 852 facere
544 825 756 859 presumpserit,
785 834 897 858 gravem
920 827 1011 851 nostre
1031 824 1235 858 indignacionis
1260 825 1390 850 offensam
1410 834 1437 850 se
1458 826 1565 851 noverit
1585 826 1763 851 incursurum.
1795 826 1825 852 ln

179 876 255 902 cuius
283 877 321 902 rei
350 877 540 903 testimonium
568 879 596 903 et
622 877 762 902 munimen
789 886 900 910 presens
924 877 1059 910 scriptum
1087 876 1185 902 exinde
1215 876 1349 902 conscribi
1378 879 1406 902 et
1435 879 1526 902 nostre
1546 877 1702 903 maiestatis
1730 878 1825 911 sigillo

179 928 307 954 iussimus
327 929 498 955 communiri.

280 981 400 1012 Datum
424 982 626 1020 wormacie,
650 981 688 1012 V.
714 981 790 1012 Idus
814 981 1021 1019 Novembris,
1046 981 1218 1011 indictione
1248 984 1353 1021 sexta,
1388 992 1469 1011 anno
1498 981 1627 1011 Domini
1656 981 1824 1012 millesimo

179 1032 397 1064 ducentesimo
412 1029 629 1075 ¹nonagesimo
654 1033 805 1071 secundo,
830 1034 919 1074 regni
943 1043 1018 1063 vero
1043 1033 1141 1063 nostri
1165 1044 1246 1063 anno
1271 1033 1381 1073 primo.

347 1347 447 1397 493.
497 1344 973 1397 MANDATUM
1015 1343 1116 1396 DE
1158 1342 1661 1395 IURAMENTO

444 1421 960 1475 FIDELITATIs
1002 1420 1566 1473 PRAESTANDO.

849 1523 956 1558 1Q9Q,
992 1523 1084 1558 Nov.
1110 1523 1164 1558 14.

283 1633 524 1673 Aufoyraplzon,
554 1633 635 1672 quod
661 1634 693 1664 in
720 1633 879 1663 tabulario
902 1633 1039 1663 civitatis
1064 1633 1251 1663 Lubecensis
1275 1632 1378 1663 ''Tresc
1406 1631 1570 1663 Caesarca'
1594 1642 1642 1662 ην.
1661 1633 1703 1661 43
1726 1642 1827 1662 asser-

179 1688 282 1722 vatur,
311 1685 412 1715 denuo
436 1685 600 1723 descripsit
623 1685 810 1715 Fridericus
833 1685 954 1715 Brzms.
1002 1684 1148 1724 Sigillum
1168 1695 1286 1723 parum
1310 1684 1428 1714 laesum
1452 1684 1541 1714 dorso
1564 1684 1749 1722 impressum
1772 1685 1825 1713 est.

181 1737 223 1767 In
244 1747 330 1767 verso
354 1737 501 1775 legslmtur
523 1736 742 1767 Prudentibus
765 1737 839 1766 viris
863 1737 1038 1777 magistris,
1072 1736 1254 1767 consulibus
1278 1747 1314 1766 ac
1339 1736 1460 1766 civibus
1484 1735 1638 1765 universis
1661 1734 1826 1773 Lubicen.‚

180 1788 328 1819 fidelibus
352 1789 467 1818 nostris
492 1788 625 1819 dilectis.
651 1807 691 1810 —
715 1788 860 1826 Bahmer,
885 1788 958 1827 Rcy.
983 1788 1044 1818 Ad.
1063 1790 1112 1819 04.
1539 1786 1590 1826 (P.
1616 1787 1723 1823 deest.)

282 1883 420 1914 Adolfus
443 1882 505 1913 Dei
529 1883 637 1924 gracia
660 1882 878 1913 Romanorum
908 1893 965 1913 rex
995 1893 1122 1923 semper
1146 1885 1300 1923 augustus
1323 1881 1533 1923 prudentibus
1562 1882 1635 1911 viris
1658 1881 1828 1922 magistris,

182 1935 361 1965 consulibus
391 1945 428 1965 ac
459 1935 580 1965 civibus
610 1935 764 1965 universis
787 1935 1035 1974 Lubicensibus,
1068 1934 1216 1965 fidelibus
1246 1935 1309 1964 suis
1333 1933 1472 1973 dilectis⁷
1503 1934 1645 1974 graciam
1674 1943 1764 1963 suam
1796 1935 1828 1963 et

182 1996 274 2016 omne
298 1985 427 2016 bonum.

282 2045 333 2077 Ex
366 2057 427 2087 quo
458 2049 531 2087 post
555 2046 792 2077 sublimacionis
820 2049 927 2076 nostre
957 2045 1123 2077 exordium
1155 2045 1196 2075 ad
1225 2046 1313 2086 regie
1346 2048 1469 2076 tronum
1495 2044 1690 2075 celsitudinis
1721 2054 1826 2084 neque

181 2097 358 2128 litterarum
388 2108 493 2138 neque
522 2098 708 2128 nunciorum
743 2108 801 2128 nos
834 2097 983 2128 affamine
1019 2098 1183 2137 visitastis,
1217 2097 1458 2127 universitatem
1494 2099 1632 2126 vestram
1666 2106 1826 2136 rogamus,

181 2149 269 2190 regia
301 2149 413 2180 dantes
437 2149 527 2180 vobis
558 2150 748 2180 auctoritate
776 2149 998 2180 nichilominus
1026 2150 1054 2179 in
1081 2149 1254 2188 mandatis,
1287 2149 1434 2189 quatinus
1464 2148 1613 2189 religioso
1642 2147 1708 2177 viro
1738 2157 1825 2177 com-

181 2201 359 2232 mendatori
394 2201 527 2232 fratrum
566 2201 684 2232 ordinis
720 2201 898 2242 Hospitalis
935 2202 1035 2232 sancti
1070 2201 1221 2231 Iohannis
1256 2200 1432 2231 Ierusalem
1472 2199 1584 2230 domus
1618 2198 1826 2233 Coloniensis‚

183 2252 354 2283 exhibitori
382 2254 598 2293 presencium,
634 2264 728 2293 quem
761 2256 893 2294 propter
927 2253 986 2283 hoe
1022 2253 1063 2283 ad
1097 2263 1152 2283 vos
1185 2252 1333 2282 duximus
1362 2250 1655 2291 transmittendum,
1690 2250 1759 2280 vice
1795 2252 1827 2280 et

182 2304 307 2334 nominc
328 2308 435 2335 nostro
452 2304 615 2335 fidelitatis
637 2308 668 2335 et
685 2305 827 2345 homagii
844 2305 992 2345 prestetis
1013 2305 1139 2335 solitum
1157 2304 1380 2343 iuramentum,
1405 2303 1484 2334 duos
1501 2303 1552 2333 vel
1573 2306 1636 2333 tres
1658 2301 1697 2332 de
1715 2301 1826 2331 vestris

183 2356 363 2386 concivibus
387 2356 532 2387 suffultos
556 2357 651 2397 pleno
672 2356 823 2387 mandato
849 2356 889 2387 ad
912 2360 1051 2387 nostram
1076 2356 1276 2397 presenciam
1300 2355 1496 2386 destinantes
1521 2354 1560 2385 ad
1586 2364 1638 2393 ea,
1669 2363 1730 2394 que
1755 2363 1825 2383 cum

184 2405 258 2446 ipsis
282 2408 408 2439 nomine
433 2411 538 2438 vestro
570 2411 603 2438 et
634 2419 673 2439 ex
703 2415 794 2449 parte
822 2411 929 2439 vestra
954 2408 1119 2438 tractanda
1142 2408 1330 2447 viderimus,
1362 2418 1420 2448 per
1449 2417 1581 2447 operam
1610 2403 1824 2445 adimplenda.

184 2457 323 2493 Quorum
358 2459 513 2500 siquidem
549 2460 709 2490 relacione
744 2460 888 2490 instructi
926 2460 967 2490 ad
1002 2461 1121 2499 omnia,
1161 2470 1222 2500 que
1258 2463 1380 2489 vestros
1418 2458 1554 2488 honores
1588 2458 1761 2497 respiciunt
1795 2459 1827 2486 et

183 2508 342 2550 adaugent
366 2511 538 2551 profectus,
562 2515 670 2542 nostra
693 2511 856 2542 molimina
881 2511 1063 2552 dirigemus,

284 2570 403 2601 Datum
427 2571 513 2612 apud
536 2571 710 2611 Landowe,
735 2571 859 2603 XVIII.
884 2571 998 2603 Kalen.
1023 2571 1206 2611 Decemb1·.‚
1230 2572 1321 2612 regni
1344 2571 1442 2601 nostri
1466 2581 1547 2600 anno
1572 2570 1682 2610 primo.
