2259 3164
99 899 123 917 10

97 1160 120 1178 15

95 1416 120 1436 20

96 1679 119 1698 25

94 2078 117 2097 30

94 2384 117 2403 35

511 186 666 212 RUDOLFI
686 186 790 213 REGIS
811 187 1130 216 CONSTITUTIONES.
1168 191 1240 217 1274.
1278 192 1430 219 N1·.37.38.
1744 200 1782 228 35

201 350 254 384 37.
282 349 564 382 MANDATUM
583 350 772 383 DECANO
795 352 858 383 ΕΤ
880 353 1109 386 CAPITULO
1132 355 1465 389 MINFELDENSI
1483 357 1738 391 DIRECTUM.

897 406 976 444 Apr.
994 408 1044 437 30.

257 471 409 504 Servatur
431 471 466 502 sin
488 471 550 502 solo
574 472 675 503 codice
699 472 725 503 O
744 472 869 513 fol.28¹
891 484 941 506 nr.
958 475 1013 512 20,
1042 475 1095 505 ubi
1117 476 1301 506 ‹inscribitur-
1324 477 1394 507 Rex
1419 477 1634 509 Romanorum
1660 479 1782 510 decano

152 524 275 565 totique
301 524 441 565 capitulo
465 523 690 556 Minveldensi.
729 524 843 556 Edidit
866 525 996 556 Redlich
1021 526 1038 557 l.
1057 538 1081 558 c.
1103 527 1139 557 17
1161 538 1211 558 nr.
1227 530 1282 565 20,
1306 529 1397 558 euius
1420 529 1580 560 editionem
1605 531 1779 569 repulimus.

151 575 271 608 Slm'ile's
292 574 395 614 forma
417 578 556 614 superest
579 576 614 606 -ῖη
638 575 664 606 Ε
684 575 743 617 fol.
763 578 825 607 140
847 588 895 609 ur.
912 578 989 615 218,
1019 578 1073 608 ubi
1096 578 1205 610 lemma
1229 579 1344 610 Tereia
1374 580 1478 611 littera
1502 591 1598 622 super
1621 582 1778 623 primariis

152 627 310 669 precibus.
334 646 374 650 ——
399 626 543 665 Balanea
567 627 641 667 Ray.
661 628 734 667 imp.
756 628 807 666 VI,
822 630 893 659 1:33.
1500 632 1553 671 (P,
1571 633 1676 671 deest.)

258 730 447 772 Rud(olfus)
472 733 532 763 etc.
558 730 685 762 dilectis
710 731 743 762 in
768 730 897 762 Christo
922 732 1042 763 decano
1066 757 1098 764 ..
1123 733 1244 774 totique
1269 734 1409 775 capitulo
1434 735 1621 766 monasterii
1646 736 1779 767 Minvel-

150 783 256 815 densis
280 783 422 824 graciam
447 793 537 813 suam
562 786 593 813 et
617 793 710 814 omne
734 783 853 814 bonum
864 789 885 816 ⁸¹.

255 834 334 866 Cum
358 835 459 877 primo
484 835 651 876 primarias
674 839 706 866 et
734 836 875 866 secundo
901 836 1106 867 secundat-ias
1137 847 1192 878 pro
1210 837 1361 868 Heinrico
1387 838 1501 869 elerico
1527 839 1589 869 filio
1607 838 1781 880 H(einrici)

148 887 294 919 Bawarib
323 887 414 917 vobis
442 886 632 917 fiducialiter
662 887 871 918 obtulerimus
912 899 1022 929 preces
1052 892 1193 928 nostras,
1222 893 1256 919 ut
1286 889 1422 920 eundem
1453 890 1484 920 in
1513 893 1620 921 vestra
1647 891 1782 922 ecclesia

149 939 238 970 iuxta
272 939 436 980 antiquam
472 942 504 969 et
539 939 752 980 approbatam
795 940 876 970 sacri
919 940 1042 982 imperii
1078 940 1340 971 consuetudinem
1377 942 1561 983 reciperetis
1603 945 1637 973 ut
1675 943 1782 974 decuit

148 991 179 1021 in
204 991 393 1022 canonicum
415 994 450 1021 'et
474 991 503 1021 in
529 990 678 1031 fratrem,
703 992 809 1022 mirari
836 992 1058 1033 compellimur
1082 992 1308 1032 vehementer,
1334 1004 1396 1034 qua
1420 993 1541 1024 fronte⁰
1565 997 1629 1024 tam
1653 994 1781 1025 frivolas

149 1053 262 1074 causas
287 1046 319 1074 et
349 1043 478 1074 racione
507 1046 655 1074 carentes
684 1043 861 1084 producere
892 1044 1040 1085 potuistis
1072 1044 1101 1074 in
1132 1044 1286 1083 medium,
1317 1044 1430 1086 quibus
1464 1045 1644 1076 huiusmodi
1668 1057 1781 1087 preces

147 1098 288 1133 nostras,
328 1105 388 1136 que
426 1095 502 1125 iuris
540 1098 573 1125 et
610 1095 849 1126 consuetudinis
882 1096 1009 1126 tramite
1041 1095 1230 1133 fulciuntur,
1269 1099 1361 1137 prout
1392 1097 1565 1138 antiquitas
1604 1098 1714 1128 statuit
1752 1101 1782 1128 et

148 1146 342 1177 modernitas
374 1146 597 1189 approbavitd,
631 1147 735 1178 adhuc
765 1158 783 1178 a
812 1150 956 1189 prompte
986 1147 1206 1178 exaudicionis
1230 1148 1448 1189 promptuario
1473 1148 1553 1179 adeo
1582 1149 1783 1190 impudenter

147 1201 178 1229 et
206 1198 413 1240 pertinaciter
442 1199 620 1230 seclusistis
652 1200 683 1230 in
712 1203 856 1230 nostrum
890 1203 920 1229 et
948 1199 1091 1241 imperiie
1126 1210 1186 1230 non
1220 1199 1289 1230 leve
1321 1199 1521 1241 dispendium
1555 1203 1586 1230 et
1618 1201 1782 1239 iacturam,

146 1249 336 1291 quibusdam
372 1250 501 1281 statutis
534 1261 597 1281 non
626 1253 690 1281 tam
719 1251 812 1282 iustis
841 1262 935 1292 quam
971 1251 1156 1282 voluntariis
1188 1252 1380 1283 insistentes.
1435 1251 1515 1282 Cum
1547 1252 1643 1293 igitur
1673 1263 1782 1283 omnes

147 1302 391 1333 constitutiones
421 1306 453 1333 et
486 1303 576 1343 leges
606 1302 714 1343 legum
749 1302 903 1334 conditori
934 1302 1120 1333 subiaceant
1148 1306 1179 1333 et
1211 1303 1464 1344 reprehensibile
1489 1303 1634 1334 videatur
1663 1315 1682 1334 a
1706 1304 1781 1334 sub—

145 1355 218 1386 ditis
254 1355 323 1386 iura
357 1355 592 1397 presidencium
637 1355 891 1397 quibuscumque
934 1355 1163 1386 calliditatibus
1202 1356 1364 1393 enervari,
1403 1355 1609 1397 prudenciam
1644 1359 1781 1386 vestram

146 1418 229 1438 nunc
253 1408 352 1438 tercio
377 1408 463 1438 omni
488 1418 549 1449 quo
575 1418 743 1449 possumus
769 1407 894 1438 studios
917 1407 1067 1438 duximus
1092 1407 1346 1448 deposcendam,
1378 1411 1536 1449 quatenus
1561 1407 1650 1438 iuxta
1674 1407 1779 1438 divine

146 1460 361 1502 preceptionis
380 1459 529 1497 edictum,
555 1469 616 1501 quo
633 1459 705 1490 Deo
722 1470 783 1501 que
801 1459 862 1490 Dei
888 1463 919 1490 et
936 1459 1038 1490 cesari
1056 1470 1116 1500 que
1134 1460 1254 1490 cesaris
1272 1462 1346 1489 sunt
1364 1458 1496 1490 reddere
1515 1459 1648 1500 quisque
1673 1458 1778 1498 debet,

145 1511 325 1553 predictum
349 1510 592 1553 H(einricum)g
617 1512 731 1543 saltem
756 1511 816 1542 hac
840 1511 909 1542 vice
932 1512 963 1542 in
989 1514 1129 1542 vestrum
1155 1510 1363 1542 canonicum¹¹
1391 1510 1567 1541 liberaliter
1595 1509 1781 1547 admittatis,

145 1567 180 1594 ut
203 1563 335 1604 proinde
361 1574 414 1594 vos
439 1566 471 1594 et
494 1567 635 1594 vestram
660 1564 831 1594 ecclesiam
856 1563 959 1604 dignis
983 1563 1160 1594 debeamus
1186 1565 1341 1604 perpetuo
1366 1562 1536 1604 prevenire
1561 1561 1724 1592 favoribus
1750 1564 1782 1591 et

145 1615 290 1646 fecundis
314 1615 487 1646 honoribus
504 1615 670 1657 ampliare.
711 1615 746 1646 Si
764 1615 849 1646 enim
873 1614 956 1656 quod
981 1614 1065 1645 absit
1089 1624 1181 1645 secus
1200 1614 1327 1645 evenire
1351 1612 1559 1654 contingereti
1583 1616 1615 1643 et
1637 1613 1667 1643 in
1691 1613 1780 1654 spiri-

146 1670 213 1698 tum
237 1667 498 1699 contradictionis
528 1667 790 1705 assumeremini,
821 1667 912 1697 iuxta
944 1667 1069 1708 proprie
1100 1666 1223 1696 libitum
1248 1665 1422 1696 voluntatis
1458 1676 1519 1695 non
1552 1665 1779 1695 inconveniens

146 1719 292 1750 arbitrari
316 1719 473 1761 poteritis,
498 1719 525 1750 si
543 1719 714 1750 tuicionem
739 1718 939 1760 ceptrigerek
965 1718 1077 1749 dextre
1102 1717 1191 1748 vobis
1216 1718 1246 1748 in
1263 1717 1379 1748 vestris
1403 1716 1694 1759 opportunitatibus
1711 1716 1779 1747 vice

147 1771 311 1813 reciproca
333 1771 571 1804 subtrahamus.

251 1840 369 1871 Datum
394 1840 624 1881 Hagen(owe)‚
650 1840 692 1871 Π.
718 1839 790 1872 Kal.
819 1839 905 1874 Maii,
932 1839 1022 1880 regni
1047 1839 1144 1870 nostri
1169 1849 1251 1869 anno
1277 1837 1405 1879 primo¹.

699 1992 752 2025 38.
776 1993 926 2025 ALIUD
948 1992 1232 2024 MANDATUM.

251 2063 397 2103 Superest
421 2064 455 2095 in
477 2063 504 2094 E
524 2063 582 2105 fol.
602 2065 673 2095 102¹
696 2074 744 2094 ην.
760 2066 780 2091 8
803 2066 831 2094 et
854 2066 939 2094 teoem
958 2063 1033 2102 plus
1056 2063 1194 2093 «manusve
1215 2064 1359 2100 corrupto
1376 2060 1463 2099 apud
1479 2060 1605 2091 Petrum
1622 2059 1658 2089 (Ic
1674 2058 1778 2090 IIaHe's

143 2126 190 2147 nr.
206 2117 266 2146 120
282 2115 300 2147 I.
315 2127 339 2148 e.
354 2118 374 2147 7
375 2118 403 2154 3,
421 2116 512 2147 cuius
528 2115 670 2146 lectiones
686 2116 858 2147 refecimus.
883 2134 922 2138 ——
946 2115 1090 2152 RMemcr,
1117 2115 1191 2153 qu.
1207 2115 1280 2153 imp.
1299 2113 1353 2150 Vl,
1367 2114 1438 2143 5²08.
1498 2112 1550 2152 (P.
1568 2111 1674 2151 deest.)

249 2219 364 2251 Inclite
404 2218 638 2250 recordacionis
677 2218 823 2249 divorum
866 2219 1097 2260 imperatorum
1142 2221 1174 2249 et
1209 2228 1320 2259 regum
1358 2216 1576 2247 Romanorum
1609 2214 1777 2244 illustrium

143 2271 406 2313 predecessorum
430 2274 621 2310 nostrorum,
646 2271 699 2312 qui
731 2269 909 2301 secundum
936 2270 1099 2311 antiquam
1126 2272 1157 2300 et
1174 2268 1381 2310 approbatam
1400 2267 1480 2298 sacri
1497 2265 1622 2308 imperii
1646 2274 1777 2295 consue-

143 2322 285 2354 tudinem
310 2333 407 2365 super
429 2323 613 2364 provisione
638 2322 731 2352 unius
755 2332 893 2363 persone
918 2332 936 2351 a
960 2320 1105 2362 quolibet
1128 2321 1251 2361 prelato
1275 2319 1398 2361 imperii
1424 2318 1588 2349 habebant
1613 2319 1722 2358 petere
1747 2319 1777 2346 et

145 2375 213 2406 sine
238 2374 428 2405 difficultate
453 2374 596 2416 qualibet
626 2373 788 2411 exaudiri,
818 2373 964 2413 vestigiis
997 2372 1181 2403 inherentes
1212 2382 1267 2412 pro
1300 2371 1356 2401 tali
1387 2380 1498 2411 preces
1528 2368 1694 2410 primarias
1722 2367 1776 2397 tibi

142 2426 291 2458 duximus
316 2426 541 2469 porrigendas,
571 2425 789 2456 sinceritatem
814 2428 901 2455 tuam
926 2428 1079 2465 rogantes
1104 2423 1251 2454 benivolo
1276 2433 1315 2452 cx
1334 2422 1461 2453 affectu,
1488 2424 1643 2461 quatenus
1672 2418 1776 2448 eidem

142 2478 199 2509 tali
222 2489 278 2520 pro
303 2477 409 2508 divina
433 2481 606 2518 nostraque
631 2480 662 2507 et
686 2476 809 2518 imperii
840 2476 1024 2507 reverencia
1056 2475 1095 2505 de
1129 2474 1326 2515 competenti
1358 2472 1513 2503 beneficio
1539 2471 1587 2501 vel
1611 2470 1775 2512 prebenda

143 2530 183 2561 ad
205 2533 291 2561 tuam
317 2530 528 2561 collacionem
553 2540 610 2560 seu
635 2529 848 2570 provisionem
874 2530 1050 2568 spectante,
1077 2537 1171 2567 quam
1196 2526 1332 2566 primum
1359 2524 1398 2554 ad
1432 2524 1461 2553 id
1492 2534 1525 2553 sc
1555 2522 1690 2552 facultas
1719 2520 1773 2549 mlv

146 2581 263 2621 tulerit,
289 2581 420 2613 studeas
444 2585 508 2612 tam
526 2581 665 2612 libenter
689 2591 725 2610 ac
743 2580 918 2610 liberaliter
942 2578 1121 2620 providere,
1147 2577 1228 2618 quod
1255 2576 1371 2606 obinde
1399 2579 1428 2605 te
1454 2578 1485 2605 et
1503 2578 1588 2604 tuam
1607 2573 1772 2603 ecclesiam

145 2633 311 2675 condignis
337 2644 464 2675 semper
487 2633 662 2664 debeamus
687 2631 855 2674 prevenire
879 2630 1042 2661 favoribus
1067 2633 1098 2660 et
1122 2628 1295 2659 honoribus
1320 2626 1469 2668 prosequi
1495 2625 1659 2665 graciosis.

1590 2717 1613 2748 ¹¹)
1628 2722 1649 2741 vt
1664 2717 1724 2739 add.
1743 2716 1769 2739 [ι’.

244 2727 290 2754 37.
309 2728 331 2760 a)
352 2728 629 2759 Rud(olfus)——bouum
649 2728 699 2752 des.
723 2726 750 2751 Ε.
821 2725 845 2754 ὓ)
866 2726 918 2750 [οι-ω
940 2724 1190 2749 Ι[υῑῃνῐιτυβ-Ιζιυνιιιῆ
1216 2722 1247 2747 Ιι’;
1268 2727 1284 2747 t.
1356 2729 1374 2744 *s
1394 2726 1457 2744 soi-11¹
1482 2720 1507 2742 ll.
1658 2759 1668 2775 k

1371 2763 1373 2765 .
1699 2768 1728 2779 w·
1742 2767 1764 2788 μ

144 2770 165 2802 e)
184 2772 288 2796 Romani
308 2772 368 2796 add.
391 2772 419 2796 Ε.
491 2771 510 2803 f)
530 2772 595 2796 deest
618 2774 644 2795 (fl.
716 2770 740 2799 Β)
760 2770 879 2794 clericum
904 2768 929 2792 lz'.
1001 2767 1025 2795 ¹¹)
1046 2767 1243 2791 concanonicum
1267 2765 1293 2788 lu'.
1370 2769 1386 2789 ἰ
1407 2763 1535 2791 νιιιιῐλμύκῑῐ
1561 2765 1586 2784 1).

144 2815 234 2846 trigere
257 2815 283 2839 Ε.
365 2814 382 2846 ¹)
402 2815 620 2846 Datum—primo
639 2814 689 2837 (hs,
713 2814 740 2837 Ε.
