<?xml version="1.0" encoding="UTF-8"?>
<!DOCTYPE html PUBLIC "-//W3C//DTD XHTML 1.0 Transitional//EN"
    "http://www.w3.org/TR/xhtml1/DTD/xhtml1-transitional.dtd">
<html xmlns="http://www.w3.org/1999/xhtml" xml:lang="en" lang="en">
 <head>
  <title>
</title>
<meta http-equiv="Content-Type" content="text/html;charset=utf-8" />
  <meta name='ocr-system' content='tesseract 3.04.00' />
  <meta name='ocr-capabilities' content='ocr_page ocr_carea ocr_par ocr_line ocrx_word'/>
</head>
<body>
  <div class='ocr_page' id='page_1' title='image "./monumentagelegum03geseuoft/monumentagelegum03geseuoft_0052.png"; bbox 0 0 2259 3116; ppageno 0'>
   <div class='ocr_carea' id='block_1_1' title="bbox 319 1583 414 1601">
    <p class='ocr_par' dir='ltr' id='par_1_1' title="bbox 319 1583 414 1601">
     <span class='ocr_line' id='line_1_1' title="bbox 319 1583 414 1601; baseline -0.011 0"><span class='ocrx_word' id='word_1_1' title='bbox 319 1583 371 1601; x_wconf 66' lang='lat' dir='ltr'>Der.</span> <span class='ocrx_word' id='word_1_2' title='bbox 397 1584 414 1601; x_wconf 76' lang='lat'>5.</span> 
     </span>
    </p>
   </div>
   <div class='ocr_carea' id='block_1_2' title="bbox 423 119 1701 161">
    <p class='ocr_par' dir='ltr' id='par_1_2' title="bbox 423 119 1701 161">
     <span class='ocr_line' id='line_1_2' title="bbox 423 119 1701 161; baseline -0.008 -7"><span class='ocrx_word' id='word_1_3' title='bbox 423 133 459 161; x_wconf 78' lang='grc'>14</span> <span class='ocrx_word' id='word_1_4' title='bbox 773 124 929 152; x_wconf 82' lang='lat' dir='ltr'><strong>RUDOLFI</strong></span> <span class='ocrx_word' id='word_1_5' title='bbox 950 123 1054 150; x_wconf 80' lang='lat' dir='ltr'>REGIS</span> <span class='ocrx_word' id='word_1_6' title='bbox 1075 120 1395 149; x_wconf 81' lang='lat' dir='ltr'><strong>CONSTITUTIONES.</strong></span> <span class='ocrx_word' id='word_1_7' title='bbox 1433 120 1507 147; x_wconf 67' lang='lat'><strong>1273.</strong></span> <span class='ocrx_word' id='word_1_8' title='bbox 1543 119 1590 145; x_wconf 89' lang='lat' dir='ltr'>Nr.</span> <span class='ocrx_word' id='word_1_9' title='bbox 1607 119 1701 146; x_wconf 90' lang='lat'>10.11.</span> 
     </span>
    </p>
   </div>
   <div class='ocr_carea' id='block_1_3' title="bbox 421 204 2058 306">
    <p class='ocr_par' dir='ltr' id='par_1_3' title="bbox 421 204 2058 306">
     <span class='ocr_line' id='line_1_3' title="bbox 527 204 2058 253; baseline -0.006 -8"><span class='ocrx_word' id='word_1_10' title='bbox 527 214 686 245; x_wconf 88' lang='lat' dir='ltr'>Iohannes</span> <span class='ocrx_word' id='word_1_11' title='bbox 722 213 783 244; x_wconf 88' lang='lat' dir='ltr'>Dei</span> <span class='ocrx_word' id='word_1_12' title='bbox 817 212 927 253; x_wconf 78' lang='lat' dir='ltr'>gracia</span> <span class='ocrx_word' id='word_1_13' title='bbox 960 209 1283 250; x_wconf 85' lang='lat' dir='ltr'>Brandenburgensis</span> <span class='ocrx_word' id='word_1_14' title='bbox 1319 207 1460 239; x_wconf 83' lang='lat' dir='ltr'>marchio</span> <span class='ocrx_word' id='word_1_15' title='bbox 1495 210 1527 238; x_wconf 88' lang='lat' dir='ltr'>et</span> <span class='ocrx_word' id='word_1_16' title='bbox 1563 206 1726 237; x_wconf 87' lang='lat' dir='ltr'>Iohannes</span> <span class='ocrx_word' id='word_1_17' title='bbox 1753 204 1815 237; x_wconf 85' lang='lat' dir='ltr'>Dei</span> <span class='ocrx_word' id='word_1_18' title='bbox 1849 205 1959 247; x_wconf 89' lang='lat' dir='ltr'>gracia</span> <span class='ocrx_word' id='word_1_19' title='bbox 1993 205 2058 236; x_wconf 86' lang='lat' dir='ltr'>dux</span> 
     </span>
     <span class='ocr_line' id='line_1_4' title="bbox 421 258 1922 306; baseline -0.006 -9"><span class='ocrx_word' id='word_1_20' title='bbox 421 266 562 297; x_wconf 82' lang='lat' dir='ltr'>Saxonie</span> <span class='ocrx_word' id='word_1_21' title='bbox 586 265 731 296; x_wconf 89' lang='lat' dir='ltr'>omnibus</span> <span class='ocrx_word' id='word_1_22' title='bbox 755 266 940 306; x_wconf 86' lang='lat' dir='ltr'>presentem</span> <span class='ocrx_word' id='word_1_23' title='bbox 964 263 1117 305; x_wconf 81' lang='lat' dir='ltr'>paginam</span> <span class='ocrx_word' id='word_1_24' title='bbox 1142 260 1336 303; x_wconf 85' lang='lat' dir='ltr'>inspecturis</span> <span class='ocrx_word' id='word_1_25' title='bbox 1361 259 1468 290; x_wconf 83' lang='lat' dir='ltr'>votive</span> <span class='ocrx_word' id='word_1_26' title='bbox 1492 258 1716 300; x_wconf 81' lang='lat' dir='ltr'>prosperitatis</span> <span class='ocrx_word' id='word_1_27' title='bbox 1741 268 1922 289; x_wconf 85' lang='lat' dir='ltr'>successus.</span> 
     </span>
    </p>
   </div>
   <div class='ocr_carea' id='block_1_4' title="bbox 420 314 2064 936">
    <p class='ocr_par' dir='ltr' id='par_1_4' title="bbox 420 314 2064 936">
     <span class='ocr_line' id='line_1_5' title="bbox 527 314 2060 367; baseline -0.006 -10"><span class='ocrx_word' id='word_1_28' title='bbox 527 326 607 357; x_wconf 83' lang='lat' dir='ltr'>Cum</span> <span class='ocrx_word' id='word_1_29' title='bbox 631 328 762 367; x_wconf 88' lang='lat' dir='ltr'>propter</span> <span class='ocrx_word' id='word_1_30' title='bbox 785 324 976 355; x_wconf 83' lang='lat' dir='ltr'>electionem</span> <span class='ocrx_word' id='word_1_31' title='bbox 1000 320 1248 363; x_wconf 56' lang='lat' dir='ltr'>Romanorum)</span> <span class='ocrx_word' id='word_1_32' title='bbox 1272 314 1466 362; x_wconf 66' lang='lat' dir='ltr'>regis&#39;apud</span> <span class='ocrx_word' id='word_1_33' title='bbox 1490 318 1706 350; x_wconf 82' lang='lat' dir='ltr'>Frankenfvrt</span> <span class='ocrx_word' id='word_1_34' title='bbox 1736 317 1964 350; x_wconf 83' lang='lat' dir='ltr'>celebrandam</span> <span class='ocrx_word' id='word_1_35' title='bbox 1996 328 2060 349; x_wconf 83' lang='lat' dir='ltr'>una</span> 
     </span>
     <span class='ocr_line' id='line_1_6' title="bbox 421 370 2059 417; baseline -0.005 -8"><span class='ocrx_word' id='word_1_36' title='bbox 421 389 491 409; x_wconf 77' lang='lat' dir='ltr'>cum</span> <span class='ocrx_word' id='word_1_37' title='bbox 518 377 635 409; x_wconf 88' lang='lat' dir='ltr'>nostris</span> <span class='ocrx_word' id='word_1_38' title='bbox 665 376 900 408; x_wconf 83' lang='lat' dir='ltr'>coelectoribus</span> <span class='ocrx_word' id='word_1_39' title='bbox 932 384 1092 417; x_wconf 86' lang='lat' dir='ltr'>expensas</span> <span class='ocrx_word' id='word_1_40' title='bbox 1122 373 1296 404; x_wconf 85' lang='lat' dir='ltr'>fecerimus</span> <span class='ocrx_word' id='word_1_41' title='bbox 1328 374 1360 402; x_wconf 91' lang='lat' dir='ltr'>et</span> <span class='ocrx_word' id='word_1_42' title='bbox 1391 371 1495 402; x_wconf 87' lang='lat' dir='ltr'>adhuc</span> <span class='ocrx_word' id='word_1_43' title='bbox 1528 373 1652 402; x_wconf 87' lang='lat' dir='ltr'>restent</span> <span class='ocrx_word' id='word_1_44' title='bbox 1684 370 1747 401; x_wconf 88' lang='lat' dir='ltr'>alie</span> <span class='ocrx_word' id='word_1_45' title='bbox 1784 371 1816 400; x_wconf 91' lang='lat' dir='ltr'>in</span> <span class='ocrx_word' id='word_1_46' title='bbox 1848 370 2059 401; x_wconf 88' lang='lat' dir='ltr'>coronacione</span> 
     </span>
     <span class='ocr_line' id='line_1_7' title="bbox 420 422 2059 470; baseline -0.005 -9"><span class='ocrx_word' id='word_1_47' title='bbox 420 430 509 470; x_wconf 86' lang='lat' dir='ltr'>regia</span> <span class='ocrx_word' id='word_1_48' title='bbox 537 428 685 460; x_wconf 82' lang='lat' dir='ltr'>faciende</span> <span class='ocrx_word' id='word_1_49' title='bbox 719 431 751 458; x_wconf 90' lang='lat' dir='ltr'>et</span> <span class='ocrx_word' id='word_1_50' title='bbox 782 427 896 458; x_wconf 87' lang='lat' dir='ltr'>deceat</span> <span class='ocrx_word' id='word_1_51' title='bbox 919 426 1080 468; x_wconf 88' lang='lat' dir='ltr'>principes</span> <span class='ocrx_word' id='word_1_52' title='bbox 1111 425 1150 455; x_wconf 87' lang='lat' dir='ltr'>ab</span> <span class='ocrx_word' id='word_1_53' title='bbox 1175 424 1236 455; x_wconf 91' lang='lat' dir='ltr'>illis</span> <span class='ocrx_word' id='word_1_54' title='bbox 1260 423 1414 465; x_wconf 86' lang='lat' dir='ltr'>expensis</span> <span class='ocrx_word' id='word_1_55' title='bbox 1440 422 1582 463; x_wconf 82' lang='lat' dir='ltr'>regalem</span> <span class='ocrx_word' id='word_1_56' title='bbox 1608 422 1880 463; x_wconf 79' lang='lat' dir='ltr'>magnificentiam</span> <span class='ocrx_word' id='word_1_57' title='bbox 1903 422 2059 461; x_wconf 84' lang='lat' dir='ltr'>relevare,</span> 
     </span>
     <span class='ocr_line' id='line_1_8' title="bbox 420 473 2060 523; baseline -0.005 -10"><span class='ocrx_word' id='word_1_58' title='bbox 420 483 488 523; x_wconf 88' lang='lat' dir='ltr'>ipse</span> <span class='ocrx_word' id='word_1_59' title='bbox 513 481 659 513; x_wconf 88' lang='lat' dir='ltr'>dominus</span> <span class='ocrx_word' id='word_1_60' title='bbox 684 483 793 511; x_wconf 88' lang='lat' dir='ltr'>noster</span> <span class='ocrx_word' id='word_1_61' title='bbox 817 479 940 515; x_wconf 81' lang='lat' dir='ltr'>electus</span> <span class='ocrx_word' id='word_1_62' title='bbox 963 489 1021 509; x_wconf 85' lang='lat' dir='ltr'>rex</span> <span class='ocrx_word' id='word_1_63' title='bbox 1046 476 1269 508; x_wconf 86' lang='lat' dir='ltr'>serenissimus</span> <span class='ocrx_word' id='word_1_64' title='bbox 1292 475 1519 511; x_wconf 85' lang='lat' dir='ltr'>Romanorum,</span> <span class='ocrx_word' id='word_1_65' title='bbox 1544 485 1615 505; x_wconf 92' lang='lat' dir='ltr'>cum</span> <span class='ocrx_word' id='word_1_66' title='bbox 1639 484 1696 515; x_wconf 87' lang='lat' dir='ltr'>pre</span> <span class='ocrx_word' id='word_1_67' title='bbox 1720 473 1868 504; x_wconf 88' lang='lat' dir='ltr'>manibus</span> <span class='ocrx_word' id='word_1_68' title='bbox 1893 474 2060 516; x_wconf 84' lang='lat' dir='ltr'>pecuniam</span> 
     </span>
     <span class='ocr_line' id='line_1_9' title="bbox 420 525 2062 570; baseline -0.005 -6"><span class='ocrx_word' id='word_1_69' title='bbox 420 544 482 564; x_wconf 90' lang='lat' dir='ltr'>non</span> <span class='ocrx_word' id='word_1_70' title='bbox 512 533 648 570; x_wconf 76' lang='lat' dir='ltr'>habeat,</span> <span class='ocrx_word' id='word_1_71' title='bbox 683 534 826 563; x_wconf 90' lang='lat' dir='ltr'>mutuum</span> <span class='ocrx_word' id='word_1_72' title='bbox 859 528 1076 561; x_wconf 87' lang='lat' dir='ltr'>contrahendo</span> <span class='ocrx_word' id='word_1_73' title='bbox 1107 527 1314 558; x_wconf 88' lang='lat' dir='ltr'>fideiussores</span> <span class='ocrx_word' id='word_1_74' title='bbox 1347 537 1404 568; x_wconf 92' lang='lat' dir='ltr'>pro</span> <span class='ocrx_word' id='word_1_75' title='bbox 1436 525 1597 556; x_wconf 87' lang='lat' dir='ltr'>solvendis</span> <span class='ocrx_word' id='word_1_76' title='bbox 1629 525 1746 556; x_wconf 89' lang='lat' dir='ltr'>debitis</span> <span class='ocrx_word' id='word_1_77' title='bbox 1778 525 1943 566; x_wconf 87' lang='lat' dir='ltr'>obligavit.</span> <span class='ocrx_word' id='word_1_78' title='bbox 1995 525 2062 556; x_wconf 90' lang='lat' dir='ltr'>Nos</span> 
     </span>
     <span class='ocr_line' id='line_1_10' title="bbox 420 577 2062 626; baseline -0.005 -10"><span class='ocrx_word' id='word_1_79' title='bbox 420 586 527 626; x_wconf 82' lang='lat' dir='ltr'>itaque</span> <span class='ocrx_word' id='word_1_80' title='bbox 562 585 707 615; x_wconf 85' lang='lat' dir='ltr'>volentes</span> <span class='ocrx_word' id='word_1_81' title='bbox 737 592 927 625; x_wconf 77' lang='lat' dir='ltr'>precavere,</span> <span class='ocrx_word' id='word_1_82' title='bbox 961 591 1000 612; x_wconf 90' lang='lat' dir='ltr'>ne</span> <span class='ocrx_word' id='word_1_83' title='bbox 1036 580 1199 620; x_wconf 84' lang='lat' dir='ltr'>contingat</span> <span class='ocrx_word' id='word_1_84' title='bbox 1230 578 1436 609; x_wconf 78' lang='lat' dir='ltr'>fideiussores</span> <span class='ocrx_word' id='word_1_85' title='bbox 1470 578 1597 613; x_wconf 77' lang='lat' dir='ltr'>vexari,</span> <span class='ocrx_word' id='word_1_86' title='bbox 1640 577 1666 607; x_wconf 89' lang='lat' dir='ltr'>si</span> <span class='ocrx_word' id='word_1_87' title='bbox 1703 577 1824 618; x_wconf 89' lang='lat' dir='ltr'>aliquid</span> <span class='ocrx_word' id='word_1_88' title='bbox 1861 577 1945 618; x_wconf 91' lang='lat' dir='ltr'>quod</span> <span class='ocrx_word' id='word_1_89' title='bbox 1978 577 2062 608; x_wconf 79' lang='lat' dir='ltr'>absit</span> 
     </span>
     <span class='ocr_line' id='line_1_11' title="bbox 421 629 2061 673; baseline -0.005 -5"><span class='ocrx_word' id='word_1_90' title='bbox 421 640 527 668; x_wconf 87' lang='lat' dir='ltr'>nostro</span> <span class='ocrx_word' id='word_1_91' title='bbox 552 636 680 667; x_wconf 91' lang='lat' dir='ltr'>domino</span> <span class='ocrx_word' id='word_1_92' title='bbox 705 634 889 666; x_wconf 87' lang='lat' dir='ltr'>humanitus</span> <span class='ocrx_word' id='word_1_93' title='bbox 914 633 1069 671; x_wconf 87' lang='lat' dir='ltr'>eveniret,</span> <span class='ocrx_word' id='word_1_94' title='bbox 1093 630 1299 673; x_wconf 84' lang='lat' dir='ltr'>presentibus</span> <span class='ocrx_word' id='word_1_95' title='bbox 1324 633 1549 671; x_wconf 78' lang='lat' dir='ltr'>protestamur,</span> <span class='ocrx_word' id='word_1_96' title='bbox 1574 629 1659 671; x_wconf 91' lang='lat' dir='ltr'>quod</span> <span class='ocrx_word' id='word_1_97' title='bbox 1683 629 1722 660; x_wconf 87' lang='lat' dir='ltr'>de</span> <span class='ocrx_word' id='word_1_98' title='bbox 1746 632 1858 660; x_wconf 87' lang='lat' dir='ltr'>nostra</span> <span class='ocrx_word' id='word_1_99' title='bbox 1882 632 1913 660; x_wconf 87' lang='lat' dir='ltr'>et</span> <span class='ocrx_word' id='word_1_100' title='bbox 1938 629 2061 660; x_wconf 89' lang='lat' dir='ltr'>coelec-</span> 
     </span>
     <span class='ocr_line' id='line_1_12' title="bbox 420 680 2063 728; baseline -0.005 -9"><span class='ocrx_word' id='word_1_101' title='bbox 420 692 525 719; x_wconf 84' lang='lat' dir='ltr'>torum</span> <span class='ocrx_word' id='word_1_102' title='bbox 557 690 736 718; x_wconf 88' lang='lat' dir='ltr'>nostrorum</span> <span class='ocrx_word' id='word_1_103' title='bbox 767 685 912 728; x_wconf 84' lang='lat' dir='ltr'>procedit</span> <span class='ocrx_word' id='word_1_104' title='bbox 942 685 1062 727; x_wconf 87' lang='lat' dir='ltr'>optima</span> <span class='ocrx_word' id='word_1_105' title='bbox 1088 684 1265 721; x_wconf 87' lang='lat' dir='ltr'>voluntate,</span> <span class='ocrx_word' id='word_1_106' title='bbox 1297 685 1333 713; x_wconf 94' lang='lat' dir='ltr'>ut</span> <span class='ocrx_word' id='word_1_107' title='bbox 1362 682 1387 712; x_wconf 91' lang='lat' dir='ltr'>si</span> <span class='ocrx_word' id='word_1_108' title='bbox 1412 681 1527 713; x_wconf 86' lang='lat' dir='ltr'>debitis</span> <span class='ocrx_word' id='word_1_109' title='bbox 1551 692 1615 712; x_wconf 94' lang='lat' dir='ltr'>non</span> <span class='ocrx_word' id='word_1_110' title='bbox 1640 681 1754 712; x_wconf 90' lang='lat' dir='ltr'>solutis</span> <span class='ocrx_word' id='word_1_111' title='bbox 1782 680 1930 712; x_wconf 87' lang='lat' dir='ltr'>dominus</span> <span class='ocrx_word' id='word_1_112' title='bbox 1954 685 2063 712; x_wconf 89' lang='lat' dir='ltr'>noster</span> 
     </span>
     <span class='ocr_line' id='line_1_13' title="bbox 421 733 2063 782; baseline -0.005 -10"><span class='ocrx_word' id='word_1_113' title='bbox 421 741 565 782; x_wconf 86' lang='lat' dir='ltr'>prefatus</span> <span class='ocrx_word' id='word_1_114' title='bbox 595 739 633 771; x_wconf 91' lang='lat' dir='ltr'>de</span> <span class='ocrx_word' id='word_1_115' title='bbox 663 739 768 771; x_wconf 88' lang='lat' dir='ltr'>medio</span> <span class='ocrx_word' id='word_1_116' title='bbox 793 738 962 776; x_wconf 88' lang='lat' dir='ltr'>educatur,</span> <span class='ocrx_word' id='word_1_117' title='bbox 994 737 1055 778; x_wconf 89' lang='lat' dir='ltr'>ipsi</span> <span class='ocrx_word' id='word_1_118' title='bbox 1080 735 1287 766; x_wconf 86' lang='lat' dir='ltr'>fideiussores</span> <span class='ocrx_word' id='word_1_119' title='bbox 1316 734 1354 765; x_wconf 90' lang='lat' dir='ltr'>de</span> <span class='ocrx_word' id='word_1_120' title='bbox 1379 734 1471 765; x_wconf 88' lang='lat' dir='ltr'>bonis</span> <span class='ocrx_word' id='word_1_121' title='bbox 1495 734 1619 775; x_wconf 89' lang='lat' dir='ltr'>imperii</span> <span class='ocrx_word' id='word_1_122' title='bbox 1650 744 1684 765; x_wconf 90' lang='lat' dir='ltr'>se</span> <span class='ocrx_word' id='word_1_123' title='bbox 1709 733 1894 771; x_wconf 79' lang='lat' dir='ltr'>absolvant,</span> <span class='ocrx_word' id='word_1_124' title='bbox 1929 737 1962 764; x_wconf 89' lang='lat' dir='ltr'>et</span> <span class='ocrx_word' id='word_1_125' title='bbox 1991 743 2063 763; x_wconf 88' lang='lat' dir='ltr'>suc-</span> 
     </span>
     <span class='ocr_line' id='line_1_14' title="bbox 422 784 2064 832; baseline -0.005 -9"><span class='ocrx_word' id='word_1_126' title='bbox 422 803 530 823; x_wconf 84' lang='lat' dir='ltr'>cessor</span> <span class='ocrx_word' id='word_1_127' title='bbox 553 792 583 822; x_wconf 89' lang='lat' dir='ltr'>in</span> <span class='ocrx_word' id='word_1_128' title='bbox 608 801 716 832; x_wconf 83' lang='lat' dir='ltr'>regno,</span> <span class='ocrx_word' id='word_1_129' title='bbox 742 791 934 832; x_wconf 89' lang='lat' dir='ltr'>quicumque</span> <span class='ocrx_word' id='word_1_130' title='bbox 951 789 1056 826; x_wconf 86' lang='lat' dir='ltr'>fuerit,</span> <span class='ocrx_word' id='word_1_131' title='bbox 1081 791 1230 818; x_wconf 89' lang='lat' dir='ltr'>teneatur</span> <span class='ocrx_word' id='word_1_132' title='bbox 1247 786 1452 818; x_wconf 84' lang='lat' dir='ltr'>fideiussores</span> <span class='ocrx_word' id='word_1_133' title='bbox 1476 786 1516 816; x_wconf 83' lang='lat' dir='ltr'>ab</span> <span class='ocrx_word' id='word_1_134' title='bbox 1541 786 1626 816; x_wconf 90' lang='lat' dir='ltr'>omni</span> <span class='ocrx_word' id='word_1_135' title='bbox 1643 785 1841 826; x_wconf 87' lang='lat' dir='ltr'>obligatione</span> <span class='ocrx_word' id='word_1_136' title='bbox 1866 788 1898 815; x_wconf 86' lang='lat' dir='ltr'>et</span> <span class='ocrx_word' id='word_1_137' title='bbox 1917 784 2064 826; x_wconf 85' lang='lat' dir='ltr'>dampnis</span> 
     </span>
     <span class='ocr_line' id='line_1_15' title="bbox 422 837 2063 885; baseline -0.004 -11"><span class='ocrx_word' id='word_1_138' title='bbox 422 844 618 885; x_wconf 88' lang='lat' dir='ltr'>quibuslibet</span> <span class='ocrx_word' id='word_1_139' title='bbox 648 843 784 874; x_wconf 86' lang='lat' dir='ltr'>reddere</span> <span class='ocrx_word' id='word_1_140' title='bbox 815 842 991 872; x_wconf 89' lang='lat' dir='ltr'>absolutos.</span> <span class='ocrx_word' id='word_1_141' title='bbox 1048 840 1085 870; x_wconf 90' lang='lat' dir='ltr'>In</span> <span class='ocrx_word' id='word_1_142' title='bbox 1119 839 1208 870; x_wconf 86' lang='lat' dir='ltr'>cuius</span> <span class='ocrx_word' id='word_1_143' title='bbox 1240 839 1286 869; x_wconf 91' lang='lat' dir='ltr'>rei</span> <span class='ocrx_word' id='word_1_144' title='bbox 1319 838 1538 869; x_wconf 88' lang='lat' dir='ltr'>testimonium</span> <span class='ocrx_word' id='word_1_145' title='bbox 1573 840 1743 879; x_wconf 88' lang='lat' dir='ltr'>presentes</span> <span class='ocrx_word' id='word_1_146' title='bbox 1774 837 1897 868; x_wconf 85' lang='lat' dir='ltr'>litteras</span> <span class='ocrx_word' id='word_1_147' title='bbox 1928 837 2063 868; x_wconf 85' lang='lat' dir='ltr'>fecimus</span> 
     </span>
     <span class='ocr_line' id='line_1_16' title="bbox 423 890 1221 936; baseline -0.008 -10"><span class='ocrx_word' id='word_1_148' title='bbox 423 896 597 936; x_wconf 85' lang='lat' dir='ltr'>sigillorum</span> <span class='ocrx_word' id='word_1_149' title='bbox 622 898 799 926; x_wconf 85' lang='lat' dir='ltr'>nostrorum</span> <span class='ocrx_word' id='word_1_150' title='bbox 823 893 997 924; x_wconf 87' lang='lat' dir='ltr'>munimine</span> <span class='ocrx_word' id='word_1_151' title='bbox 1022 890 1221 922; x_wconf 89' lang='lat' dir='ltr'>communiri.</span> 
     </span>
    </p>
   </div>
   <div class='ocr_carea' id='block_1_5' title="bbox 529 948 2062 991">
    <p class='ocr_par' dir='ltr' id='par_1_5' title="bbox 529 948 2062 991">
     <span class='ocr_line' id='line_1_17' title="bbox 529 948 2062 991; baseline -0.003 -5"><span class='ocrx_word' id='word_1_152' title='bbox 529 955 603 988; x_wconf 82' lang='lat' dir='ltr'>Dat.</span> <span class='ocrx_word' id='word_1_153' title='bbox 634 958 666 985; x_wconf 85' lang='lat' dir='ltr'>ct</span> <span class='ocrx_word' id='word_1_154' title='bbox 696 957 803 985; x_wconf 88' lang='lat' dir='ltr'>actum</span> <span class='ocrx_word' id='word_1_155' title='bbox 828 953 1068 991; x_wconf 83' lang='lat' dir='ltr'>Frankenvort,</span> <span class='ocrx_word' id='word_1_156' title='bbox 1099 962 1181 983; x_wconf 84' lang='lat' dir='ltr'>anno</span> <span class='ocrx_word' id='word_1_157' title='bbox 1206 950 1336 981; x_wconf 92' lang='lat' dir='ltr'>Domini</span> <span class='ocrx_word' id='word_1_158' title='bbox 1361 949 1615 988; x_wconf 82' lang='lat' dir='ltr'>MOOLXXIII,</span> <span class='ocrx_word' id='word_1_159' title='bbox 1647 952 1760 980; x_wconf 87' lang='lat' dir='ltr'>octavo</span> <span class='ocrx_word' id='word_1_160' title='bbox 1785 948 1876 980; x_wconf 90' lang='lat' dir='ltr'>Ydus</span> <span class='ocrx_word' id='word_1_161' title='bbox 1902 948 2062 981; x_wconf 88' lang='lat' dir='ltr'>Octobris.</span> 
     </span>
    </p>
   </div>
   <div class='ocr_carea' id='block_1_6' title="bbox 454 1096 2032 1182">
    <p class='ocr_par' dir='ltr' id='par_1_6' title="bbox 454 1096 2032 1182">
     <span class='ocr_line' id='line_1_18' title="bbox 454 1096 2032 1133; baseline -0.003 -1"><span class='ocrx_word' id='word_1_162' title='bbox 454 1101 504 1133; x_wconf 93' lang='lat' dir='ltr'>ll.</span> <span class='ocrx_word' id='word_1_163' title='bbox 530 1100 779 1132; x_wconf 77' lang='lat' dir='ltr'><em>PROMJSSJO</em></span> <span class='ocrx_word' id='word_1_164' title='bbox 805 1099 981 1131; x_wconf 76' lang='lat' dir='ltr'><em>DOMINI</em></span> <span class='ocrx_word' id='word_1_165' title='bbox 1000 1098 1068 1129; x_wconf 82' lang='lat' dir='ltr'>DE</span> <span class='ocrx_word' id='word_1_166' title='bbox 1088 1096 1351 1129; x_wconf 85' lang='lat' dir='ltr'><em>JIOHENEC&#39;K</em></span> <span class='ocrx_word' id='word_1_167' title='bbox 1372 1096 1439 1128; x_wconf 79' lang='lat' dir='ltr'>DE</span> <span class='ocrx_word' id='word_1_168' title='bbox 1458 1096 1738 1128; x_wconf 76' lang='lat' dir='ltr'><strong><em>INSIGNIBUS</em></strong></span> <span class='ocrx_word' id='word_1_169' title='bbox 1760 1096 2032 1128; x_wconf 79' lang='lat' dir='ltr'><strong><em>REGALIBUS</em></strong></span> 
     </span>
     <span class='ocr_line' id='line_1_19' title="bbox 1012 1148 1478 1182; baseline -0.006 0"><span class='ocrx_word' id='word_1_170' title='bbox 1012 1149 1298 1182; x_wconf 84' lang='lat' dir='ltr'><strong><em>REDDENDIS.</em></strong></span> <span class='ocrx_word' id='word_1_171' title='bbox 1346 1148 1410 1181; x_wconf 75' lang='lat' dir='ltr'>Oct.</span> <span class='ocrx_word' id='word_1_172' title='bbox 1430 1150 1478 1180; x_wconf 85' lang='lat'>11.</span> 
     </span>
    </p>
   </div>
   <div class='ocr_carea' id='block_1_7' title="bbox 421 1217 2068 1417">
    <p class='ocr_par' dir='ltr' id='par_1_7' title="bbox 421 1217 2068 1417">
     <span class='ocr_line' id='line_1_20' title="bbox 529 1217 2068 1261; baseline -0.003 -8"><span class='ocrx_word' id='word_1_173' title='bbox 529 1222 701 1261; x_wconf 70' lang='lat' dir='ltr'>Eremplm·</span> <span class='ocrx_word' id='word_1_174' title='bbox 716 1220 945 1261; x_wconf 64' lang='lat' dir='ltr'>ceutoqraplmm</span> <span class='ocrx_word' id='word_1_175' title='bbox 962 1223 1142 1251; x_wconf 74' lang='lat' dir='ltr'>asservatur</span> <span class='ocrx_word' id='word_1_176' title='bbox 1164 1220 1199 1251; x_wconf 68' lang='lat' dir='ltr'>‘in</span> <span class='ocrx_word' id='word_1_177' title='bbox 1222 1219 1378 1250; x_wconf 71' lang='lat' dir='ltr'>tabulario</span> <span class='ocrx_word' id='word_1_178' title='bbox 1401 1221 1514 1249; x_wconf 73' lang='lat' dir='ltr'>secreto</span> <span class='ocrx_word' id='word_1_179' title='bbox 1537 1218 1646 1249; x_wconf 75' lang='lat' dir='ltr'>(lomus</span> <span class='ocrx_word' id='word_1_180' title='bbox 1667 1218 1770 1257; x_wconf 65' lang='lat' dir='ltr'>mylae</span> <span class='ocrx_word' id='word_1_181' title='bbox 1786 1217 1992 1255; x_wconf 53' lang='lat' dir='ltr'>Eanum-iem,-</span> <span class='ocrx_word' id='word_1_182' title='bbox 2015 1217 2068 1248; x_wconf 67' lang='lat' dir='ltr'>cm?</span> 
     </span>
     <span class='ocr_line' id='line_1_21' title="bbox 422 1268 2067 1313; baseline -0.002 -9"><span class='ocrx_word' id='word_1_183' title='bbox 422 1275 596 1313; x_wconf 71' lang='lat' dir='ltr'>appendent</span> <span class='ocrx_word' id='word_1_184' title='bbox 629 1275 693 1304; x_wconf 74' lang='lat' dir='ltr'>tria</span> <span class='ocrx_word' id='word_1_185' title='bbox 727 1273 833 1313; x_wconf 69' lang='lat' dir='ltr'>siyilla</span> <span class='ocrx_word' id='word_1_186' title='bbox 864 1273 984 1313; x_wconf 70' lang='lat' dir='ltr'>parlim</span> <span class='ocrx_word' id='word_1_187' title='bbox 1014 1273 1107 1304; x_wconf 71' lang='lat' dir='ltr'>laesa.</span> <span class='ocrx_word' id='word_1_188' title='bbox 1164 1272 1345 1302; x_wconf 72' lang='lat' dir='ltr'>Ede&#39;dcmmt</span> <span class='ocrx_word' id='word_1_189' title='bbox 1374 1270 1497 1302; x_wconf 60' lang='lat' dir='ltr'>Riezlcr</span> <span class='ocrx_word' id='word_1_190' title='bbox 1531 1270 1763 1309; x_wconf 56' lang='lat' dir='ltr'>‘fibrselmmglen</span> <span class='ocrx_word' id='word_1_191' title='bbox 1796 1280 1854 1301; x_wconf 60' lang='lat' dir='ltr'>zm·</span> <span class='ocrx_word' id='word_1_192' title='bbox 1889 1268 2067 1300; x_wconf 75' lang='lat' dir='ltr'>Deutschmz</span> 
     </span>
     <span class='ocr_line' id='line_1_22' title="bbox 425 1321 2066 1363; baseline -0.002 -7"><span class='ocrx_word' id='word_1_193' title='bbox 425 1326 611 1356; x_wconf 70' lang='lat' dir='ltr'>(r&#39;escltielaetae&#39;</span> <span class='ocrx_word' id='word_1_194' title='bbox 629 1325 702 1363; x_wconf 79' lang='lat' dir='ltr'>XX,</span> <span class='ocrx_word' id='word_1_195' title='bbox 716 1327 780 1356; x_wconf 74' lang='lat'>237</span> <span class='ocrx_word' id='word_1_196' title='bbox 802 1327 883 1356; x_wconf 58' lang='grc'>71)·..9</span> <span class='ocrx_word' id='word_1_197' title='bbox 899 1327 927 1355; x_wconf 68' lang='lat' dir='ltr'>et</span> <span class='ocrx_word' id='word_1_198' title='bbox 944 1324 1163 1356; x_wconf 60' lang='lat' dir='ltr'>lVinhehumzn</span> <span class='ocrx_word' id='word_1_199' title='bbox 1187 1324 1278 1355; x_wconf 72' lang='lat' dir='ltr'>‘Acta</span> <span class='ocrx_word' id='word_1_200' title='bbox 1294 1323 1419 1363; x_wconf 70' lang='lat' dir='ltr'>imperii</span> <span class='ocrx_word' id='word_1_201' title='bbox 1445 1323 1570 1353; x_wconf 66' lang='lat' dir='ltr'>‘&#39;netle&#39;ta&#39;</span> <span class='ocrx_word' id='word_1_202' title='bbox 1588 1322 1616 1359; x_wconf 88' lang='lat'>1,</span> <span class='ocrx_word' id='word_1_203' title='bbox 1631 1322 1693 1351; x_wconf 69' lang='lat'>:392</span> <span class='ocrx_word' id='word_1_204' title='bbox 1714 1332 1764 1354; x_wconf 74' lang='grc' dir='ltr'>ην.</span> <span class='ocrx_word' id='word_1_205' title='bbox 1783 1324 1853 1353; x_wconf 77' lang='lat'><strong><em>751.</em></strong></span> <span class='ocrx_word' id='word_1_206' title='bbox 1888 1321 1955 1352; x_wconf 74' lang='lat' dir='ltr'>Nos</span> <span class='ocrx_word' id='word_1_207' title='bbox 1977 1324 2066 1352; x_wconf 74' lang='lat' dir='ltr'>auto-</span> 
     </span>
     <span class='ocr_line' id='line_1_23' title="bbox 421 1373 1961 1417; baseline -0.003 -9"><span class='ocrx_word' id='word_1_208' title='bbox 421 1378 561 1417; x_wconf 70' lang='lat' dir='ltr'>yraphou</span> <span class='ocrx_word' id='word_1_209' title='bbox 584 1378 697 1408; x_wconf 55' lang='lat' dir='ltr'>‘ilerum</span> <span class='ocrx_word' id='word_1_210' title='bbox 720 1376 917 1409; x_wconf 69' lang='lat' dir='ltr'>coutulinms.</span> <span class='ocrx_word' id='word_1_211' title='bbox 946 1395 978 1398; x_wconf 71' lang='lat'>—</span> <span class='ocrx_word' id='word_1_212' title='bbox 1006 1376 1151 1414; x_wconf 52' lang='lat' dir='ltr'>Belem,</span> <span class='ocrx_word' id='word_1_213' title='bbox 1176 1376 1249 1415; x_wconf 74' lang='lat' dir='ltr'>Rey.</span> <span class='ocrx_word' id='word_1_214' title='bbox 1276 1376 1346 1414; x_wconf 71' lang='lat' dir='ltr'>Imp.</span> <span class='ocrx_word' id='word_1_215' title='bbox 1367 1375 1490 1412; x_wconf 73' lang='lat' dir='ltr'>1&#39;L4a.</span> <span class='ocrx_word' id='word_1_216' title='bbox 1776 1373 1829 1414; x_wconf 82' lang='lat' dir='ltr'>(P.</span> <span class='ocrx_word' id='word_1_217' title='bbox 1854 1373 1961 1412; x_wconf 72' lang='lat' dir='ltr'>deest.)</span> 
     </span>
    </p>
   </div>
   <div class='ocr_carea' id='block_1_8' title="bbox 424 1467 2069 1772">
    <p class='ocr_par' dir='ltr' id='par_1_8' title="bbox 424 1467 2069 1772">
     <span class='ocr_line' id='line_1_24' title="bbox 533 1467 2066 1513; baseline -0.003 -10"><span class='ocrx_word' id='word_1_218' title='bbox 533 1472 603 1513; x_wconf 84' lang='lat' dir='ltr'>Ego</span> <span class='ocrx_word' id='word_1_219' title='bbox 627 1471 841 1513; x_wconf 83' lang='lat' dir='ltr'>Reynhardus</span> <span class='ocrx_word' id='word_1_220' title='bbox 867 1471 906 1502; x_wconf 85' lang='lat' dir='ltr'>de</span> <span class='ocrx_word' id='word_1_221' title='bbox 924 1471 1106 1502; x_wconf 83' lang='lat' dir='ltr'>Hohenekc</span> <span class='ocrx_word' id='word_1_222' title='bbox 1132 1474 1241 1501; x_wconf 91' lang='lat' dir='ltr'>notum</span> <span class='ocrx_word' id='word_1_223' title='bbox 1266 1470 1348 1500; x_wconf 89' lang='lat' dir='ltr'>facio</span> <span class='ocrx_word' id='word_1_224' title='bbox 1374 1472 1559 1512; x_wconf 80' lang='lat' dir='ltr'>presentem</span> <span class='ocrx_word' id='word_1_225' title='bbox 1584 1469 1724 1500; x_wconf 84' lang='lat' dir='ltr'>litteram</span> <span class='ocrx_word' id='word_1_226' title='bbox 1749 1468 1956 1511; x_wconf 87' lang='lat' dir='ltr'>inspecturis,</span> <span class='ocrx_word' id='word_1_227' title='bbox 1981 1467 2066 1510; x_wconf 85' lang='lat' dir='ltr'>quod</span> 
     </span>
     <span class='ocr_line' id='line_1_25' title="bbox 425 1520 2068 1564; baseline -0.001 -11"><span class='ocrx_word' id='word_1_228' title='bbox 425 1523 552 1554; x_wconf 87' lang='lat' dir='ltr'>domino</span> <span class='ocrx_word' id='word_1_229' title='bbox 589 1535 660 1555; x_wconf 85' lang='lat' dir='ltr'>meo</span> <span class='ocrx_word' id='word_1_230' title='bbox 691 1524 864 1555; x_wconf 88' lang='lat' dir='ltr'>Ludowieo</span> <span class='ocrx_word' id='word_1_231' title='bbox 905 1524 1019 1554; x_wconf 85' lang='lat' dir='ltr'>illustri</span> <span class='ocrx_word' id='word_1_232' title='bbox 1055 1523 1163 1553; x_wconf 90' lang='lat' dir='ltr'>comiti</span> <span class='ocrx_word' id='word_1_233' title='bbox 1200 1522 1343 1564; x_wconf 86' lang='lat' dir='ltr'>palatino</span> <span class='ocrx_word' id='word_1_234' title='bbox 1382 1521 1499 1563; x_wconf 89' lang='lat' dir='ltr'>Rheny</span> <span class='ocrx_word' id='word_1_235' title='bbox 1536 1521 1607 1552; x_wconf 92' lang='lat' dir='ltr'>duci</span> <span class='ocrx_word' id='word_1_236' title='bbox 1641 1521 1827 1561; x_wconf 85' lang='lat' dir='ltr'>Bauwarie,</span> <span class='ocrx_word' id='word_1_237' title='bbox 1863 1524 1994 1562; x_wconf 83' lang='lat' dir='ltr'>recepta</span> <span class='ocrx_word' id='word_1_238' title='bbox 2028 1520 2068 1551; x_wconf 84' lang='lat' dir='ltr'>ab</span> 
     </span>
     <span class='ocr_line' id='line_1_26' title="bbox 425 1572 2067 1616; baseline -0.001 -12"><span class='ocrx_word' id='word_1_239' title='bbox 425 1575 536 1606; x_wconf 88' lang='lat' dir='ltr'>eodem</span> <span class='ocrx_word' id='word_1_240' title='bbox 560 1577 714 1607; x_wconf 89' lang='lat' dir='ltr'>caucione</span> <span class='ocrx_word' id='word_1_241' title='bbox 732 1576 771 1606; x_wconf 91' lang='lat' dir='ltr'>de</span> <span class='ocrx_word' id='word_1_242' title='bbox 796 1576 883 1606; x_wconf 85' lang='lat' dir='ltr'>mille</span> <span class='ocrx_word' id='word_1_243' title='bbox 901 1576 1016 1606; x_wconf 87' lang='lat' dir='ltr'>marcis</span> <span class='ocrx_word' id='word_1_244' title='bbox 1042 1575 1177 1615; x_wconf 83' lang='lat' dir='ltr'>argenti,</span> <span class='ocrx_word' id='word_1_245' title='bbox 1202 1585 1280 1616; x_wconf 88' lang='lat' dir='ltr'>quas</span> <span class='ocrx_word' id='word_1_246' title='bbox 1305 1573 1401 1605; x_wconf 88' lang='lat' dir='ltr'>michi</span> <span class='ocrx_word' id='word_1_247' title='bbox 1425 1574 1456 1604; x_wconf 90' lang='lat' dir='ltr'>in</span> <span class='ocrx_word' id='word_1_248' title='bbox 1477 1574 1560 1604; x_wconf 88' lang='lat' dir='ltr'>festo</span> <span class='ocrx_word' id='word_1_249' title='bbox 1585 1573 1762 1604; x_wconf 86' lang='lat' dir='ltr'>nativitatis</span> <span class='ocrx_word' id='word_1_250' title='bbox 1779 1572 1911 1603; x_wconf 90' lang='lat' dir='ltr'>Domini</span> <span class='ocrx_word' id='word_1_251' title='bbox 1936 1576 1968 1604; x_wconf 93' lang='lat' dir='ltr'>et</span> <span class='ocrx_word' id='word_1_252' title='bbox 1992 1575 2067 1603; x_wconf 88' lang='lat' dir='ltr'>ante</span> 
     </span>
     <span class='ocr_line' id='line_1_27' title="bbox 425 1624 2066 1668; baseline -0.001 -12"><span class='ocrx_word' id='word_1_253' title='bbox 425 1627 601 1667; x_wconf 87' lang='lat' dir='ltr'>persolvet,</span> <span class='ocrx_word' id='word_1_254' title='bbox 627 1628 710 1658; x_wconf 88' lang='lat' dir='ltr'>sicut</span> <span class='ocrx_word' id='word_1_255' title='bbox 734 1628 765 1658; x_wconf 88' lang='lat' dir='ltr'>in</span> <span class='ocrx_word' id='word_1_256' title='bbox 791 1627 958 1668; x_wconf 84' lang='lat' dir='ltr'>privilegio</span> <span class='ocrx_word' id='word_1_257' title='bbox 983 1637 1080 1668; x_wconf 87' lang='lat' dir='ltr'>super</span> <span class='ocrx_word' id='word_1_258' title='bbox 1104 1627 1163 1657; x_wconf 91' lang='lat' dir='ltr'>hoc</span> <span class='ocrx_word' id='word_1_259' title='bbox 1188 1626 1334 1657; x_wconf 84' lang='lat' dir='ltr'>confecto</span> <span class='ocrx_word' id='word_1_260' title='bbox 1358 1626 1485 1667; x_wconf 88' lang='lat' dir='ltr'>plenius</span> <span class='ocrx_word' id='word_1_261' title='bbox 1510 1625 1708 1665; x_wconf 81' lang='lat' dir='ltr'>continetur,</span> <span class='ocrx_word' id='word_1_262' title='bbox 1738 1625 1871 1666; x_wconf 86' lang='lat' dir='ltr'>promisi</span> <span class='ocrx_word' id='word_1_263' title='bbox 1895 1624 1958 1656; x_wconf 86' lang='lat' dir='ltr'>fide</span> <span class='ocrx_word' id='word_1_264' title='bbox 1982 1624 2066 1663; x_wconf 83' lang='lat' dir='ltr'>data,</span> 
     </span>
     <span class='ocr_line' id='line_1_28' title="bbox 424 1676 2068 1720; baseline -0.001 -12"><span class='ocrx_word' id='word_1_265' title='bbox 424 1678 679 1719; x_wconf 76' lang='lat' dir='ltr'>quandocunque</span> <span class='ocrx_word' id='word_1_266' title='bbox 712 1689 809 1720; x_wconf 90' lang='lat' dir='ltr'>super</span> <span class='ocrx_word' id='word_1_267' title='bbox 841 1679 900 1709; x_wconf 89' lang='lat' dir='ltr'>hoc</span> <span class='ocrx_word' id='word_1_268' title='bbox 932 1679 1056 1710; x_wconf 88' lang='lat' dir='ltr'>litteras</span> <span class='ocrx_word' id='word_1_269' title='bbox 1086 1678 1205 1709; x_wconf 90' lang='lat' dir='ltr'>domini</span> <span class='ocrx_word' id='word_1_270' title='bbox 1235 1678 1299 1708; x_wconf 90' lang='lat' dir='ltr'>mei</span> <span class='ocrx_word' id='word_1_271' title='bbox 1332 1677 1417 1718; x_wconf 87' lang='lat' dir='ltr'>regis</span> <span class='ocrx_word' id='word_1_272' title='bbox 1448 1687 1620 1719; x_wconf 88' lang='lat' dir='ltr'>recepero,</span> <span class='ocrx_word' id='word_1_273' title='bbox 1653 1677 1721 1708; x_wconf 90' lang='lat' dir='ltr'>sine</span> <span class='ocrx_word' id='word_1_274' title='bbox 1752 1687 1842 1707; x_wconf 85' lang='lat' dir='ltr'>mora</span> <span class='ocrx_word' id='word_1_275' title='bbox 1865 1678 1897 1706; x_wconf 85' lang='lat' dir='ltr'>et</span> <span class='ocrx_word' id='word_1_276' title='bbox 1921 1676 2068 1717; x_wconf 82' lang='lat' dir='ltr'>captione</span> 
     </span>
     <span class='ocr_line' id='line_1_29' title="bbox 424 1727 2069 1772; baseline -0.001 -13"><span class='ocrx_word' id='word_1_277' title='bbox 424 1729 568 1769; x_wconf 88' lang='lat' dir='ltr'>qualibet</span> <span class='ocrx_word' id='word_1_278' title='bbox 599 1730 740 1771; x_wconf 81' lang='lat' dir='ltr'>insignia</span> <span class='ocrx_word' id='word_1_279' title='bbox 774 1730 953 1772; x_wconf 70' lang='lat' dir='ltr'>imperialia</span> <span class='ocrx_word' id='word_1_280' title='bbox 988 1731 1155 1771; x_wconf 86' lang='lat' dir='ltr'>assignare</span> <span class='ocrx_word' id='word_1_281' title='bbox 1191 1730 1237 1760; x_wconf 81' lang='lat' dir='ltr'>sic</span> <span class='ocrx_word' id='word_1_282' title='bbox 1271 1730 1396 1770; x_wconf 85' lang='lat' dir='ltr'>integre</span> <span class='ocrx_word' id='word_1_283' title='bbox 1432 1732 1465 1759; x_wconf 88' lang='lat' dir='ltr'>et</span> <span class='ocrx_word' id='word_1_284' title='bbox 1496 1729 1661 1770; x_wconf 90' lang='lat' dir='ltr'>conplete,</span> <span class='ocrx_word' id='word_1_285' title='bbox 1698 1728 1781 1759; x_wconf 90' lang='lat' dir='ltr'>sicut</span> <span class='ocrx_word' id='word_1_286' title='bbox 1815 1727 1912 1758; x_wconf 89' lang='lat' dir='ltr'>michi</span> <span class='ocrx_word' id='word_1_287' title='bbox 1945 1730 2019 1759; x_wconf 90' lang='lat' dir='ltr'>sunt</span> <span class='ocrx_word' id='word_1_288' title='bbox 2050 1736 2069 1756; x_wconf 83' lang='lat' dir='ltr'>a</span> 
     </span>
    </p>
   </div>
   <div class='ocr_carea' id='block_1_9' title="bbox 2091 693 2115 712">
    <p class='ocr_par' dir='ltr' id='par_1_9' title="bbox 2091 693 2115 712">
     <span class='ocr_line' id='line_1_30' title="bbox 2091 693 2115 712; baseline 0.042 -1"><span class='ocrx_word' id='word_1_289' title='bbox 2091 693 2115 712; x_wconf 82' lang='lat'>10</span> 
     </span>
    </p>
   </div>
   <div class='ocr_carea' id='block_1_10' title="bbox 2093 965 2116 983">
    <p class='ocr_par' dir='ltr' id='par_1_10' title="bbox 2093 965 2116 983">
     <span class='ocr_line' id='line_1_31' title="bbox 2093 965 2116 983; baseline 0 0"><span class='ocrx_word' id='word_1_290' title='bbox 2093 965 2116 983; x_wconf 80' lang='lat'>15</span> 
     </span>
    </p>
   </div>
   <div class='ocr_carea' id='block_1_11' title="bbox 2094 1332 2119 1350">
    <p class='ocr_par' dir='ltr' id='par_1_11' title="bbox 2094 1332 2119 1350">
     <span class='ocr_line' id='line_1_32' title="bbox 2094 1332 2119 1350; baseline 0 0"><span class='ocrx_word' id='word_1_291' title='bbox 2094 1332 2119 1350; x_wconf 78' lang='lat'>20</span> 
     </span>
    </p>
   </div>
   <div class='ocr_carea' id='block_1_12' title="bbox 2095 1636 2120 1654">
    <p class='ocr_par' dir='ltr' id='par_1_12' title="bbox 2095 1636 2120 1654">
     <span class='ocr_line' id='line_1_33' title="bbox 2095 1636 2120 1654; baseline 0 0"><span class='ocrx_word' id='word_1_292' title='bbox 2095 1636 2120 1654; x_wconf 80' lang='lat'>25</span> 
     </span>
    </p>
   </div>
   <div class='ocr_carea' id='block_1_13' title="bbox 425 1779 2111 1822">
    <p class='ocr_par' dir='ltr' id='par_1_13' title="bbox 425 1779 2111 1822">
     <span class='ocr_line' id='line_1_34' title="bbox 425 1779 2111 1822; baseline 0 -12"><span class='ocrx_word' id='word_1_293' title='bbox 425 1780 552 1811; x_wconf 88' lang='lat' dir='ltr'>domino</span> <span class='ocrx_word' id='word_1_294' title='bbox 584 1781 776 1812; x_wconf 84' lang='lat' dir='ltr'>Ritschardo</span> <span class='ocrx_word' id='word_1_295' title='bbox 814 1792 888 1822; x_wconf 81' lang='lat' dir='ltr'>rege</span> <span class='ocrx_word' id='word_1_296' title='bbox 923 1781 1094 1813; x_wconf 88' lang='lat' dir='ltr'>recolende</span> <span class='ocrx_word' id='word_1_297' title='bbox 1130 1781 1281 1812; x_wconf 88' lang='lat' dir='ltr'>memorie</span> <span class='ocrx_word' id='word_1_298' title='bbox 1316 1781 1507 1821; x_wconf 82' lang='lat' dir='ltr'>assignata.1</span> <span class='ocrx_word' id='word_1_299' title='bbox 1561 1780 1595 1811; x_wconf 80' lang='lat' dir='ltr'>Si</span> <span class='ocrx_word' id='word_1_300' title='bbox 1627 1783 1736 1811; x_wconf 86' lang='lat' dir='ltr'>autem</span> <span class='ocrx_word' id='word_1_301' title='bbox 1768 1779 1932 1811; x_wconf 83' lang='lat' dir='ltr'>dominum</span> <span class='ocrx_word' id='word_1_302' title='bbox 1961 1789 2069 1810; x_wconf 89' lang='lat' dir='ltr'>meum</span> <span class='ocrx_word' id='word_1_303' title='bbox 2108 1783 2111 1784; x_wconf 69' lang='grc'>’</span> 
     </span>
    </p>
   </div>
   <div class='ocr_carea' id='block_1_14' title="bbox 428 1831 2072 2594">
    <p class='ocr_par' dir='ltr' id='par_1_14' title="bbox 428 1831 2072 2594">
     <span class='ocr_line' id='line_1_35' title="bbox 428 1831 2069 1875; baseline 0 -13"><span class='ocrx_word' id='word_1_304' title='bbox 428 1843 552 1873; x_wconf 83' lang='lat' dir='ltr'>regem,</span> <span class='ocrx_word' id='word_1_305' title='bbox 585 1837 756 1875; x_wconf 82' lang='lat' dir='ltr'>antequam</span> <span class='ocrx_word' id='word_1_306' title='bbox 781 1834 842 1864; x_wconf 86' lang='lat' dir='ltr'>sibi</span> <span class='ocrx_word' id='word_1_307' title='bbox 868 1833 1013 1875; x_wconf 87' lang='lat' dir='ltr'>predicta</span> <span class='ocrx_word' id='word_1_308' title='bbox 1040 1834 1187 1874; x_wconf 81' lang='lat' dir='ltr'>insignya</span> <span class='ocrx_word' id='word_1_309' title='bbox 1211 1832 1329 1863; x_wconf 87' lang='lat' dir='ltr'>fuerint</span> <span class='ocrx_word' id='word_1_310' title='bbox 1353 1833 1536 1873; x_wconf 85' lang='lat' dir='ltr'>assignata,</span> <span class='ocrx_word' id='word_1_311' title='bbox 1568 1833 1735 1873; x_wconf 86' lang='lat' dir='ltr'>contingat</span> <span class='ocrx_word' id='word_1_312' title='bbox 1760 1831 1843 1873; x_wconf 89' lang='lat' dir='ltr'>quod</span> <span class='ocrx_word' id='word_1_313' title='bbox 1867 1831 1949 1862; x_wconf 86' lang='lat' dir='ltr'>absit</span> <span class='ocrx_word' id='word_1_314' title='bbox 1972 1831 2069 1862; x_wconf 88' lang='lat' dir='ltr'>dece-</span> 
     </span>
     <span class='ocr_line' id='line_1_36' title="bbox 428 1883 2070 1926; baseline 0.001 -14"><span class='ocrx_word' id='word_1_315' title='bbox 428 1883 515 1922; x_wconf 82' lang='lat' dir='ltr'>dere,</span> <span class='ocrx_word' id='word_1_316' title='bbox 541 1884 654 1925; x_wconf 53' lang='lat' dir='ltr'>shquit</span> <span class='ocrx_word' id='word_1_317' title='bbox 678 1884 718 1915; x_wconf 81' lang='lat' dir='ltr'>(le</span> <span class='ocrx_word' id='word_1_318' title='bbox 742 1884 886 1926; x_wconf 81' lang='lat' dir='ltr'>predicta</span> <span class='ocrx_word' id='word_1_319' title='bbox 909 1885 1016 1926; x_wconf 85' lang='lat' dir='ltr'>recepi</span> <span class='ocrx_word' id='word_1_320' title='bbox 1040 1884 1206 1925; x_wconf 81' lang='lat' dir='ltr'>peccunia,</span> <span class='ocrx_word' id='word_1_321' title='bbox 1232 1883 1360 1914; x_wconf 89' lang='lat' dir='ltr'>domino</span> <span class='ocrx_word' id='word_1_322' title='bbox 1384 1894 1456 1914; x_wconf 86' lang='lat' dir='ltr'>mco</span> <span class='ocrx_word' id='word_1_323' title='bbox 1474 1883 1548 1914; x_wconf 86' lang='lat' dir='ltr'>duci</span> <span class='ocrx_word' id='word_1_324' title='bbox 1565 1884 1738 1914; x_wconf 88' lang='lat' dir='ltr'>restituere</span> <span class='ocrx_word' id='word_1_325' title='bbox 1755 1886 1867 1914; x_wconf 88' lang='lat' dir='ltr'>teneor</span> <span class='ocrx_word' id='word_1_326' title='bbox 1891 1886 1922 1914; x_wconf 90' lang='lat' dir='ltr'>et</span> <span class='ocrx_word' id='word_1_327' title='bbox 1939 1883 2070 1924; x_wconf 90' lang='lat' dir='ltr'>promisi</span> 
     </span>
     <span class='ocr_line' id='line_1_37' title="bbox 429 1934 2070 1967; baseline 0.001 -3"><span class='ocrx_word' id='word_1_328' title='bbox 429 1938 460 1964; x_wconf 82' lang='lat' dir='ltr'>et</span> <span class='ocrx_word' id='word_1_329' title='bbox 485 1935 689 1967; x_wconf 76' lang='lat' dir='ltr'>fideiussores</span> <span class='ocrx_word' id='word_1_330' title='bbox 713 1936 807 1966; x_wconf 84' lang='lat' dir='ltr'>michi</span> <span class='ocrx_word' id='word_1_331' title='bbox 837 1936 902 1966; x_wconf 86' lang='lat' dir='ltr'>dati</span> <span class='ocrx_word' id='word_1_332' title='bbox 933 1936 972 1966; x_wconf 81' lang='lat' dir='ltr'>ab</span> <span class='ocrx_word' id='word_1_333' title='bbox 1005 1936 1119 1967; x_wconf 83' lang='lat' dir='ltr'>codem</span> <span class='ocrx_word' id='word_1_334' title='bbox 1151 1946 1169 1966; x_wconf 86' lang='lat' dir='ltr'>a</span> <span class='ocrx_word' id='word_1_335' title='bbox 1194 1946 1252 1966; x_wconf 89' lang='lat' dir='ltr'>sua</span> <span class='ocrx_word' id='word_1_336' title='bbox 1276 1935 1482 1966; x_wconf 84' lang='lat' dir='ltr'>fideiussione</span> <span class='ocrx_word' id='word_1_337' title='bbox 1507 1939 1581 1966; x_wconf 88' lang='lat' dir='ltr'>sunt</span> <span class='ocrx_word' id='word_1_338' title='bbox 1605 1935 1697 1966; x_wconf 89' lang='lat' dir='ltr'>liberi</span> <span class='ocrx_word' id='word_1_339' title='bbox 1727 1938 1758 1966; x_wconf 90' lang='lat' dir='ltr'>et</span> <span class='ocrx_word' id='word_1_340' title='bbox 1782 1935 1888 1966; x_wconf 85' lang='lat' dir='ltr'>soluti.</span> <span class='ocrx_word' id='word_1_341' title='bbox 1936 1934 1968 1965; x_wconf 83' lang='lat' dir='ltr'>Si</span> <span class='ocrx_word' id='word_1_342' title='bbox 1993 1945 2070 1965; x_wconf 90' lang='lat' dir='ltr'>vero</span> 
     </span>
     <span class='ocr_line' id='line_1_38' title="bbox 428 1985 2070 2028; baseline 0.001 -13"><span class='ocrx_word' id='word_1_343' title='bbox 428 1987 615 2025; x_wconf 78' lang='lat' dir='ltr'>peccuniam</span> <span class='ocrx_word' id='word_1_344' title='bbox 648 1987 742 2017; x_wconf 88' lang='lat' dir='ltr'>michi</span> <span class='ocrx_word' id='word_1_345' title='bbox 775 1987 881 2017; x_wconf 81' lang='lat' dir='ltr'>(latam</span> <span class='ocrx_word' id='word_1_346' title='bbox 912 1997 1077 2017; x_wconf 80' lang='lat' dir='ltr'>reservare</span> <span class='ocrx_word' id='word_1_347' title='bbox 1108 1987 1196 2025; x_wconf 82' lang='lat' dir='ltr'>volo,</span> <span class='ocrx_word' id='word_1_348' title='bbox 1227 1987 1371 2028; x_wconf 84' lang='lat' dir='ltr'>prefatus</span> <span class='ocrx_word' id='word_1_349' title='bbox 1401 1986 1549 2017; x_wconf 84' lang='lat' dir='ltr'>dominus</span> <span class='ocrx_word' id='word_1_350' title='bbox 1581 1997 1672 2017; x_wconf 87' lang='lat' dir='ltr'>meus</span> <span class='ocrx_word' id='word_1_351' title='bbox 1706 1987 1803 2018; x_wconf 87' lang='lat' dir='ltr'>michi</span> <span class='ocrx_word' id='word_1_352' title='bbox 1826 1986 2007 2018; x_wconf 88' lang='lat' dir='ltr'>remanebit</span> <span class='ocrx_word' id='word_1_353' title='bbox 2031 1985 2070 2017; x_wconf 88' lang='lat' dir='ltr'>ad</span> 
     </span>
     <span class='ocr_line' id='line_1_39' title="bbox 429 2037 2071 2080; baseline 0.001 -13"><span class='ocrx_word' id='word_1_354' title='bbox 429 2037 620 2068; x_wconf 84' lang='lat' dir='ltr'>solutionem</span> <span class='ocrx_word' id='word_1_355' title='bbox 654 2039 754 2079; x_wconf 84' lang='lat' dir='ltr'>partis</span> <span class='ocrx_word' id='word_1_356' title='bbox 788 2038 916 2068; x_wconf 83' lang='lat' dir='ltr'>residue</span> <span class='ocrx_word' id='word_1_357' title='bbox 952 2038 1127 2079; x_wconf 81' lang='lat' dir='ltr'>obligatus,</span> <span class='ocrx_word' id='word_1_358' title='bbox 1163 2042 1194 2069; x_wconf 88' lang='lat' dir='ltr'>et</span> <span class='ocrx_word' id='word_1_359' title='bbox 1232 2042 1350 2069; x_wconf 82' lang='lat' dir='ltr'>extunc</span> <span class='ocrx_word' id='word_1_360' title='bbox 1380 2038 1543 2079; x_wconf 85' lang='lat' dir='ltr'>sepedicto</span> <span class='ocrx_word' id='word_1_361' title='bbox 1568 2038 1695 2069; x_wconf 91' lang='lat' dir='ltr'>domino</span> <span class='ocrx_word' id='word_1_362' title='bbox 1725 2049 1798 2070; x_wconf 88' lang='lat' dir='ltr'>meo</span> <span class='ocrx_word' id='word_1_363' title='bbox 1829 2038 1903 2069; x_wconf 90' lang='lat' dir='ltr'>duci</span> <span class='ocrx_word' id='word_1_364' title='bbox 1927 2038 2071 2080; x_wconf 86' lang='lat' dir='ltr'>predicta</span> 
     </span>
     <span class='ocr_line' id='line_1_40' title="bbox 431 2089 2070 2132; baseline 0.002 -14"><span class='ocrx_word' id='word_1_365' title='bbox 431 2089 575 2130; x_wconf 78' lang='lat' dir='ltr'>insignya</span> <span class='ocrx_word' id='word_1_366' title='bbox 599 2093 629 2119; x_wconf 85' lang='lat' dir='ltr'>ct</span> <span class='ocrx_word' id='word_1_367' title='bbox 654 2094 752 2120; x_wconf 85' lang='lat' dir='ltr'>totam</span> <span class='ocrx_word' id='word_1_368' title='bbox 778 2090 1037 2131; x_wconf 82' lang='lat' dir='ltr'>procurationem</span> <span class='ocrx_word' id='word_1_369' title='bbox 1062 2100 1181 2127; x_wconf 83' lang='lat' dir='ltr'>meam,</span> <span class='ocrx_word' id='word_1_370' title='bbox 1206 2089 1357 2120; x_wconf 85' lang='lat' dir='ltr'>videlicet</span> <span class='ocrx_word' id='word_1_371' title='bbox 1387 2093 1527 2120; x_wconf 85' lang='lat' dir='ltr'>castrum</span> <span class='ocrx_word' id='word_1_372' title='bbox 1552 2093 1584 2121; x_wconf 88' lang='lat' dir='ltr'>et</span> <span class='ocrx_word' id='word_1_373' title='bbox 1608 2090 1737 2132; x_wconf 87' lang='lat' dir='ltr'>opidum</span> <span class='ocrx_word' id='word_1_374' title='bbox 1762 2090 1899 2130; x_wconf 86' lang='lat' dir='ltr'>Lutern,</span> <span class='ocrx_word' id='word_1_375' title='bbox 1931 2093 2070 2121; x_wconf 85' lang='lat' dir='ltr'>castrum</span> 
     </span>
     <span class='ocr_line' id='line_1_41' title="bbox 429 2140 2069 2183; baseline 0.001 -13"><span class='ocrx_word' id='word_1_376' title='bbox 429 2140 555 2171; x_wconf 74' lang='lat' dir='ltr'>&#39;l&#39;rivels</span> <span class='ocrx_word' id='word_1_377' title='bbox 581 2152 652 2171; x_wconf 84' lang='lat' dir='ltr'>cum</span> <span class='ocrx_word' id='word_1_378' title='bbox 677 2142 825 2172; x_wconf 78' lang='lat' dir='ltr'>omnibus</span> <span class='ocrx_word' id='word_1_379' title='bbox 850 2142 1032 2172; x_wconf 77' lang='lat' dir='ltr'>attinenciis</span> <span class='ocrx_word' id='word_1_380' title='bbox 1057 2141 1231 2172; x_wconf 85' lang='lat' dir='ltr'>eorundem</span> <span class='ocrx_word' id='word_1_381' title='bbox 1257 2152 1380 2172; x_wconf 88' lang='lat' dir='ltr'>necnon</span> <span class='ocrx_word' id='word_1_382' title='bbox 1407 2142 1527 2177; x_wconf 69' lang='lat' dir='ltr'>omnia,</span> <span class='ocrx_word' id='word_1_383' title='bbox 1558 2153 1619 2183; x_wconf 89' lang='lat' dir='ltr'>que</span> <span class='ocrx_word' id='word_1_384' title='bbox 1651 2153 1692 2173; x_wconf 84' lang='lat' dir='ltr'>cx</span> <span class='ocrx_word' id='word_1_385' title='bbox 1716 2142 1948 2183; x_wconf 86' lang='lat' dir='ltr'>procuracione</span> <span class='ocrx_word' id='word_1_386' title='bbox 1973 2142 2069 2172; x_wconf 86' lang='lat' dir='ltr'>michi</span> 
     </span>
     <span class='ocr_line' id='line_1_42' title="bbox 433 2192 2071 2235; baseline 0.002 -14"><span class='ocrx_word' id='word_1_387' title='bbox 433 2192 602 2223; x_wconf 69' lang='lat' dir='ltr'>commissa</span> <span class='ocrx_word' id='word_1_388' title='bbox 627 2193 791 2233; x_wconf 76' lang='lat' dir='ltr'>possideo,</span> <span class='ocrx_word' id='word_1_389' title='bbox 816 2197 927 2224; x_wconf 85' lang='lat' dir='ltr'>teneor</span> <span class='ocrx_word' id='word_1_390' title='bbox 950 2194 1019 2224; x_wconf 87' lang='lat' dir='ltr'>siue</span> <span class='ocrx_word' id='word_1_391' title='bbox 1045 2193 1274 2234; x_wconf 88' lang='lat' dir='ltr'>impedimento</span> <span class='ocrx_word' id='word_1_392' title='bbox 1300 2197 1332 2223; x_wconf 92' lang='lat' dir='ltr'>et</span> <span class='ocrx_word' id='word_1_393' title='bbox 1357 2193 1615 2224; x_wconf 85' lang='lat' dir='ltr'>contradiccione</span> <span class='ocrx_word' id='word_1_394' title='bbox 1635 2194 1784 2235; x_wconf 84' lang='lat' dir='ltr'>qualibet</span> <span class='ocrx_word' id='word_1_395' title='bbox 1808 2194 1982 2235; x_wconf 83' lang='lat' dir='ltr'>assignare.</span> <span class='ocrx_word' id='word_1_396' title='bbox 2028 2193 2071 2224; x_wconf 84' lang='lat' dir='ltr'>Et</span> 
     </span>
     <span class='ocr_line' id='line_1_43' title="bbox 431 2243 2070 2286; baseline 0.003 -15"><span class='ocrx_word' id='word_1_397' title='bbox 431 2243 512 2283; x_wconf 80' lang='lat' dir='ltr'>quod</span> <span class='ocrx_word' id='word_1_398' title='bbox 539 2243 596 2273; x_wconf 83' lang='lat' dir='ltr'>hec</span> <span class='ocrx_word' id='word_1_399' title='bbox 622 2244 727 2274; x_wconf 89' lang='lat' dir='ltr'>omnia</span> <span class='ocrx_word' id='word_1_400' title='bbox 752 2244 819 2274; x_wconf 88' lang='lat' dir='ltr'>siue</span> <span class='ocrx_word' id='word_1_401' title='bbox 844 2244 915 2274; x_wconf 84' lang='lat' dir='ltr'>dolo</span> <span class='ocrx_word' id='word_1_402' title='bbox 944 2247 975 2274; x_wconf 83' lang='lat' dir='ltr'>et</span> <span class='ocrx_word' id='word_1_403' title='bbox 999 2245 1147 2285; x_wconf 84' lang='lat' dir='ltr'>captione</span> <span class='ocrx_word' id='word_1_404' title='bbox 1173 2244 1316 2284; x_wconf 88' lang='lat' dir='ltr'>qualibet</span> <span class='ocrx_word' id='word_1_405' title='bbox 1340 2244 1515 2286; x_wconf 85' lang='lat' dir='ltr'>perducam</span> <span class='ocrx_word' id='word_1_406' title='bbox 1545 2245 1584 2275; x_wconf 89' lang='lat' dir='ltr'>ad</span> <span class='ocrx_word' id='word_1_407' title='bbox 1610 2246 1775 2283; x_wconf 77' lang='lat' dir='ltr'>effectum,</span> <span class='ocrx_word' id='word_1_408' title='bbox 1807 2245 1951 2276; x_wconf 89' lang='lat' dir='ltr'>dominos</span> <span class='ocrx_word' id='word_1_409' title='bbox 1981 2256 2070 2276; x_wconf 87' lang='lat' dir='ltr'>meos</span> 
     </span>
     <span class='ocr_line' id='line_1_44' title="bbox 431 2294 2072 2339; baseline 0.002 -15"><span class='ocrx_word' id='word_1_410' title='bbox 431 2294 618 2326; x_wconf 79' lang='lat' dir='ltr'>llciurieum</span> <span class='ocrx_word' id='word_1_411' title='bbox 649 2296 884 2337; x_wconf 79' lang='lat' dir='ltr'>Geminipontis</span> <span class='ocrx_word' id='word_1_412' title='bbox 916 2299 947 2326; x_wconf 89' lang='lat' dir='ltr'>ct</span> <span class='ocrx_word' id='word_1_413' title='bbox 972 2295 1144 2336; x_wconf 69' lang='lat' dir='ltr'>Symoncm</span> <span class='ocrx_word' id='word_1_414' title='bbox 1176 2296 1274 2326; x_wconf 82' lang='lat' dir='ltr'>tilium</span> <span class='ocrx_word' id='word_1_415' title='bbox 1306 2306 1397 2327; x_wconf 86' lang='lat' dir='ltr'>suum</span> <span class='ocrx_word' id='word_1_416' title='bbox 1432 2296 1472 2327; x_wconf 89' lang='lat' dir='ltr'>de</span> <span class='ocrx_word' id='word_1_417' title='bbox 1497 2296 1680 2339; x_wconf 73' lang='lat' dir='ltr'>Obersteyn</span> <span class='ocrx_word' id='word_1_418' title='bbox 1711 2298 1862 2337; x_wconf 89' lang='lat' dir='ltr'>comites,</span> <span class='ocrx_word' id='word_1_419' title='bbox 1894 2297 2072 2328; x_wconf 85' lang='lat' dir='ltr'>Iohannem</span> 
     </span>
     <span class='ocr_line' id='line_1_45' title="bbox 431 2346 2072 2389; baseline 0.003 -14"><span class='ocrx_word' id='word_1_420' title='bbox 431 2346 470 2376; x_wconf 85' lang='lat' dir='ltr'>de</span> <span class='ocrx_word' id='word_1_421' title='bbox 498 2346 631 2379; x_wconf 65' lang='lat' dir='ltr'>Mothis.</span> <span class='ocrx_word' id='word_1_422' title='bbox 659 2346 882 2381; x_wconf 72' lang='lat' dir='ltr'>Wilhalmum,</span> <span class='ocrx_word' id='word_1_423' title='bbox 913 2346 1117 2387; x_wconf 63' lang='lat' dir='ltr'>lteynoldum</span> <span class='ocrx_word' id='word_1_424' title='bbox 1142 2350 1173 2376; x_wconf 91' lang='lat' dir='ltr'>et</span> <span class='ocrx_word' id='word_1_425' title='bbox 1197 2347 1386 2377; x_wconf 84' lang='lat' dir='ltr'>lleinrieum</span> <span class='ocrx_word' id='word_1_426' title='bbox 1413 2351 1561 2389; x_wconf 86' lang='lat' dir='ltr'>patruum</span> <span class='ocrx_word' id='word_1_427' title='bbox 1586 2359 1691 2379; x_wconf 88' lang='lat' dir='ltr'>mcum</span> <span class='ocrx_word' id='word_1_428' title='bbox 1723 2349 1762 2379; x_wconf 90' lang='lat' dir='ltr'>de</span> <span class='ocrx_word' id='word_1_429' title='bbox 1787 2349 1968 2380; x_wconf 80' lang='lat' dir='ltr'>Hoheneke</span> <span class='ocrx_word' id='word_1_430' title='bbox 1993 2349 2072 2380; x_wconf 79' lang='lat' dir='ltr'>fide-</span> 
     </span>
     <span class='ocr_line' id='line_1_46' title="bbox 432 2398 2071 2441; baseline 0.002 -14"><span class='ocrx_word' id='word_1_431' title='bbox 432 2398 569 2427; x_wconf 75' lang='lat' dir='ltr'>iussores</span> <span class='ocrx_word' id='word_1_432' title='bbox 601 2399 629 2428; x_wconf 90' lang='lat' dir='ltr'>in</span> <span class='ocrx_word' id='word_1_433' title='bbox 664 2398 798 2429; x_wconf 82' lang='lat' dir='ltr'>solidum</span> <span class='ocrx_word' id='word_1_434' title='bbox 834 2398 999 2432; x_wconf 75' lang='lat' dir='ltr'>constitui,</span> <span class='ocrx_word' id='word_1_435' title='bbox 1033 2398 1084 2439; x_wconf 86' lang='lat' dir='ltr'>qui</span> <span class='ocrx_word' id='word_1_436' title='bbox 1117 2399 1142 2428; x_wconf 84' lang='lat' dir='ltr'>si</span> <span class='ocrx_word' id='word_1_437' title='bbox 1173 2398 1316 2439; x_wconf 83' lang='lat' dir='ltr'>predicta</span> <span class='ocrx_word' id='word_1_438' title='bbox 1341 2403 1452 2429; x_wconf 86' lang='lat' dir='ltr'>contra</span> <span class='ocrx_word' id='word_1_439' title='bbox 1484 2400 1579 2431; x_wconf 86' lang='lat' dir='ltr'>fidem</span> <span class='ocrx_word' id='word_1_440' title='bbox 1604 2411 1708 2431; x_wconf 86' lang='lat' dir='ltr'>meam</span> <span class='ocrx_word' id='word_1_441' title='bbox 1735 2401 1867 2432; x_wconf 88' lang='lat' dir='ltr'>veniens</span> <span class='ocrx_word' id='word_1_442' title='bbox 1894 2401 2071 2441; x_wconf 85' lang='lat' dir='ltr'>neglexero</span> 
     </span>
     <span class='ocr_line' id='line_1_47' title="bbox 431 2449 2071 2491; baseline 0.003 -13"><span class='ocrx_word' id='word_1_443' title='bbox 431 2449 620 2491; x_wconf 76' lang='lat' dir='ltr'>adimplere,</span> <span class='ocrx_word' id='word_1_444' title='bbox 651 2450 760 2480; x_wconf 82' lang='lat' dir='ltr'>moniti</span> <span class='ocrx_word' id='word_1_445' title='bbox 792 2462 810 2480; x_wconf 85' lang='lat' dir='ltr'>a</span> <span class='ocrx_word' id='word_1_446' title='bbox 839 2450 980 2491; x_wconf 82' lang='lat' dir='ltr'>predicto</span> <span class='ocrx_word' id='word_1_447' title='bbox 1011 2449 1138 2480; x_wconf 85' lang='lat' dir='ltr'>domiuo</span> <span class='ocrx_word' id='word_1_448' title='bbox 1169 2461 1240 2481; x_wconf 87' lang='lat' dir='ltr'>meo</span> <span class='ocrx_word' id='word_1_449' title='bbox 1272 2450 1352 2481; x_wconf 86' lang='lat' dir='ltr'>duee</span> <span class='ocrx_word' id='word_1_450' title='bbox 1378 2452 1428 2481; x_wconf 83' lang='lat' dir='ltr'>vol</span> <span class='ocrx_word' id='word_1_451' title='bbox 1458 2452 1526 2482; x_wconf 81' lang='lat' dir='ltr'>eius</span> <span class='ocrx_word' id='word_1_452' title='bbox 1552 2453 1692 2487; x_wconf 74' lang='lat' dir='ltr'>nunciis,</span> <span class='ocrx_word' id='word_1_453' title='bbox 1723 2452 1753 2483; x_wconf 93' lang='lat' dir='ltr'>in</span> <span class='ocrx_word' id='word_1_454' title='bbox 1772 2452 1959 2484; x_wconf 54' lang='lat' dir='ltr'>NVormacia</span> <span class='ocrx_word' id='word_1_455' title='bbox 1983 2463 2071 2483; x_wconf 88' lang='lat' dir='ltr'>more</span> 
     </span>
     <span class='ocr_line' id='line_1_48' title="bbox 433 2501 2072 2546; baseline 0.002 -15"><span class='ocrx_word' id='word_1_456' title='bbox 433 2501 630 2532; x_wconf 48' lang='lat' dir='ltr'>rideluwmh»</span> <span class='ocrx_word' id='word_1_457' title='bbox 662 2514 695 2531; x_wconf 71' lang='lat' dir='ltr'>se</span> <span class='ocrx_word' id='word_1_458' title='bbox 722 2502 890 2542; x_wconf 73' lang='lat' dir='ltr'>recipient,</span> <span class='ocrx_word' id='word_1_459' title='bbox 924 2502 963 2531; x_wconf 80' lang='lat' dir='ltr'>ab</span> <span class='ocrx_word' id='word_1_460' title='bbox 998 2501 1070 2531; x_wconf 78' lang='lat' dir='ltr'>inde</span> <span class='ocrx_word' id='word_1_461' title='bbox 1095 2501 1276 2531; x_wconf 78' lang='lat' dir='ltr'>nullatenus</span> <span class='ocrx_word' id='word_1_462' title='bbox 1302 2504 1474 2542; x_wconf 80' lang='lat' dir='ltr'>recessuri,</span> <span class='ocrx_word' id='word_1_463' title='bbox 1507 2503 1608 2535; x_wconf 86' lang='lat' dir='ltr'>donec</span> <span class='ocrx_word' id='word_1_464' title='bbox 1642 2505 1783 2546; x_wconf 78' lang='lat' dir='ltr'>quicquit</span> <span class='ocrx_word' id='word_1_465' title='bbox 1813 2508 1993 2546; x_wconf 89' lang='lat' dir='ltr'>pretactum</span> <span class='ocrx_word' id='word_1_466' title='bbox 2024 2507 2072 2534; x_wconf 81' lang='lat' dir='ltr'>est</span> 
     </span>
     <span class='ocr_line' id='line_1_49' title="bbox 433 2552 2071 2594; baseline 0.002 -11"><span class='ocrx_word' id='word_1_467' title='bbox 433 2565 489 2594; x_wconf 82' lang='lat' dir='ltr'>per</span> <span class='ocrx_word' id='word_1_468' title='bbox 522 2565 570 2583; x_wconf 86' lang='lat' dir='ltr'>me</span> <span class='ocrx_word' id='word_1_469' title='bbox 607 2558 638 2583; x_wconf 83' lang='lat' dir='ltr'>et</span> <span class='ocrx_word' id='word_1_470' title='bbox 670 2554 805 2584; x_wconf 74' lang='lat' dir='ltr'>heredes</span> <span class='ocrx_word' id='word_1_471' title='bbox 836 2564 924 2583; x_wconf 77' lang='lat' dir='ltr'>meos</span> <span class='ocrx_word' id='word_1_472' title='bbox 950 2552 1084 2583; x_wconf 69' lang='lat' dir='ltr'>fideliter</span> <span class='ocrx_word' id='word_1_473' title='bbox 1107 2553 1312 2594; x_wconf 69' lang='lat' dir='ltr'>compleatur.</span> <span class='ocrx_word' id='word_1_474' title='bbox 1369 2554 1405 2584; x_wconf 90' lang='lat' dir='ltr'>ln</span> <span class='ocrx_word' id='word_1_475' title='bbox 1436 2555 1525 2585; x_wconf 81' lang='lat' dir='ltr'>euius</span> <span class='ocrx_word' id='word_1_476' title='bbox 1559 2555 1605 2586; x_wconf 87' lang='lat' dir='ltr'>rei</span> <span class='ocrx_word' id='word_1_477' title='bbox 1635 2556 1851 2586; x_wconf 86' lang='lat' dir='ltr'>testimonium</span> <span class='ocrx_word' id='word_1_478' title='bbox 1883 2560 1914 2587; x_wconf 89' lang='lat' dir='ltr'>et</span> <span class='ocrx_word' id='word_1_479' title='bbox 1945 2556 2071 2586; x_wconf 82' lang='lat' dir='ltr'>maioris</span> 
     </span>
    </p>
   </div>
   <div class='ocr_carea' id='block_1_15' title="bbox 431 2654 2074 2777">
    <p class='ocr_par' dir='ltr' id='par_1_15' title="bbox 431 2654 2074 2777">
     <span class='ocr_line' id='line_1_50' title="bbox 538 2654 2071 2688; baseline 0.003 -8"><span class='ocrx_word' id='word_1_480' title='bbox 538 2657 560 2682; x_wconf 66' lang='lat' dir='ltr'>l)</span> <span class='ocrx_word' id='word_1_481' title='bbox 593 2656 711 2687; x_wconf 52' lang='lat' dir='ltr'>Insistam</span> <span class='ocrx_word' id='word_1_482' title='bbox 737 2656 837 2688; x_wconf 63' lang='lat'>&#39;1&#39;1211011&#39;11</span> <span class='ocrx_word' id='word_1_483' title='bbox 866 2665 881 2679; x_wconf 78' lang='grc' dir='ltr'>ιι</span> <span class='ocrx_word' id='word_1_484' title='bbox 909 2655 1029 2687; x_wconf 66' lang='lat' dir='ltr'>Philippo</span> <span class='ocrx_word' id='word_1_485' title='bbox 1053 2655 1084 2679; x_wconf 67' lang='lat' dir='ltr'>dr·</span> <span class='ocrx_word' id='word_1_486' title='bbox 1109 2654 1278 2679; x_wconf 64' lang='lat' dir='ltr'>Mallfae’nslein</span> <span class='ocrx_word' id='word_1_487' title='bbox 1308 2656 1356 2680; x_wconf 77' lang='lat' dir='ltr'>sibi</span> <span class='ocrx_word' id='word_1_488' title='bbox 1374 2656 1477 2681; x_wconf 70' lang='lat' dir='ltr'>reddita</span> <span class='ocrx_word' id='word_1_489' title='bbox 1502 2660 1611 2683; x_wconf 54' lang='lat' dir='ltr'>{astatur</span> <span class='ocrx_word' id='word_1_490' title='bbox 1631 2658 1786 2684; x_wconf 69' lang='lat' dir='ltr'>Richm-tlus·</span> <span class='ocrx_word' id='word_1_491' title='bbox 1817 2666 1863 2684; x_wconf 69' lang='lat' dir='ltr'>&#39;rm&#39;</span> <span class='ocrx_word' id='word_1_492' title='bbox 1891 2667 1916 2684; x_wconf 83' lang='grc' dir='ltr'>(ι.</span> <span class='ocrx_word' id='word_1_493' title='bbox 1943 2662 2011 2684; x_wconf 67' lang='grc'><em>1269.</em></span> <span class='ocrx_word' id='word_1_494' title='bbox 2039 2666 2071 2684; x_wconf 77' lang='lat' dir='ltr'>m.</span> 
     </span>
     <span class='ocr_line' id='line_1_51' title="bbox 434 2700 2074 2734; baseline 0 -8"><span class='ocrx_word' id='word_1_495' title='bbox 434 2703 511 2733; x_wconf 66' lang='lat' dir='ltr'>Aps..</span> <span class='ocrx_word' id='word_1_496' title='bbox 535 2701 594 2733; x_wconf 67' lang='grc' dir='ltr'>Ιιέῃ.</span> <span class='ocrx_word' id='word_1_497' title='bbox 616 2701 674 2733; x_wconf 72' lang='lat' dir='ltr'>imp,</span> <span class='ocrx_word' id='word_1_498' title='bbox 693 2701 720 2728; x_wconf 60' lang='grc' dir='ltr'>ι’,</span> <span class='ocrx_word' id='word_1_499' title='bbox 734 2705 806 2726; x_wconf 65' lang='lat'>51:351.</span> <span class='ocrx_word' id='word_1_500' title='bbox 847 2701 961 2726; x_wconf 53' lang='lat' dir='ltr'>(tvm-mu</span> <span class='ocrx_word' id='word_1_501' title='bbox 986 2702 1020 2731; x_wconf 68' lang='grc' dir='ltr'>(γ’,</span> <span class='ocrx_word' id='word_1_502' title='bbox 1042 2701 1186 2733; x_wconf 64' lang='lat' dir='ltr'>ln&#39;pislnlnm</span> <span class='ocrx_word' id='word_1_503' title='bbox 1211 2700 1311 2725; x_wconf 58' lang='lat' dir='ltr'>ramni</span> <span class='ocrx_word' id='word_1_504' title='bbox 1332 2701 1379 2726; x_wconf 70' lang='lat'>11⁷.</span> <span class='ocrx_word' id='word_1_505' title='bbox 1404 2701 1434 2725; x_wconf 64' lang='lat' dir='ltr'>‹lo-</span> <span class='ocrx_word' id='word_1_506' title='bbox 1463 2701 1564 2734; x_wconf 50' lang='lat' dir='ltr'>nestorio</span> <span class='ocrx_word' id='word_1_507' title='bbox 1591 2702 1694 2734; x_wconf 64' lang='lat' dir='ltr'>imperii</span> <span class='ocrx_word' id='word_1_508' title='bbox 1721 2702 1947 2727; x_wconf 70' lang='lat' dir='ltr'>‘(&#39;1mstituliones‘</span> <span class='ocrx_word' id='word_1_509' title='bbox 1969 2701 2074 2733; x_wconf 75' lang='lat'><em>11‚525</em></span> 
     </span>
     <span class='ocr_line' id='line_1_52' title="bbox 431 2743 2072 2777; baseline 0.001 -8"><span class='ocrx_word' id='word_1_510' title='bbox 431 2750 475 2769; x_wconf 71' lang='lat' dir='ltr'>er:</span> <span class='ocrx_word' id='word_1_511' title='bbox 494 2748 515 2768; x_wconf 72' lang='grc' dir='ltr'>οἸ</span> <span class='ocrx_word' id='word_1_512' title='bbox 535 2753 561 2768; x_wconf 71' lang='lat' dir='ltr'>m</span> <span class='ocrx_word' id='word_1_513' title='bbox 581 2754 648 2776; x_wconf 62' lang='lat' dir='ltr'>quw*</span> <span class='ocrx_word' id='word_1_514' title='bbox 668 2745 784 2776; x_wconf 52' lang='lat' dir='ltr'>‹zu-pruni!</span> <span class='ocrx_word' id='word_1_515' title='bbox 807 2744 963 2776; x_wconf 58' lang='lat' dir='ltr'>Iv&#39;twtsrlmff</span> <span class='ocrx_word' id='word_1_516' title='bbox 980 2744 1164 2770; x_wconf 64' lang='lat' dir='ltr'>·.x&#39;11‹·h1·‹‘«lztm1</span> <span class='ocrx_word' id='word_1_517' title='bbox 1184 2743 1228 2768; x_wconf 72' lang='lat' dir='ltr'>der</span> <span class='ocrx_word' id='word_1_518' title='bbox 1252 2744 1388 2776; x_wconf 67' lang='lat' dir='ltr'>{r&#39;r&#39;altinyr&#39;1‘</span> <span class='ocrx_word' id='word_1_519' title='bbox 1406 2744 1574 2777; x_wconf 61' lang='lat' dir='ltr'>(lesfllsaesltasl</span> <span class='ocrx_word' id='word_1_520' title='bbox 1594 2745 1642 2770; x_wconf 72' lang='lat' dir='ltr'>del·</span> <span class='ocrx_word' id='word_1_521' title='bbox 1662 2745 1893 2776; x_wconf 70' lang='lat' dir='ltr'>ll&#39;issensclmften&#39;</span> <span class='ocrx_word' id='word_1_522' title='bbox 1914 2748 2018 2777; x_wconf 56' lang='grc'>13971).</span> <span class='ocrx_word' id='word_1_523' title='bbox 2031 2748 2072 2770; x_wconf 69' lang='lat'>50.</span> 
     </span>
    </p>
   </div>
   <div class='ocr_carea' id='block_1_16' title="bbox 2098 1894 2123 1912">
    <p class='ocr_par' dir='ltr' id='par_1_16' title="bbox 2098 1894 2123 1912">
     <span class='ocr_line' id='line_1_53' title="bbox 2098 1894 2123 1912; baseline -0.04 0"><span class='ocrx_word' id='word_1_524' title='bbox 2098 1894 2123 1912; x_wconf 80' lang='grc'>30</span> 
     </span>
    </p>
   </div>
   <div class='ocr_carea' id='block_1_17' title="bbox 2099 2153 2122 2172">
    <p class='ocr_par' dir='ltr' id='par_1_17' title="bbox 2099 2153 2122 2172">
     <span class='ocr_line' id='line_1_54' title="bbox 2099 2153 2122 2172; baseline -0.043 0"><span class='ocrx_word' id='word_1_525' title='bbox 2099 2153 2122 2172; x_wconf 78' lang='lat'>35</span> 
     </span>
    </p>
   </div>
   <div class='ocr_carea' id='block_1_18' title="bbox 2100 2420 2125 2438">
    <p class='ocr_par' dir='ltr' id='par_1_18' title="bbox 2100 2420 2125 2438">
     <span class='ocr_line' id='line_1_55' title="bbox 2100 2420 2125 2438; baseline -0.04 0"><span class='ocrx_word' id='word_1_526' title='bbox 2100 2420 2125 2438; x_wconf 74' lang='lat'>40</span> 
     </span>
    </p>
   </div>
   <div class='ocr_carea' id='block_1_19' title="bbox 2100 2713 2124 2731">
    <p class='ocr_par' dir='ltr' id='par_1_19' title="bbox 2100 2713 2124 2731">
     <span class='ocr_line' id='line_1_56' title="bbox 2100 2713 2124 2731; baseline -0.042 0"><span class='ocrx_word' id='word_1_527' title='bbox 2100 2713 2124 2731; x_wconf 71' lang='lat'>45</span> 
     </span>
    </p>
   </div>
  </div>
 </body>
</html>
