2259 3116
330 750 378 770 Mai.
397 753 414 770 1·

337 778 381 797 lun.
395 780 413 797 1-

340 1107 381 1127 1111,
398 1109 407 1126 1

423 155 483 183 230
808 150 965 177 RUDOLFI
984 150 1088 176 00015
1108 132 1430 176 consriruriouns
1468 149 1542 175 12s0.
1580 148 1698 175 111-043.

422 239 496 279 quia
524 238 555 268 id
587 241 721 280 propter
754 237 935 269 absentiam
972 237 1129 279 sepedicti
1162 236 1314 278 principis
1347 236 1487 277 aliquam
1518 235 1704 266 dilationem
1734 235 1849 266 merito
1873 235 2069 276 requirebat,

421 289 573 330 providus
599 290 646 320 vir
670 290 825 330 magister
849 288 1013 320 Henricus
1038 289 1076 319 de
1102 288 1232 329 Turego
1257 287 1440 329 prepositus
1471 288 1608 318 ecclesie
1633 286 1850 328 Frisiugensis
1874 286 1915 317 ad
1944 287 2068 328 predic-

421 345 489 372 tum
525 341 688 371 dominum
725 351 835 382 regem
866 341 1087 371 Romanorum
1118 350 1189 370 eum
1224 339 1426 370 ordinatione
1459 350 1495 369 ac
1527 338 1760 369 deliberatione
1799 339 1966 380 premissis
1998 350 2068 370 ver-

422 393 516 430 titur,
541 396 575 422 ut
600 392 685 423 idem
710 392 855 423 dominus
888 403 945 423 rex
970 392 1188 422 Romanorum
1218 391 1329 421 habita
1353 391 1490 432 pleniori
1515 391 1631 421 notitia
1653 390 1902 431 premissorum,
1927 401 1988 431 que
2012 400 2070 432 per

423 455 495 475 eum
521 445 605 475 circa
629 444 715 475 dicta.
738 445 907 486 privilegia
933 447 965 475 et
989 444 1053 474 alia
1076 444 1144 474 fieri
1169 442 1316 484 expedit,
1347 442 1473 473 interim
1505 442 1596 483 regia
1626 441 1829 483 providentia
1854 442 2014 483 compleat
2038 445 2070 472 et

424 497 474 526 via
499 500 690 538 preparetur
714 496 850 527 lucidior
873 496 912 526 ad
937 497 1000 526 alia
1024 496 1055 526 in
1082 495 1222 526 adventu
1247 495 1431 524 nuntiorum
1458 493 1636 536 supradicti
1661 494 1747 534 regis
1765 493 1806 524 ad
1822 493 1951 524 laudem
1968 493 2069 524 Altis-

425 548 497 578 simi
531 551 563 578 et
591 548 744 578 maiorem
775 548 918 589 quietern
950 547 1092 588 gentium
1127 545 1354 577 consumanda.
1444 546 1492 587 (G)
1518 546 1559 577 Et
1588 549 1622 577 ut
1650 545 1808 587 premissa
1840 549 1872 576 et
1900 545 1978 581 alia,
2009 555 2070 586 que

425 600 509 630 circa
532 600 592 630 1100
617 603 753 630 tractata
780 604 853 630 sunt
877 600 1052 637 haetenus,
1078 603 1109 629 et
1135 611 1174 629 cx
1200 600 1246 630 eis
1272 601 1422 629 secutura
1451 598 1680 639 prosecutione
1710 597 1795 627 clara
1824 597 1974 627 distincta
2002 597 2070 628 sinc

425 651 560 682 aliarum
586 651 721 682 ulterius
747 651 984 682 ordinationum
1011 651 1221 681 concursibus
1247 661 1302 680 scu
1329 649 1599 691 implicationibus
1617 648 1713 679 dante
1730 648 1868 679 Domino
1887 649 2070 690 complean-

426 706 485 737 tur,
512 713 613 744 nuper
637 706 686 733 051
710 702 750 733 (10
775 713 935 733 consensu
961 703 1054 732 simili
1080 702 1272 737 ordinatum,
1298 701 1382 742 quod
1409 701 1566 731 dictorum
1585 700 1786 731 dominorum
1804 711 1916 741 regum
1940 701 2070 742 privile-

426 755 479 795 gia
503 765 561 796 per
584 764 639 784 eos
665 754 857 796 complenda
881 758 915 784 ut
940 754 1116 795 predicitur
1139 753 1283 795 predicto
1309 754 1438 784 domino
1472 756 1582 783 nostro
1615 752 1697 782 infra
1721 751 1799 783 Maii
1821 753 1873 783 101
1897 752 1983 783 Iunii
2005 752 2071 784 Ka-

425 806 536 837 lendas
560 807 706 847 proximo
731 806 853 836 futuras
885 806 925 836 ad
950 805 1073 836 tardius
1104 809 1343 847 presententur,
1379 804 1461 835 infra
1492 804 1578 845 quod
1603 803 1731 845 quidem
1755 807 1883 845 tempus
1907 808 2071 846 appareat,

425 862 532 888 utrum
557 857 661 888 dictus
687 857 835 888 dominus
860 869 917 888 rex
934 857 1155 888 Romanorum
1179 857 1264 893 velit,
1290 856 1374 897 quod
1400 856 1583 896 homagium
1609 856 1670 886 sibi
1693 866 1752 897 per
1775 855 1938 886 dominum
1963 867 2072 897 regem

427 909 536 939 Sicilie
566 909 618 939 vel
650 909 717 939 eius
749 910 998 950 primogenitum
1028 912 1121 939 extra
1145 908 1366 943 Ahmaniam,
1397 909 1452 938 ubi
1484 908 1570 938 idem
1600 919 1658 939 rex
1689 911 1720 938 et
1749 908 1980 950 primogenitus
2003 908 2071 940 fue-

426 961 502 999 rint,
527 960 708 991 faciendum
738 971 796 1002 per
824 960 961 991 eundem
994 960 1157 990 dominum
1181 971 1292 1001 regem
1318 960 1428 991 Sicilie
1453 960 1503 990 101
1529 960 1649 990 dictum
1674 960 1944 1001 primogenitum,
1969 960 2018 991 vel
2041 960 2072 990 in

427 1012 597 1042 Alamauia
633 1022 690 1053 per
727 1022 801 1042 suos
838 1012 972 1042 nuncios
1004 1012 1129 1053 prefato
1159 1012 1226 1052 regi
1258 1011 1479 1042 Romanorum
1507 1011 1592 1048 fiat1,
1625 1015 1659 1042 ut
1698 1011 1758 1042 hoe
1787 1014 1941 1053 percepto
1972 1013 2072 1043 nuntii

428 1064 584 1094 dictorum
614 1064 733 1094 domini
764 1065 850 1105 regis
876 1064 985 1095 Sicilie
1017 1068 1049 1094 et
1080 1064 1202 1094 domini
1233 1064 1386 1105 principis
1417 1066 1548 1105 propter
1578 1063 1636 1094 1100
1669 1066 1701 1094 et
1732 1063 1794 1094 alia
1824 1063 1969 1105 predicta
1991 1064 2073 1096 infra

336 1134 386 1156 hg·
413 1115 502 1151 ,Iulii
528 1116 578 1146 vel
602 1115 742 1156 Augusti
767 1115 932 1146 Kalendas
962 1116 1109 1156 proximo
1140 1116 1264 1146 futuras
1302 1116 1449 1146 similiter
1474 1115 1512 1145 ad
1538 1115 1672 1149 tardius,
1697 1118 1790 1157 prout
1815 1115 1973 1154 decuerit,
2003 1126 2073 1146 cum

327 1228 387 1253 Sept.
400 1230 418 1247 l⁴

343 1281 388 1299 {ji-t.
402 1282 419 1300 l.

329 2008 389 2031 Sept.
403 2009 419 2026 1.

430 1167 532 1208 plenis
558 1167 728 1204 mandatis,
755 1167 1020 1197 instructionibus
1045 1171 1076 1197 01
1101 1167 1181 1197 alias
1207 1167 1301 1208 plene
1326 1167 1439 1197 muniti
1464 1167 1642 1199 mittantur.
1731 1166 1778 1208 (7)
1804 1166 1893 1198 Infra
1910 1166 2072 1198 Kalendas

431 1229 557 1259 (1110(1110
588 1218 787 1259 Septembris
819 1219 964 1259 proximo
997 1218 1121 1248 futuras
1154 1218 1299 1260 predicta
1331 1219 1494 1260 sponsalia
1526 1218 1770 1257 contrahantur,
1801 1219 1845 1249 ita
1877 1219 1960 1260 quod
1992 1219 2074 1250 dicta

432 1269 612 1300 Clementia
641 1270 722 1300 infra
746 1269 911 1301 Kalendas
936 1269 1085 1300 Octobris
1117 1270 1263 1310 proximo
1289 1274 1463 1311 sequentes
1494 1270 1535 1301 ad
1568 1270 1691 1301 tardius
1716 1281 1773 1312 per
1803 1271 1935 1301 nuncios
1959 1271 2075 1313 prefati

432 1321 551 1351 domini
585 1322 669 1362 regis
694 1321 910 1352 Romanorum
942 1332 1043 1362 usque
1067 1321 1248 1352 Bononiam
1281 1322 1494 1356 conducatur,
1528 1322 1646 1353 ibidem
1675 1333 1734 1363 per
1764 1322 1884 1353 dictum
1914 1322 2074 1353 dominum

430 1384 541 1413 regem
568 1372 676 1403 Sicilie
702 1373 752 1404 101
777 1384 834 1414 per
859 1384 935 1404 suos
961 1373 1146 1414 recipienda
1178 1377 1209 1403 et
1239 1373 1277 1403 ad
1312 1374 1410 1403 111-1101
1446 1384 1538 1404 suum
1564 1374 1809 1405 honorificentia
1833 1374 1944 1406 debita
1967 1374 2073 1405 tradu-

430 1424 564 1455 cenda'2.
611 1424 653 1455 Et
678 1428 796 1455 extunc
822 1426 902 1455 infra
929 1429 992 1455 tres
1018 1434 1163 1458 menses,
1196 1427 1365 1465 postquam
1397 1425 1481 1456 dicta
1508 1425 1690 1457 Clementia
1718 1431 1753 1457 ut
1784 1426 1959 1468 predicitur
1982 1426 2075 1457 ducta

429 1476 525 1507 fuerit
550 1479 581 1505 ct
605 1480 749 1517 recepta,
776 1477 825 1507 vel
851 1477 958 1516 0111115,
983 1480 1078 1517 prout
1101 1476 1224 1517 prefato
1250 1476 1377 1507 domino
1403 1481 1510 1507 nostro
1536 1477 1713 1519 placuerit,
1738 1477 1777 1509 de
1803 1478 1955 1519 predictis
1978 1478 2073 1519 privi-

429 1528 525 1568 legiis
550 1539 606 1569 pro
627 1528 773 1558 ecclesiis
802 1539 838 1559 ac
858 1528 970 1568 regina
996 1532 1027 1558 et
1044 1528 1191 1569 personis
1208 1529 1294 1569 regis
1320 1532 1350 1559 01
1366 1529 1520 1570 principis
1538 1529 1753 1571 predictorum
1771 1529 1984 1561 diversimode
2001 1540 2073 1561 con-

432 1579 575 1610 ficiendis
600 1590 657 1620 per
681 1579 799 1610 dictum
826 1579 988 1610 dominum
1015 1590 1125 1620 regem
1150 1579 1367 1610 Romanorum
1393 1591 1430 1611 ae
1454 1581 1619 1613 mittendis
1643 1581 1788 1622 predicto
1819 1582 1946 1612 domino
1969 1585 2073 1613 nostro

430 1635 465 1661 ut
481 1631 796 1672 prcdicitunlaniatis
811 1631 970 1662 laniandis
990 1632 1077 1662 iuxta
1097 1632 1225 1662 moduni
1241 1632 1419 1673 predictum
1439 1636 1470 1664 et
1487 1633 1526 1664 de
1545 1633 1688 1675 quolibet
1706 1634 1840 1664 aliorum
1859 1635 2073 1676 predictorum

430 1693 466 1713 ae
487 1683 558 1713 aliis
577 1683 783 1713 conficiendis
802 1694 859 1724 per
877 1683 995 1714 dietum
1014 1683 1177 1714 dominum
1197 1694 1306 1724 regem
1325 1684 1445 1723 Sicilie,
1471 1685 1521 1715 cui
1540 1696 1636 1727 super
1653 1685 1712 1716 hoc
1732 1686 1880 1717 similiter
1897 1686 2072 1726 scribimus,

431 1745 487 1775 per
510 1738 722 1765 memoratum
754 1735 917 1765 dominum
942 1738 1098 1772 nostrum,
1124 1746 1186 1765 uno
1213 1739 1349 1775 retento,
1375 1737 1549 1768 cuiuslibet
1573 1737 1676 1768 simile
1701 1737 1857 1777 ecclesiis,
1881 1737 1985 1768 eidem
2008 1737 2074 1778 regi
2099 1749 2108 1759 ⁰

444 1786 665 1824 1001000111111,
704 1786 788 1816 (11010
819 1787 930 1827 reg-inc
962 1798 997 1818 ac
1023 1788 1089 1828 regi
1115 1787 1221 1818 Sicilie
1246 1789 1297 1819 vel
1322 1789 1458 1830 principi
1483 1789 1635 1830 predictis
1659 1790 1839 1821 liberaliter
1863 1790 2073 1831 assignentur.

432 1837 479 1878 (S)
511 1837 687 1867 Cautiones
714 1849 789 1869 1010
815 1841 846 1869 01
870 1839 1039 1869 firmitates
1064 1839 1236 1880 prestande
1263 1840 1353 1871 iuxta
1382 1841 1517 1872 formam
1551 1844 1744 1872 tractatuum
1774 1842 1956 1872 habitorum
1981 1851 2075 1883 super

434 1889 503 1928 hiis,
530 1890 571 1919 ita
597 1889 748 1920 videlieet
773 1890 854 1930 quod
872 1891 1102 1931 promissiones
1128 1895 1159 1922 01
1177 1892 1393 1933 obligationes
1418 1896 1449 1923 et
1474 1894 1652 1924 iuramenta
1678 1894 1893 1925 interveniant
1916 1897 1947 1925 et
1970 1897 2075 1935 partes

432 1941 657 1971 nichilominus
687 1952 782 1982 super
800 1942 947 1972 omnibus
965 1947 995 1973 et
1021 1943 1155 1983 singulis
1181 1944 1327 1975 absolute
1353 1955 1389 1975 ac
1415 1945 1516 1976 libere
1534 1945 1681 1976 Romano
1706 1946 1848 1987 pontifici
1871 1946 2076 1987 spiritualiter

433 1996 463 2022 et
497 1993 718 2033 temporaliter
752 2004 785 2023 50
821 1994 1026 2028 submittant,
1059 1995 1142 2025 infra
1172 1995 1302 2026 casdem
1328 1996 1494 2027 Kalendas
1519 1997 1721 2039 Septembris
1753 1998 1782 2028 iu
1807 1997 1979 2029 Alamania
2002 2007 2072 2039 pre-

433 2044 611 2075 stabuntur.
703 2044 750 2085 (a)
779 2045 842 2074 Vos
874 2045 981 2086 itaque
1016 2047 1173 2087 premissa
1204 2051 1235 2077 ct
1264 2048 1416 2079 affectum
1448 2049 1583 2090 predicti
1612 2049 1732 2080 domini
1762 2049 1861 2080 nostri
1890 2060 1927 2080 ac
1956 2048 2074 2090 negotii

432 2095 618 2134 qualitatem
645 2106 768 2126 necnon
795 2100 826 2126 ct
851 2097 979 2127 lionoris
1005 2098 1105 2127 nostri
1130 2098 1312 2129 decentiam
1338 2100 1543 2131 advertentes
1568 2101 1749 2142 procuretis
1775 2105 1807 2132 et
1825 2101 1960 2132 sollicite
1978 2100 2073 2132 facia-

433 2146 483 2176 tis.
510 2146 593 2186 quod
619 2147 724 2177 omnia
746 2148 775 2177 in
802 2160 838 2178 ca
863 2148 1062 2189 perfectione
1088 2160 1150 2190 qna
1177 2152 1326 2181 convenit
1358 2153 1592 2193 compleantur,
1625 2153 1670 2184 ita
1694 2152 1778 2193 quod
1803 2153 1927 2194 prefato
1951 2152 2074 2183 domino

433 2201 543 2227 nostro
575 2198 691 2228 exinde
723 2200 837 2230 merito
871 2200 1027 2241 placeatis
1060 2205 1091 2231 01
1121 2201 1212 2231 vobis
1241 2203 1345 2233 laudis
1376 2203 1525 2235 adveniat
1555 2205 1806 2243 incrementum,
1839 2207 1872 2235 et
1894 2204 2074 2245 diligentius

434 2249 609 2279 advertatis
640 2255 730 2280 notas
762 2252 956 2289 rubricatas,
987 2252 1085 2282 verba
1116 2257 1148 2283 ct
1180 2254 1418 2286 abreviationes
1445 2256 1602 2297 ipsarum,
1636 2267 1676 2287 ne
1702 2267 1758 2298 per
1782 2260 1999 2287 transcursum
2024 2254 2073 2286 vel

434 2301 677 2341 occupationem
709 2303 738 2331 in
770 2303 934 2334 sariendo.
968 2304 1154 2343 scribendo,
1186 2305 1377 2347 duplicando
1407 2318 1464 2338 seu
1496 2308 1687 2350 triplicando
1718 2312 1750 2339 et
1774 2307 1930 2339 mittendo
1958 2305 2075 2348 aliquid

435 2352 608 2383 omittatur.
677 2353 746 2392 (lo)
766 2354 1007 2384 Attcinlemlum
1027 2359 1073 2385 cst
1093 2357 1202 2386 etiam.
1222 2358 1323 2388 11511111
1342 2359 1407 2389 fore
1427 2359 1606 2400 expediens
1625 2360 1750 2390 nunciis
1769 2359 1973 2401 supradietiS,
1994 2356 2074 2400 quod

443 2403 471 2432 in
498 2404 767 2443 promissioniluis
793 2408 823 2434 01
842 2406 1045 2436 firmitatibus
1064 2407 1220 2437 faciendis
1246 2419 1306 2439 una
1334 2421 1403 2440 011111
1422 2411 1684 2452 procuratoribus
1709 2411 1750 2441 sit
1767 2411 1898 2442 tabellio
1921 2410 2073 2452 publicus,

437 2454 490 2494 qui
515 2454 658 2498 ‹letipsis
684 2456 949 2495 promissionibus
976 2461 1006 2487 (1
1031 2458 1236 2489 {trinitatibus
1269 2461 1418 2491 conficiat
1449 2462 1578 2502 publica
1608 2463 1836 2502 instrumenta,
1868 2460 2073 2504 concipiendo

438 2516 474 2533 ac
500 2504 666 2536 formando
687 2507 783 2537 verba
809 2508 1055 2547 promissionum
1083 2512 1113 2539 ct
1138 2510 1378 2551 stipulationum
1404 2516 1468 2543 tam
1495 2513 1525 2543 in
1550 2524 1686 2554 persona
1710 2517 1959 2554 procuratorum,
1983 2521 2072 2554 quam

437 2556 532 2585 etiam
568 2557 597 2586 in
629 2568 763 2597 persona
798 2570 852 2588 sua
889 2560 1073 2600 recipiendo
1103 2572 1231 2603 semper
1260 2563 1386 2593 nomine
1418 2565 1502 2603 rogis
1529 2569 1560 2595 01
1584 2565 1739 2606 principis
1765 2564 1989 2606 predictorum.
2034 2562 2074 2593 Et

436 2606 519 2637 idem
551 2608 605 2638 liat
636 2619 690 2649 pro
722 2613 811 2650 parte
845 2611 928 2651 regis
962 2611 1132 2642 Alamanie
1162 2613 1191 2642 in
1225 2615 1507 2654 piomissionibus,
1538 2616 1695 2647 faciendis
1727 2628 1745 2648 a
1769 2616 1919 2658 predictis
1946 2625 2020 2656 rege
2043 2616 2074 2645 et

436 2669 588 2699 prillCllH'.

543 2709 617 2742 Dat.
644 2710 761 2745 Rome,
787 2712 846 2742 HI.
871 2712 953 2743 Non.
979 2713 1164 2748 l⁴'el›1-uarii.
1189 2727 1272 2746 anno
1298 2717 1426 2748 Domini
1454 2718 1679 2750 MCCLXXX.

543 2779 565 2810 1)
587 2778 675 2810 Sapra
696 2784 795 2805 w·.·.’:;1”
814 2789 834 2806 c.
852 2785 887 2806 w.
977 2784 1001 2806 ’.3,
1025 2783 1065 2816 (γ’,
1087 2783 1159 2814 infru
1182 2792 1220 2810 nr.
1235 2788 1288 2810 3:11.

2098 714 2121 732 10

2099 972 2122 990 15

2100 1229 2124 1248 20

2100 1491 2122 1512 25

2097 2264 2121 2283 (0

2097 2520 2120 2540 ⁴⁵

2097 2782 2120 2804 ³⁰

2168 2549 2175 2651 l

2164 2673 2171 2752 l

2162 2753 2168 2816 l

2162 2819 2166 2909 l

2155 2988 2161 3006 ll

2152 3030 2160 3116 l
2191 3051 2256 3116 Α
