2259 3116
440 103 495 132 188
783 98 940 124 RL'DOLFI
960 97 1064 124 REGIS
1083 95 1406 123 ‹5¹ONSTITUTIONES.
1445 96 1518 121 1278.
1555 96 1601 121 Nr.
1615 95 1673 121 201.
1686 95 1744 121 202.

436 187 601 218 cellarium
632 196 689 216 seu
721 195 954 226 quemcumque
979 185 1077 215 alium
1101 184 1131 215 in
1158 184 1272 215 vestris
1296 183 1499 219 civitatibus,
1530 183 1625 214 terris
1660 186 1691 213 et
1720 182 1816 220 locis,
1851 192 1908 213 seu
1938 192 1995 224 per
2018 193 2074 214 vos

436 244 491 270 aut
514 239 594 269 alios
619 237 763 268 homines
790 237 931 278 ipsorum
955 237 1130 273 civitatum,
1156 239 1313 266 terrarum
1337 238 1433 276 atque
1457 235 1601 265 locorum
1623 237 1739 271 actum,
1765 236 1890 274 gestum
1916 237 1946 264 et
1963 244 2075 275 recog-

437 292 539 322 nitnni
564 290 688 327 extitit,
713 289 925 327 remittentes,
951 291 1150 327 revocantes,
1176 290 1352 325 cassantes,
1379 287 1569 321 anullantes,
1595 287 1777 322 irritantes,
1803 295 1911 323 cassa,
1935 285 2022 316 nulla
2046 288 2077 316 et

438 344 527 374 irrita
560 342 750 372 nunciantes
785 352 821 371 ac
853 340 999 371 omnibus
1024 340 1146 371 viribus
1171 342 1361 376 vacuantes,
1388 339 1476 369 vobis
1505 339 1662 370 universis
1693 341 1725 368 et
1759 337 1892 377 singulis
1923 347 1964 367 ex
1987 340 2077 378 parte

436 395 536 436 ipsius
561 394 681 424 domini
705 393 791 432 rogis
815 393 922 422 omnia
947 396 978 422 et
1002 392 1127 432 singula
1152 391 1316 432 predictae
1340 391 1370 421 in
1396 390 1517 422 eisdem
1543 393 1696 421 contenta
1720 389 1835 419 litteris
1852 388 2077 419 denuntiamus
2116 399 2126 417 t·

438 450 469 477 01
501 445 719 476 denuntiando
745 455 800 475 vos
824 444 1035 474 sollicitamus
1061 447 1092 473 ct
1117 443 1309 481 inducimus,
1337 442 1421 484 quod
1439 442 1627 473 eorumdem
1644 441 1762 472 domini
1788 450 1870 482 pape
1895 443 1926 470 et
1943 440 2079 471 ecclesie

438 500 708 538 recognoscentes
744 496 934 534 dominium,
969 495 1061 525 dictis
1097 495 1227 525 domino
1260 505 1343 536 pape
1373 497 1405 525 et
1438 494 1574 525 ecclesie
1604 498 1757 535 tanquam
1785 502 1861 523 vero
1891 491 2018 522 domino
2050 492 2080 522 in

438 550 584 580 omnibus
610 552 641 580 et
664 559 720 589 per
744 548 866 585 omnia,
897 548 978 578 sicut
1003 546 1143 585 debetis,
1176 546 1350 584 obediatis,
1376 546 1516 588 pareatis
1541 549 1573 577 et
1596 546 1693 577 etiam
1716 544 1901 576 intendatis.

545 600 645 632 Porro
676 600 716 631 ad
749 599 972 631 certitudinem
1006 598 1205 640 presentium
1230 601 1262 629 et
1286 598 1471 629 memoriam
1495 598 1673 628 futurorum
1703 596 1764 627 hec
1794 597 1900 627 omnia
1924 595 2081 627 conscribi

439 656 471 685 et
495 654 526 684 in
551 653 714 694 publicum
740 652 989 683 instrumentum
1016 650 1121 691 redigi
1146 660 1202 692 per
1226 650 1414 691 magistrum
1437 649 1593 680 Iacobum
1612 649 1844 680 Sorbulensem
1868 647 1907 679 de
1924 647 2080 689 Parm(a),

440 705 585 737 eiusdem
610 705 730 735 domini
754 714 835 745 pape
861 714 988 734 camere
1013 703 1185 741 clericum,
1216 702 1375 743 imperiali
1399 702 1589 733 auctoritate
1614 701 1774 732 notarium
1798 700 1962 742 publicum
1984 700 2082 731 infra-

440 758 592 799 scriptum
622 756 757 788 fecimus
790 758 887 796 atque
920 755 1105 796 rogavimus
1137 757 1170 785 et
1198 754 1328 795 proprio
1362 753 1466 794 sigillo
1492 753 1697 784 munivimus.
1736 752 1896 784 Volumus
1920 754 2029 782 tamen
2053 754 2084 782 et

440 809 670 848 consentimus,
695 807 778 849 quod
803 807 829 838 si
855 807 974 837 dictum
1002 806 1142 847 sigillum
1167 805 1280 847 quovis
1306 804 1403 836 modo
1428 805 1480 836 vel
1504 815 1581 836 casu
1606 803 1747 845 deperdi,
1773 804 1878 845 frangi
1903 803 1955 834 vel
1979 803 2083 834 defor—

441 862 519 892 mari
544 860 724 901 contigerit,
749 859 974 890 nichilominus
1004 859 1252 889 instrumentum
1283 858 1387 899 ipsum
1418 857 1450 887 in
1477 867 1534 888 suo
1560 857 1669 898 vigore
1695 859 1898 898 permaneat,
1930 866 1967 886 ac
1992 855 2018 886 si
2042 855 2082 886 de

442 915 511 955 ipso
536 912 640 954 sigillo
665 912 751 943 facta
775 912 894 942 mentio
920 921 984 942 non
1008 910 1131 942 fuisset.

550 967 667 997 Actum
690 964 830 995 viterbii
864 964 896 994 in
927 963 1101 1004 episcopali
1126 962 1260 1004 palatio,
1291 962 1323 992 in
1347 972 1464 1003 magno
1488 961 1676 992 consistorio
1706 961 1737 991 in
1765 960 1929 1002 presentia
1953 959 2085 990 sanctis-

444 1018 515 1049 simi
544 1018 641 1059 patris
672 1016 786 1047 summi
816 1015 975 1057 pontificis
999 1014 1136 1056 predicti
1160 1014 1278 1045 domini
1306 1013 1431 1044 Nicolai
1455 1024 1538 1055 pape
1563 1013 1624 1045 ΠΙ.
1650 1015 1682 1044 et
1705 1011 1937 1043 venerabilium
1961 1014 2087 1053 patrum

445 1070 528 1100 sacri
553 1073 641 1100 cetus
666 1069 866 1100 dominorum
892 1067 1118 1107 cardinalium,
1149 1077 1257 1098 coram
1282 1066 1342 1097 hiis
1366 1066 1522 1105 testibus,
1547 1066 1670 1097 scilicet
1695 1065 1823 1096 domino
1849 1064 2088 1106 archiepiscopo

444 1121 658 1162 Ravcnat(c),
699 1121 826 1152 domino
870 1120 908 1152 G.
941 1120 1185 1161 archiepiscopo
1233 1118 1482 1158 Oorrinthiensi,
1523 1117 1652 1149 domino
1681 1116 1723 1149 H.
1755 1117 1905 1158 episcopo
1940 1115 2090 1153 Lunensi,

445 1174 573 1205 domino
611 1173 645 1206 P.
687 1173 840 1215 episcopo
870 1172 1040 1211 Firmano,
1073 1171 1202 1202 domino
1229 1195 1235 1202 .
1264 1196 1270 1203 .
1296 1171 1448 1212 episcopo
1472 1169 1684 1207 Viterbiensi,
1716 1169 1845 1200 domino
1876 1167 1914 1199 R.
1939 1168 2088 1209 episcopo

445 1225 658 1265 Massiliensi,
700 1225 828 1255 domino
861 1251 865 1255 .
892 1250 897 1255 .
928 1224 1079 1265 episcopo
1116 1222 1303 1265 Bur-gensis,
1333 1222 1460 1253 domino
1491 1246 1497 1252 .
1525 1247 1531 1253 .
1558 1222 1709 1263 episcopo
1740 1220 1931 1258 Gallicensi,
1964 1219 2090 1250 domino

473 1304 478 1309 .
503 1278 655 1319 episcopo
680 1277 855 1318 Aprntino,
891 1276 1020 1307 domino
1046 1301 1051 1307 .
1072 1300 1078 1305 .
1106 1276 1258 1317 episcopo
1291 1274 1562 1315 Balneregensiss,
1591 1273 1719 1304 domino
1744 1272 1780 1303 B.
1806 1273 1957 1314 episcopo
1982 1271 2090 1313 Engu-

447 1330 539 1365 bino,
577 1330 703 1360 domino
732 1329 773 1359 V.
807 1329 956 1370 episcopo
987 1327 1222 1369 Egitaniensih,
1255 1327 1383 1357 domino
1409 1326 1634 1367 ...episcopo
1666 1324 1871 1361 Taurinensi,
1902 1323 2027 1354 domino
2056 1323 2090 1354 P.

449 1381 614 1422 episcopoi
648 1381 887 1421 Famagustano
923 1383 954 1410 et
979 1379 1106 1410 domino
1133 1379 1358 1421 ...episcopo
1387 1377 1594 1408 Aurasicensi
1623 1387 1659 1407 ac
1684 1376 1791 1407 multis
1816 1376 1886 1407 aliis
1913 1375 2036 1406 clericis
2061 1377 2092 1406 et

448 1434 536 1463 laicis
555 1433 585 1463 in
604 1432 808 1463 multitudine
826 1442 1009 1471 numerosa,
1037 1442 1122 1462 anno
1140 1430 1271 1461 Domini
1286 1430 1455 1460 millesimo
1473 1429 1694 1460 ducentesimo
1713 1427 1951 1470 septuagesimo
1971 1429 2092 1465 octavo,

448 1484 492 1515 ΙΙ.
510 1484 581 1516 Kal.
604 1484 689 1521 Iulii,
714 1484 887 1515 indictione
912 1483 971 1522 VI,
999 1483 1204 1525 pontificatus
1229 1482 1365 1524 predicti
1390 1481 1510 1512 domini
1533 1480 1659 1511 Nicolai
1683 1490 1765 1521 pape
1790 1479 1850 1511 III.
1874 1490 1957 1510 anno
1981 1479 2092 1520 prime.

557 1536 603 1577 (S.
621 1536 674 1576 N.)
734 1536 774 1566 Et
799 1546 859 1576 ego
919 1535 1056 1566 Iacobus
1087 1534 1292 1566 Sorbulensis
1324 1534 1364 1565 dc
1396 1532 1560 1574 Parm(a),
1595 1530 1809 1563 sanctissimik
1842 1531 1943 1572 patris
1977 1530 2095 1561 domini

449 1599 532 1630 pape
562 1588 696 1630 predicti
729 1599 854 1619 camere
884 1588 1038 1625 clericus,
1070 1587 1228 1629 imperiali
1260 1586 1451 1617 auctoritate
1475 1585 1637 1624 notarius,
1662 1583 1814 1625 predictis
1838 1582 1980 1621 interfui,
2004 1585 2096 1624 prout

452 1641 601 1682 superius
628 1641 755 1681 legitur,
781 1644 910 1681 rogatus
937 1640 1050 1681 scripsi
1077 1643 1108 1671 et
1132 1640 1162 1669 in
1188 1639 1350 1680 publicani
1375 1638 1507 1668 formam
1532 1636 1654 1677 redegi.

517 1793 593 1825 202.
619 1794 896 1824 MANDATNJM
919 1793 1185 1825 PONTIFIOIS
1208 1791 1604 1824 PROTJIONOTARJO
1631 1790 1885 1822 DJRECTUM.
1931 1789 1992 1820 Iul.
2012 1790 2038 1820 1.

563 1854 611 1884 Ιεῖι·
642 1854 740 1884 cmlt'm
776 1853 917 1892 Ii'ffjlt'slro
949 1853 1000 1891 [ol.
1025 1855 1076 1884 31.
1131 1852 1270 1885 (inuadit
1298 1852 1494 1892 Poyscfsclter.
1547 1851 1660 1882 Edidit
1692 1851 1850 1890 Zaceayni
1882 1850 1901 1882 l.
1924 1860 1949 1882 c,
1975 1852 2024 1881 ΗΟ,
2056 1868 2095 1871 -

455 1906 599 1936 J'olllmsl
622 1906 737 1936 :2134aess
1804 1902 1857 1941 (P.
1883 1893 2006 1942 decens

562 2001 718 2031 Nicolaus
743 2001 915 2042 episcopus
948 2004 1006 2032 etc.
1035 2001 1151 2031 dilecto
1180 2000 1244 2031 filio
1280 2000 1434 2041 magistro
1471 1998 1645 2030 Gottifrido
1676 1997 1839 2039 preposito
1870 2000 1931 2028 etc.
1961 1997 2096 2028 salutem

457 2056 488 2083 ct
513 2052 751 2094 aspostolicam)
777 2052 1075 2094 b(cncdictionein).

564 2104 653 2134 Sicut
690 2105 865 2134 communis
906 2108 994 2135 tenet
1033 2105 1154 2145 opinio,
1188 2104 1347 2135 Rudolfus
1385 2103 1595 2134 cancellarius
1629 2101 1791 2133 karissimi
1826 2101 1857 2131 in
1888 2100 2014 2131 Christo
2043 2099 2098 2130 filii

458 2156 555 2186 nostri
584 2155 713 2186 Rudolfi
748 2157 832 2196 regis
862 2156 1080 2186 Romanorum
1116 2156 1249 2186 illustris
1281 2166 1299 2186 a
1328 2154 1604 2193 Bononiensibus,
1636 2153 1871 2187 Imolensibus,
1902 2151 2099 2189 Faventinis,

458 2208 804 2249 Foropopulicnsibus,
837 2207 1069 2245 Ocsanatibus,
1094 2208 1337 2239 Ilavennatibus
1362 2211 1393 2238 ct
1419 2206 1674 2238 For-liviensibus
1700 2216 1736 2236 ac
1760 2203 1943 2235 hominibus
1967 2203 2099 2234 Montis-

458 2260 580 2298 fcrctri,
599 2259 792 2290 Brittcnorii.
816 2259 1076 2290 Ariinincnsibns
1092 2264 1123 2290 ct
1139 2260 1359 2290 Urbinutibus.
1381 2258 1671 2291 communitatibus
1687 2256 1962 2294 universitatibnS,
1980 2254 2101 2286 civibus

459 2317 490 2341 ct
520 2312 630 2341 incolis
656 2311 788 2341 alioruin
817 2312 991 2349 civitatum,
1017 2315 1183 2344 tcrrarinn.
1209 2314 1386 2342 castrorum
1413 2322 1469 2342 scu
1494 2310 1635 2341 locorum
1659 2309 1797 2350 partium
1815 2307 1989 2339 earundem
2015 2308 2101 2337 certa

461 2364 640 2393 iuramenta
665 2363 829 2393 fidelitatis
855 2364 904 2393 vcl
937 2364 997 2393 aliu
1025 2363 1168 2394 ciusdem
1196 2363 1280 2403 regis
1313 2363 1439 2392 nominc
1471 2365 1502 2392 ct
1533 2372 1590 2403 pro
1621 2362 1689 2402 ipso
1719 2360 1777 2391 sibi
1802 2360 1922 2390 fecerat
1945 2356 2099 2390 exhiberi.

463 2415 553 2445 llndc
578 2426 648 2445 cuin
675 2415 833 2451 civitates,
863 2418 950 2445 tcrrc
977 2426 1013 2445 ac
1039 2415 1109 2445 loca
1134 2415 1278 2456 predicta
1296 2414 1442 2445 Romane
1469 2413 1606 2444 ecclesio
1631 2413 1716 2453 pleni
1741 2412 1816 2442 iuris
1841 2415 1873 2442 et
1896 2409 2101 2452 proprietatis

462 2467 603 2497 existant
635 2470 665 2497 ct
695 2478 802 2497 carnin
833 2466 1009 2497 dominium
1040 2467 1079 2497 ad
1114 2467 1249 2497 candem
1282 2466 1452 2497 ecclesiam
1479 2466 1642 2506 pertinere
1668 2467 1832 2497 noscatur,
1862 2463 2011 2504 idemque
2035 2471 2101 2497 rex,

462 2522 495 2548 nt
525 2519 660 2555 asscris,
698 2518 757 2548 tibi
790 2519 999 2556 commiserit,
1030 2522 1063 2548 ut
1097 2519 1274 2549 iuramenta
1300 2518 1369 2559 ipsa
1400 2520 1430 2548 01
1457 2516 1606 2558 quicquid
1637 2527 1695 2557 pcr
1718 2515 1854 2546 eundem
1880 2514 2101 2546 cancellarium

462 2580 518 2600 scu
544 2580 766 2611 quemcunque
792 2570 886 2600 alium
913 2570 942 2600 in
969 2569 1120 2611 predictis
1143 2570 1336 2607 civitatibus,
1362 2569 1456 2600 terris
1482 2572 1514 2599 ct
1539 2568 1616 2598 locis
1641 2578 1697 2598 scu
1723 2578 1779 2609 per
1795 2567 1939 2598 homines
1963 2566 2101 2608 ipsorum

2109 656 2132 675 10

2111 920 2135 939 15

2117 1181 2140 1200 ¹20

2118 1440 2142 1459 25

2122 1801 2146 1820 30

2127 2364 2150 2384 ⁴0

566 2673 630 2698 201.
653 2672 675 2705 ⁰)
694 2674 866 2706 suprascripta
887 2674 909 2698 23.
982 2672 999 2700 sl
1020 2675 1146 2698 domino
1167 2675 1194 2699 11.
1214 2675 1364 2706 episcopo
1385 2672 1793 2703 Massilicnsi—-Burgcnsi
1811 2672 1901 2696 desunt
1916 2670 1935 2695 1.
2007 2668 2101 2700 s)13al-
2127 2674 2150 2693 45

463 2725 600 2747 neorcgcn.
621 2716 642 2740 3.
732 2716 756 2747 ¹¹)
778 2717 925 2747 liginmvcn.
945 2716 967 2740 ξ).
1058 2719 1074 2747 ἰ)
1093 2722 1178 2748 ltoslca
1199 2717 1258 2741 mm.
1283 2717 1304 2741 3.
1394 2715 1418 2746 k)
1439 2716 1461 2739 [ιι
1483 2724 1576 2739 wasta-n
1600 2715 1619 2740 1.

2239 2689 2240 2702 l

2238 2705 2240 2733 1
