2259 3116
312 902 342 915 nr.
358 899 393 916 3:47

328 2050 346 2062 (κ
364 2047 385 2063 1¹,v

422 148 482 177 212
760 143 919 168 RUDOLFI
942 142 1047 169 REGIS
1067 141 1392 168 eoNs'rl'rU'rloNES.
1430 143 1504 168 1250.
1542 141 1731 167 N1·.‘248.⁶249.

529 231 576 272 (l)
607 231 643 261 In
674 229 870 271 quibuslibet
900 229 1018 259 nostris
1049 228 1175 260 actibus
1211 229 1359 260 ecclesiis
1395 232 1426 259 et
1461 228 1605 270 personis
1636 228 1865 259 ecclesiasticis
1893 229 2066 269 gratificari

422 283 567 313 sollicitis
593 281 706 312 studiis
731 282 940 319 affectantes,
968 291 1079 311 earum
1104 280 1275 322 dispendia
1299 284 1453 322 quantum
1478 280 1569 311 nobis
1592 291 1633 311 ex
1658 279 1722 310 alto
1746 280 1942 320 permittitur
1965 280 2064 311 evita-

420 345 502 366 mus,
593 333 640 375 (2)
666 333 759 364 Licet
783 333 880 373 igitur
905 333 1090 363 comitatum
1122 335 1153 363 et
1183 332 1437 363 marchionatum
1462 332 1648 369 Provincie,
1679 331 1885 362 intendentes
1916 331 1975 362 hec
2004 331 2066 363 duo

421 386 559 424 nomina,
585 385 711 416 scilieet
735 385 921 415 comitatum
946 387 978 414 et
1002 384 1266 423 marchionatum,
1292 394 1364 415 esse
1391 384 1549 414 sinonima
1573 386 1605 414 et
1629 393 1726 413 unum
1751 393 1813 414 non
1839 383 1967 414 diversa
1991 394 2066 425 sup-

421 447 549 478 ponere,
575 448 612 468 ac
636 436 824 467 comitatum
849 435 1059 466 Folkalkerie
1084 446 1156 466 eum
1182 435 1331 466 omnibus
1357 435 1643 471 iurisdictionibus,
1667 434 1787 465 iuribus
1810 438 1842 465 et
1865 435 2067 476 pertinentiis

422 488 597 519 eorundem
628 499 665 519 ac
694 488 817 525 onmia,
848 498 909 529 que
940 487 1023 517 infra
1053 487 1223 517 comitatus
1253 487 1342 528 ipsos
1373 487 1584 518 consistentia
1609 486 1827 517 Romanorum
1857 487 2067 528 imperatores

422 552 480 582 per
515 551 624 571 eorum
661 540 832 582 privilegia
869 538 1031 580 quondam
1067 538 1196 569 domino
1228 538 1421 580 Raymundo
1451 538 1653 579 Berengario
1688 538 1796 569 comiti
1832 541 1864 569 et
1892 538 2068 569 marchioni

420 592 590 623 Provineie
625 602 662 623 ac
694 592 803 622 comiti
833 590 1041 621 Folkalkerie
1074 590 1240 631 ipsiusque
1275 589 1564 631 predecessoribus
1595 589 1809 626 donaverunt,
1840 601 1899 632 per
1928 590 2066 632 speciale

419 644 621 685 privilegium
665 643 907 679 confirmemus,
952 641 1166 673 concedamus
1211 644 1243 672 et
1286 641 1325 672 de
1366 652 1448 672 novo
1490 645 1554 672 tam
1598 641 1726 672 domino
1769 640 1805 672 C.
1847 642 1914 682 regi
1955 641 2065 673 Sicilie

420 696 534 726 illustri
560 696 599 726 ad
629 697 726 726 vitam
759 706 865 729 suam,
897 695 1070 725 sitantum
1095 694 1247 730 voluerit,
1278 704 1372 735 quam
1397 693 1571 724 heredibus
1601 693 1688 734 regis
1717 693 1876 732 eiusdem,
1908 693 1961 735 qui
1992 704 2065 735 pro-

421 751 585 778 cesserunt
617 758 658 779 ex
691 747 805 778 eodem
834 756 909 787 rege
943 750 975 777 et
1003 746 1089 777 clare
1125 746 1280 776 memorie
1306 746 1456 777 Beatrice
1489 745 1602 786 regina
1626 744 1736 776 Sicilie
1766 748 1916 776 consorte
1948 755 2006 776 sua
2034 748 2066 776 ct

422 799 572 830 onmibus
598 798 774 829 heredibus
799 802 831 829 et
856 797 1098 828 suecessoribus
1125 797 1301 828 eorundem
1326 798 1357 828 in
1382 797 1513 828 feudum
1539 797 1598 828 sub
1628 797 1793 828 consuetis
1825 807 1922 827 censu
1947 800 1978 828 et
2001 807 2066 828 ser-

421 851 507 881 vitiis
533 850 716 892 prestandis
742 851 772 880 in
798 853 963 891 posterum
983 849 1022 880 ab
1041 849 1165 880 eisdem
1183 860 1270 890 rege,
1295 849 1473 880 heredibus
1491 852 1523 880 et
1541 848 1793 885 successoribus,
1819 849 1849 879 in
1873 851 2066 890 perpetuum

420 901 618 943 possidenda
642 902 812 941 donemus,
902 901 950 941 (3)
976 904 1007 931 et
1031 901 1267 942 promittenteS,
1291 900 1374 941 qnod
1401 912 1459 942 per
1482 911 1539 931 nos
1565 901 1614 931 vel
1639 901 1736 931 alium
1763 911 1820 931 seu
1841 900 1921 931 alios
1946 900 2065 931 nullam

419 953 643 985 donationem.
673 953 965 989 confirmationem,
994 952 1234 987 investituram,
1271 952 1515 983 concessionem
1546 952 1597 982 vel
1630 955 1829 982 contractum
1861 954 1916 983 aut
1946 951 2066 993 aliquid

420 1016 491 1036 cum
523 1005 651 1036 domina
677 1005 862 1046 Margareta
887 1004 999 1045 regina
1024 1004 1221 1035 Francorum
1254 1004 1369 1034 illustri
1399 1004 1449 1034 vel
1480 1004 1551 1035 eius
1581 1003 1843 1045 procuratoribus
1868 1007 1923 1034 aut
1945 1003 2067 1034 nunciis

420 1068 477 1088 seu
502 1057 573 1087 aliis
598 1057 855 1098 quibuscumque
880 1056 1026 1097 personis
1053 1056 1287 1086 ecclesiasticis
1313 1056 1363 1086 vel
1389 1055 1589 1087 secularibus
1615 1056 1765 1094 fecimus,
1790 1065 1848 1096 per
1871 1065 1933 1096 que
1956 1055 2064 1085 huius-

419 1108 503 1138 modi
529 1109 728 1139 confirmatio
754 1112 785 1139 et
808 1108 847 1139 de
874 1119 956 1139 novo
983 1108 1117 1139 donatio
1143 1108 1211 1138 sive
1237 1107 1403 1138 concessio
1429 1111 1484 1138 aut
1508 1107 1642 1149 aliquid,
1674 1107 1757 1149 quod
1787 1108 1819 1138 in
1849 1106 1962 1138 eodem
1991 1117 2064 1138 con-

419 1170 510 1191 cesso
537 1160 622 1191 dicto
649 1161 716 1201 regi
741 1171 838 1201 super
862 1160 924 1190 hiis
950 1159 1120 1201 privilegio
1145 1160 1342 1198 continetur,
1376 1159 1499 1190 habere
1532 1170 1593 1190 non
1622 1159 1725 1201 possit
1753 1159 1804 1190 vel
1829 1158 1948 1190 debeat
1970 1159 2065 1189 firmi-

419 1214 517 1242 tatem
544 1212 595 1242 vel
621 1222 679 1253 per
705 1222 766 1253 que
792 1212 1035 1249 confirmationi,
1061 1211 1227 1242 donationi
1251 1215 1284 1242 et
1309 1211 1511 1242 concessioni
1530 1211 1685 1252 predictis
1702 1221 1739 1241 ac
1757 1211 1828 1249 hiis,
1853 1221 1915 1252 que
1932 1210 1964 1241 in
1981 1210 2065 1241 dicto

419 1263 588 1304 privilegio
615 1264 834 1298 continentur,
873 1263 1003 1305 aliquod
1038 1263 1146 1294 afferri
1171 1263 1274 1304 possit
1299 1263 1349 1294 vel
1375 1262 1493 1294 debeat
1516 1266 1744 1294 nocumentum
1770 1273 1827 1294 seu
1851 1262 2065 1304 predictorum

419 1314 680 1353 confirmationis,
708 1315 902 1353 donationis,
928 1315 1148 1346 concessionis
1175 1318 1206 1345 et
1230 1315 1365 1345 aliorum
1391 1317 1612 1345 contentorum
1638 1315 1669 1345 in
1694 1314 1864 1356 privilegio
1883 1314 2064 1356 supradicto

419 1367 553 1397 effectus
578 1367 782 1408 aliquatenus
808 1367 977 1408 impediri,
1011 1367 1096 1397 eirca
1121 1377 1175 1406 ea,
1206 1377 1267 1408 que
1298 1367 1407 1397 forsan
1439 1370 1532 1397 extra
1562 1367 1731 1398 comitatus
1761 1365 1892 1397 eosdem
1922 1365 2065 1407 predicta

420 1418 550 1449 donatio
575 1419 804 1460 imperatorum
829 1418 1120 1460 comprehenderet
1155 1418 1348 1455 eorundem,
1379 1418 1477 1449 nichil
1507 1418 1547 1449 ad
1579 1429 1714 1460 presens
1744 1418 1874 1460 penitus
1905 1417 2063 1456 innovate,

418 1468 697 1507 declaraverimus,
726 1470 992 1504 ordinaverimus,
1018 1470 1268 1505 decreverimus,
1293 1471 1503 1501 statuerimus
1529 1481 1565 1501 ac
1591 1481 1748 1512 expresse
1764 1470 1905 1501 facturos
1924 1472 1955 1500 et
1972 1479 2061 1500 cura-

418 1524 504 1551 turos
530 1531 586 1552 nos
614 1521 801 1562 specialiter
825 1521 1096 1562 obligaverimus,
1121 1521 1206 1563 quod
1231 1532 1289 1563 per
1313 1533 1367 1559 ea,
1393 1533 1454 1563 que
1479 1523 1565 1553 facta
1590 1525 1664 1553 sunt
1687 1533 1705 1552 a
1729 1522 1821 1553 nobis
1845 1521 1989 1563 predicto
2013 1531 2062 1552 re-

417 1572 490 1612 gine
506 1572 651 1611 Francie,
682 1573 803 1604 nullum
823 1574 951 1604 omnino
968 1573 1179 1615 preiudieium
1198 1574 1253 1604 fiat
1276 1574 1345 1614 regi
1370 1577 1402 1604 et
1426 1574 1599 1605 heredibus
1624 1585 1661 1605 ae
1686 1573 1928 1605 suecessoribus
1952 1582 2062 1614 supra-

418 1623 510 1654 dictis
544 1624 593 1654 vel
618 1625 648 1654 in
682 1625 750 1655 iure
780 1625 951 1665 preterito,
988 1625 1071 1666 quod
1101 1625 1147 1655 eis
1179 1625 1209 1655 in
1244 1625 1397 1666 predictis
1432 1626 1637 1657 comitatibus
1665 1625 1872 1667 competebat
1899 1635 1953 1655 seu
1978 1635 2062 1655 com·

418 1675 512 1716 petit,
538 1676 588 1706 vel
614 1676 689 1711 hiis,
715 1687 776 1717 que
803 1677 832 1706 in
857 1677 1096 1707 confirmatione
1121 1688 1157 1707 ae
1181 1678 1391 1708 concessione
1416 1677 1570 1719 predictis
1596 1678 1812 1715 continentur,
1836 1676 2062 1707 nichilominus

418 1729 525 1757 tamen
552 1727 769 1767 declaramus,
805 1728 1006 1767 ordinamus,
1042 1728 1246 1759 decernimus
1271 1732 1368 1770 atque
1392 1730 1578 1764 statuimus,
1603 1730 1687 1770 quod
1712 1740 1770 1770 per
1794 1728 2061 1766 confirmationes,

418 1778 609 1809 donationes
647 1783 678 1810 et
713 1781 938 1811 concessiones
971 1781 1180 1811 comitatuum
1219 1780 1396 1811 eorundem
1429 1781 1575 1812 ecclesiis
1608 1784 1640 1812 et
1664 1781 1810 1822 personis
1835 1779 2061 1812 ecclesiasticis

418 1829 541 1860 illarum
569 1831 706 1871 partium
732 1831 854 1862 nullum
881 1832 1010 1862 omnino
1035 1832 1247 1873 preiudieium
1267 1836 1450 1873 generetur,
1476 1844 1547 1864 eum
1565 1833 1752 1864 intentionis
1770 1836 1879 1864 nostre
1897 1833 1937 1864 sit
1953 1843 2060 1864 carum

420 1881 488 1911 iura
514 1892 576 1911 non
601 1883 745 1913 minuere
777 1883 831 1913 sed
857 1894 988 1924 augere.
1078 1884 1126 1924 (4)
1153 1884 1188 1914 ln
1223 1884 1370 1914 omnibus
1402 1888 1510 1915 autem
1542 1889 1574 1916 et
1607 1885 1741 1926 singulis
1770 1884 1961 1926 supradictis
1993 1884 2059 1926 plc-

424 1933 545 1962 nariam
572 1933 871 1975 intei-pretationem
898 1946 953 1966 seu
979 1935 1232 1967 declarationem
1251 1936 1398 1967 Romano
1416 1937 1556 1977 pontifici
1573 1936 1613 1967 ad
1631 1947 1765 1978 presens
1790 1939 1822 1968 et
1845 1936 1877 1966 in
1901 1939 2058 1977 posterum

419 1988 641 2018 reservantes,
676 1986 744 2015 eius
779 1986 1078 2028 interl‘netationem
1110 1998 1167 2018 scu
1198 1987 1452 2018 declarationem
1477 1988 1657 2019 faciendam
1682 1988 1778 2019 etiam
1805 1988 1940 2029 simplici
1965 1987 2058 2018 verbo

419 2045 476 2064 nos
501 2040 683 2066 servaturos
710 2038 897 2078 specialiter
922 2039 1115 2069 auctoritate
1134 2040 1332 2080 presentium
1359 2040 1550 2080 obligamus.
1640 2040 1688 2082 (5)
1713 2040 1942 2071 Promittentes
1959 2038 2058 2070 nichi-

420 2086 571 2118 lominus.
603 2088 748 2128 predicta
773 2089 880 2119 emnia¹
905 2093 935 2119 et
960 2090 1102 2130 singula,
1133 2094 1302 2132 postquam
1337 2091 1502 2133 imperiale
1532 2091 1680 2122 diadema
1709 2091 1806 2122 dante
1830 2091 1967 2122 Domino
1990 2101 2057 2121 sus-

418 2138 609 2178 ceperimus,
636 2150 792 2170 renovare
817 2140 857 2170 ad
882 2141 1036 2172 maiorem
1063 2145 1095 2172 et
1119 2146 1310 2183 perpetuam
1335 2144 1529 2175 firmitatem.

525 2189 642 2220 Actum
668 2195 700 2221 et
724 2191 834 2222 datum
860 2192 1019 2225 NVienne,
1046 2193 1084 2223 V.
1108 2193 1276 2224 Kalendas
1301 2194 1439 2235 Aprilis,
1473 2194 1648 2226 indictione
1673 2198 1801 2233 octava,
1826 2205 1908 2225 anno
1933 2192 2057 2225 Domini

417 2239 506 2271 MCC
532 2243 740 2281 octogesimo,
769 2244 858 2283 regni
886 2254 960 2274 vero
985 2245 1084 2275 nostri
1110 2256 1192 2275 anno
1218 2245 1293 2277 VH.

620 2386 696 2418 249.
720 2388 995 2419 MANJMTI‘M
1018 2390 1238 2422 SUBDITI&
1259 2392 1512 2423 Dlltla'lef'M.
1562 2395 1652 2424 11:²50.
1692 2393 1790 2425 Mars.
1807 2396 1855 2424 510.

526 2446 620 2476 shuts!
642 2447 894 2478 lx'a(sollenniter
911 2448 929 2478 l.
948 2461 972 2480 ι’.
989 2452 1052 2479 :332²
1070 2461 1115 2481 nr.
1134 2451 1152 2480 J
1165 2451 1192 2488 ¹2
1217 2452 1308 2482 ruins
1331 2453 1493 2483 ‘'‹lilioncm
1519 2453 1694 2491 mandimus.
1736 2452 1783 2490 Cf.
1801 2453 1844 2483 ια(
1866 2463 1913 2483 ur.
1929 2454 1999 2484 ,ζ’-Η,
2017 2469 2053 2474 -

416 2483 568 2529 ],'0'lm[4>,·‚*
588 2498 659 2537 Iu'r‘jl.
680 2499 751 2537 imp.
775 2499 824 2531 lr'lv
848 2502 934 2530 11⁸3.
1764 2504 1817 2544 (Γ.
1842 2505 1948 2545 deest.)

526 2592 683 2622 luidolfus
711 2593 769 2623 Dei
800 2594 903 2632 gratia
928 2594 1146 2626 Romanorum
1180 2608 1236 2627 rex
1268 2609 1398 2639 semper
1425 2602 1581 2639 augustus
1611 2599 1853 2631 venerabilibus
1888 2598 2053 2640 arehiepis-

417 2644 517 2684 copis,
545 2644 708 2685 episcopis
733 2645 915 2686 ceterisque
942 2647 1085 2686 prelatis,
1113 2647 1285 2681 nobilibus,
1312 2649 1496 2683 baronibus,
1522 2651 1805 2682 communitatibus
1823 2662 1859 2682 ac
1877 2649 2051 2682 hominibus

419 2695 577 2725 universis
604 2707 660 2736 per
685 2697 857 2726 comitatus
882 2697 1051 2728 .l'rovincie
1085 2710 1121 2729 ae
1147 2699 1354 2731 Follx'alkerie
1388 2702 1585 2734 constitutis,
1616 2702 1742 2733 dilectis
1774 2703 1839 2734 suis
1871 2706 1902 2733 et
1931 2700 2051 2743 imperii

418 2746 554 2777 ltomani
584 2747 740 2786 fidelibus,
766 2748 804 2778 ad
832 2760 911 2789 quos
938 2754 1105 2790 presentes
1130 2751 1234 2783 littere
1261 2753 1477 2794 pervenerint,
1502 2755 1637 2796 gratiam
1663 2765 1752 2785 suam
1770 2758 1802 2786 et
1819 2765 1910 2786 omne
1929 2753 2050 2785 bonum·

2094 706 2116 723 lu

2093 959 2114 977 15

2091 1224 2115 1243 20

2089 1480 2111 1498 2⁵

2087 1736 2111 1755 30

2084 1993 2106 2012 ³5

2081 2257 2104 2276 ⁴0

2077 2663 2098 2683 ⁴5
