2259 3116
418 177 480 205 532
713 170 844 197 ADOLFI
864 170 967 196 REGIS
987 170 1310 197 CONSTITUTIONES.
1349 171 1423 197 1296.
1462 170 1534 197 1297.
1572 170 1619 196 Nr.
1632 170 1691 196 565.
1709 171 1767 197 566.

418 258 544 285 tantibus
564 257 591 284 in
611 257 707 283 eadem
727 256 891 290 captionem,
911 255 1129 289 requisicionem,
1150 256 1320 282 exactionem
1340 255 1528 290 pecuniariam
1548 256 1582 282 ob
1596 265 1777 290 quancunque
1798 266 1916 289 causam,
1936 261 2054 285 castrum

418 320 465 336 seu
490 309 659 336 fortalicium
683 308 796 342 aliquod
821 307 891 333 infra
917 307 1060 333 civitatem
1085 308 1240 341 predictam
1259 317 1306 334 seu
1326 307 1396 334 infra
1416 310 1503 334 metas
1523 307 1660 338 banleie*‚
1686 308 1740 334 nisi
1759 309 1927 336 unanimiter
1946 310 2054 338 volente

419 362 604 389 universitate
628 361 762 395 predicta.
800 360 855 386 Nec
879 360 1032 387 debemus
1055 369 1106 387 nec
1129 361 1322 394 possumus*
1347 360 1500 392 civitatem,
1525 360 1738 387 universitatem
1763 359 1796 387 et
1818 361 1891 388 cives
1915 362 2054 396 predictos

418 422 464 439 sen
485 413 646 438 habitantes
666 413 693 437 in
713 420 745 437 ea
764 411 888 441 vendere,
909 410 1017 440 donare,
1038 410 1168 443 quittare,
1189 409 1313 444 obligare
1334 410 1376 436 vel
1396 410 1502 437 eciam0
1522 410 1643 436 alienare
1663 411 1691 436 in
1709 419 1873 445 quacunque
1892 421 1983 444 manu,
2002 413 2055 439 nisi

418 464 453 490 ad
473 464 613 498 proprium
633 463 806 489 dominium*
827 462 943 488 Romani
963 462 1081 496 imperii,
1101 462 1145 488 cui
1165 461 1226 495 ipsa
1245 461 1353 493 civitas,
1373 462 1538 488 universitas
1557 464 1585 488 et
1598 462 1760 489 habitantes
1778 463 1807 488 in
1826 472 1859 490 ea
1876 464 1952 490 nullo
1966 465 2054 491 medio
2086 475 2097 493 ⁵

419 519 482 542 sunt
500 515 626 542 subiecti.

340 577 404 597 (215.
533 572 578 600 14.
602 573 672 599 Item
703 573 726 598 si
749 581 799 599 nos
822 566 959 598 Adolfus
983 566 1201 597 Romanorum
1225 576 1282 597 rex
1306 571 1455 607 predictus
1480 571 1523 597 vel
1555 571 1626 597 alius
1650 571 1683 598 de
1707 572 1930 598 antecessoribus
1953 574 2055 600 nostris

418 625 525 659 aliquid
554 625 686 651 fecimus
716 624 760 651 vel
792 623 998 650 ordinavimus
1030 624 1128 649 contra
1151 622 1295 649 civitatem
1320 621 1351 648 et
1375 622 1588 649 universitatem
1612 623 1751 656 predictas
1776 618 1826 650 vel
1849 624 1937 650 eciam
1959 627 2056 652 contra

420 676 493 702 cives
506 675 646 709 predictos
655 677 675 703 ’ἢ
695 676 830 707 tanquam
843 673 986 708 legitimus
1001 675 1028 699 et
1041 673 1177 707 generalis
1190 673 1400 699 administrator
1414 673 1546 699 bonorum
1566 674 1594 699 et
1606 681 1695 699 rerum
1715 673 1803 699 tocius
1816 673 1933 700 Romani
1947 673 2056 708 imperii

419 736 451 753 ex
472 729 548 753 certa
567 726 696 755 sciencia,
716 727 796 755 iusta,
816 725 943 759 legitima
963 727 990 751 et
1009 725 1126 752 honesta
1145 733 1227 751 causa
1246 733 1406 751 revocamus
1426 727 1454 751 et
1472 724 1634 751 nunciamus
1654 724 1682 750 in
1700 725 1752 751 hoc
1772 725 1894 759 presenti
1907 726 2055 762 privilegio
2075 737 2098 756 ιο

418 780 528 806 irritum
558 778 590 805 et
619 774 742 805 inanes*
797 778 833 805 Et
862 779 989 805 volumus
1019 778 1133 812 insuper
1157 779 1185 804 et
1208 777 1385 804 concedimus
1409 777 1542 811 predictis
1566 777 1759 809 universitati,
1795 778 1901 804 civibus
1930 780 1958 805 et
1980 779 2056 805 habi-

419 831 546 858 tantibus
570 827 601 857 in
626 825 741 857 eadem
758 826 897 860 civitate,
922 829 996 863 quod
1020 838 1116 856 omnes
1133 829 1279 855 libertates
1296 829 1424 863 superius
1439 828 1600 855 nominatas
1625 830 1653 855 et
1669 829 1787 863 scriptas
1811 838 1920 856 exnunc
1935 830 2058 857 habeant

418 883 447 909 et
470 882 572 908 eisdem
600 881 686 908 libere
713 883 739 907 et
763 881 866 913 absque
893 879 1055 913 cuiusquam
1078 878 1284 905 contradicione
1309 880 1433 905 utantur.
1470 879 1503 904 Et
1527 878 1550 904 si
1577 879 1685 905 easdem
1710 879 1854 906 libertates
1882 889 1967 913 usque
1985 890 2056 907 nunc

421 933 532 960 minime
552 934 721 963 habuerunt,
746 934 827 966 prout
846 931 971 965 superius
991 933 1054 958 sunt
1074 930 1174 959 divise,
1198 940 1246 964 pro
1273 930 1351 957 nobis
1371 932 1399 956 et
1419 930 1619 956 successoribus
1641 931 1741 957 nostris
1760 931 1862 958 eisdem
1881 931 2056 960 universitati

419 988 447 1012 et
468 985 575 1011 civibus
600 987 628 1011 et
647 984 848 1011 successoribus
868 984 1014 1010 eorundem
1034 983 1174 1017 predictas
1193 982 1339 1009 libertates
1358 983 1454 1009 damus
1478 984 1505 1009 et
1524 983 1699 1009 concedimus
1724 986 1859 1017 perpetuo
1877 984 2055 1017 possidendas
2074 993 2096 1012 15

420 1039 471 1063 ac*
492 1037 565 1071 ipsos
584 1036 794 1062 universitatem
820 1038 848 1062 et
867 1035 940 1062 cives
959 1044 1009 1069 per
1028 1038 1168 1069 presentes
1187 1035 1295 1062 litteras
1314 1035 1476 1061 investimus
1495 1037 1628 1068 tanquam
1647 1035 1721 1065 illos,
1746 1034 1794 1068 qui
1817 1036 1882 1061 sunt
1905 1036 2056 1063 membrum

422 1088 531 1123 imperii
551 1088 668 1114 Romani
687 1088 782 1114 nobile
802 1090 830 1114 et.
850 1087 936 1121 ipsius
955 1087 1026 1113 sacri
1044 1087 1155 1121 imperii
1175 1096 1283 1114 camera
1302 1087 1474 1121 principalis.

341 1153 406 1171 cle.
532 1143 578 1171 15.
612 1145 681 1171 Item
705 1145 801 1170 damus
830 1146 858 1170 et
882 1144 1057 1170 concedimus
1081 1144 1260 1170 universitati
1291 1146 1319 1170 et
1343 1144 1449 1170 civibus
1473 1144 1619 1178 predictis,
1654 1145 1685 1170 ut
1719 1144 1774 1178 ipsi
1808 1144 1881 1171 infra
1914 1144 2056 1171 civitatem

421 1195 577 1229 predictam
597 1195 703 1229 possint
722 1195 812 1221 facere
831 1196 859 1221 et
879 1194 931 1220 sibi
951 1193 1111 1228 apropriare
1131 1194 1222 1220 furnos
1242 1196 1269 1220 et
1287 1194 1452 1225 molendina,
1473 1203 1505 1221 ex
1524 1194 1624 1227 quibus
1642 1194 1766 1220 redditus
1781 1197 1924 1221 vertantur
1942 1195 1969 1221 in
1983 1195 2056 1221 utili-

421 1249 509 1273 tatem
529 1246 719 1273 universitatis
743 1248 771 1272 et
790 1245 892 1272 civium
911 1245 1109 1279 predictorum,
1136 1248 1271 1279 tanquam
1295 1246 1363 1276 illis,
1387 1246 1487 1279 quibus
1507 1246 1632 1272 volumus
1658 1246 1747 1272 facere
1767 1246 1890 1280 graciam
1909 1247 2055 1280 specialem
2073 1255 2099 1274 20

422 1302 538 1334 propter
560 1299 684 1333 ipsorum
707 1299 899 1325 universitatis
923 1300 951 1325 et
975 1299 1077 1325 civium
1102 1307 1187 1325 onera
1211 1294 1415 1325 sublevanda*

340 1360 406 1378 cus.
534 1353 578 1382 16.
600 1355 670 1381 Item
693 1354 818 1380 volumus
837 1356 865 1380 et
884 1353 1060 1380 concedimus
1080 1353 1143 1387 ipsi
1162 1353 1339 1380 universitati
1364 1355 1392 1380 et
1412 1353 1532 1384 civibus,
1556 1353 1628 1386 quod
1652 1353 1705 1387 ipsi
1730 1356 1759 1380 et
1778 1362 1870 1380 eorum
1890 1362 2055 1381 successores

422 1408 556 1440 perpetuo
586 1408 700 1431 utantur
728 1405 841 1439 pacifice
869 1408 897 1432 et
925 1406 1019 1438 quiete
1048 1405 1175 1431 omnibus
1205 1405 1269 1431 aliis
1293 1404 1370 1431 bonis
1394 1405 1449 1431 suis
1479 1405 1722 1431 consuetudinibus
1745 1407 1773 1432 et
1802 1406 1915 1432 statutis
1943 1407 2055 1432 actenus

420 1457 591 1491 approbatis.

530 1511 575 1540 17.
593 1509 674 1540 Item
700 1520 809 1540 omnes
826 1509 1002 1550 libertates,
1027 1510 1247 1541 concessiones
1265 1514 1296 1541 et
1319 1510 1443 1551 gracias
1465 1520 1587 1540 necnon
1611 1510 1678 1540 iura
1697 1512 1729 1540 et
1752 1510 1919 1551 privilegia
1936 1509 2055 1541 eisdem
2073 1520 2096 1539 π

421 1561 541 1592 civibus
570 1567 607 1592 ap
635 1561 714 1591 divis
746 1562 990 1602 imperatoribus
1020 1565 1052 1592 et
1080 1562 1209 1603 regibus
1241 1562 1395 1593 Romanis
1425 1561 1599 1592 illustribus
1632 1561 1913 1603 predecessoribus
1943 1562 2056 1592 nostris

421 1613 542 1643 indulta
577 1616 608 1643 ct
639 1623 807 1653 concessa,
843 1617 936 1654 prout
966 1614 1024 1644 rite
1054 1617 1086 1644 et
1115 1613 1248 1655 provide
1280 1623 1431 1644 concessa
1463 1616 1495 1644 et
1517 1613 1639 1644 indulta
1663 1616 1751 1653 sunt,
1786 1613 1825 1644 de
1861 1612 2055 1654 plenitudine
2198 1633 2201 1660 Ι.

422 1665 589 1705 potestatis
614 1665 700 1705 regie
725 1665 956 1696 confirmamus.

533 1727 576 1756 lS.
602 1725 757 1756 Preterea
781 1726 958 1757 addicimus
981 1727 1012 1757 in
1036 1726 1198 1767 predictis,
1223 1725 1307 1767 quod
1331 1726 1357 1756 si
1381 1725 1488 1756 divina
1504 1725 1720 1766 providencia,
1745 1735 1806 1766 que
1823 1728 1912 1756 actus
1935 1728 1967 1756 et
1984 1735 2054 1766 pro-

420 1787 547 1818 gressus
562 1780 685 1807 nostros
703 1777 820 1817 dirigit,
845 1778 875 1808 in
892 1777 1071 1808 Romanum
1096 1779 1324 1818 imperatorem
1341 1787 1398 1807 nos
1415 1776 1553 1807 ordinari
1571 1777 1740 1818 contigerit
1756 1781 1788 1807 et
1803 1775 2055 1819 imperiali[um]‘¹
2073 1789 2097 1809 so

422 1828 613 1869 dyademate
638 1829 806 1869 insignium
829 1829 980 1869 insigniri,
1006 1829 1192 1859 confirmare
1217 1829 1430 1869 promittimus
1454 1838 1563 1859 omnes
1586 1828 1752 1859 libertates
1777 1831 1809 1858 et
1831 1828 1971 1869 gracias,
1995 1838 2055 1869 que

421 1880 566 1920 superius
590 1880 818 1920 exprimuntur.

530 1931 565 1961 In
596 1932 819 1971 premissorum
849 1932 988 1962 omnium
1022 1932 1238 1963 testimonium
1271 1935 1437 1973 presentes
1466 1931 1588 1962 litteras
1619 1931 1722 1972 sigillo
1752 1932 1928 1962 maiestatis
1951 1935 2054 1962 nostre

423 1982 555 2012 fecimus
579 1984 773 2013 communiri.

530 2042 646 2072 Datum
672 2042 756 2083 apud
773 2042 995 2077 Frankenfort,
1020 2043 1060 2074 X.
1078 2043 1150 2074 Kal.
1169 2043 1326 2080 Octobris,
1351 2054 1432 2074 anno
1449 2042 1578 2074 Domini
1594 2042 1762 2074 millesimo
1781 2042 1833 2073 CC
1852 2043 2054 2085 nonagesimo
2073 2055 2096 2074 :³5

422 2096 525 2131 sexto,
550 2094 639 2134 regni
665 2104 737 2124 vero
762 2095 859 2124 nostri
883 2105 964 2125 anno
989 2095 1107 2135 quinto.

498 2312 754 2362 566—5‘10.
804 2310 1210 2364 REOEPTIO
1251 2310 1980 2365 CASTELLANORUM.

888 2403 994 2440 1297.
1030 2404 1369 2440 1an.17.-1298.
1405 2404 1510 2440 Febr.
1532 2404 1590 2439 23.
2176 2417 2177 2446 i

536 2493 583 2531 Cf,
608 2494 669 2523 iam
694 2504 791 2532 snpra
815 2494 995 2525 documenta
1019 2506 1065 2526 nr.
1083 2496 1271 2526 5'83—385.
1296 2496 1367 2525 495.

648 2613 723 2645 566.
756 2614 985 2646 RIGCEI’TIO
1009 2615 1235 2646 IOHANNIS
1259 2615 1326 2646 DE
1347 2616 1535 2647 METHIS.
1584 2617 1675 2647 1297.
1694 2616 1764 2647 Ian.
1784 2617 1832 2646 17.
2070 2622 2094 2641 ⁴0

534 2674 713 2712 Rcwelimns
728 2675 890 2705 editionem
908 2678 1044 2705 nostram
1069 2676 1180 2706 *Neues
1196 2675 1322 2706 Archiv'
1348 2675 1485 2713 XXIII,
1500 2677 1542 2706 38
1558 2679 1719 2715 paratam,
1742 2686 1821 2715 quac
1836 2675 1950 2706 nititur
1965 2676 2052 2704 auto-

424 2725 543 2764 yrapho
567 2725 698 2755 Momm-i
723 2726 752 2755 [η
778 2725 932 2757 tabulario
955 2730 1066 2757 secreto
1094 2728 1202 2757 domus
1230 2727 1330 2766 reye'ac
1354 2727 1542 2758 Balearicae
1565 2730 1731 2759 asservato.
1784 2726 1901 2758 Pendet
1922 2723 2054 2765 sigillum

528 2802 593 2827 565.
612 2806 635 2830 0>
655 2803 763 2834 sequitur
781 2805 901 2828 :ilicum-io
920 2805 1067 2829 violenciam
1092 2806 1116 2829 T.
1204 2806 1227 2837 1¹)
1247 2810 1269 2830 et
1289 2806 1313 2829 ἱιι
1328 2807 1382 2837 fine
1401 2807 1481 2830 lineae
1506 2805 1532 2830 T.
1636 2806 1660 2835 ί1)
1681 2805 1802 2837 imperiali
1828 2804 1852 2828 T.
