2259 3116
439 150 456 178 2

483 151 500 179 Ο

810 146 968 172 RUDOLFI
991 145 1096 172 REols
1115 146 1439 173 CONSTFFC'HONES.
1478 146 1551 172 1251.
1588 145 1706 171 tan-‚2502

526 245 623 265 unum
649 234 790 265 dandum
816 234 926 275 regine
952 237 983 265 ct
1008 234 1167 275 reliquum
1193 233 1392 264 reddendum
1418 234 1500 275 parti
1524 233 1608 274 regis
1633 231 1773 264 reddidit
1796 232 1857 273 ipsi
1875 232 1943 273 regi
1962 232 2081 265 Sicilie.

526 290 589 325 (ΙΙΙ)
614 287 697 317 Item
733 285 821 317 aliud
859 285 1062 327 privilegium
1100 286 1159 316 sub
1195 285 1282 316 bulla
1313 296 1411 316 aurea
1442 285 1639 326 duplicatum
1669 284 1850 315 confectum
1880 294 1938 325 per
1961 283 2082 314 dictum

525 338 688 368 dominum
714 348 823 379 regem
848 338 1067 368 Romanorum
1092 338 1123 368 in
1149 347 1289 379 persona
1314 337 1415 378 ipsius
1440 336 1559 367 domini
1584 336 1672 377 regis
1698 335 1822 373 Sicilie,
1848 335 1931 377 quod
1956 336 2080 378 incipit:

524 389 616 420 ‘Cum
640 390 765 420 litteras
791 389 862 421 ctc.’
895 393 926 421 ct
952 388 1065 431 lfinit]⁰
1099 389 1149 420 ‘ad
1181 389 1335 420 maiorem
1371 392 1403 419 et
1436 390 1626 430 perpetuam
1660 387 1856 418 firmitatem.
1902 387 2020 418 Actum
2051 390 2082 419 et

524 441 633 472 datum
652 441 792 473 WVicnne
818 440 917 473 etc.'¹.
953 441 1061 472 Unum
1087 440 1289 472 retinendum
1314 441 1447 471 retinuit
1472 443 1504 471 et
1527 439 1616 470 aliud
1646 438 1786 470 dandum
1811 439 1894 480 parti
1919 440 2005 480 regis
2031 439 2080 471 Si-

523 494 595 524 cilie
628 492 768 524 reddidit
801 493 863 534 ipsi
893 493 970 534 regi.
1062 494 1124 531 (IV)
1149 492 1231 523 Item
1268 491 1429 533 quandam
1465 492 1603 522 litteram
1640 491 1821 522 confectam
1856 501 1913 532 per
1946 491 2083 523 eundem

525 555 633 586 regem
658 544 877 576 Romanorum
908 545 966 575 sub
991 544 1097 586 sigillo
1130 554 1224 575 ceree
1255 544 1464 585 triplicatam,
1493 554 1551 584 pcr
1584 553 1679 584 quam
1704 542 1855 573 scribitur
1878 542 2081 575 comitatibus

524 600 557 629 ct
594 597 768 628 baronibus
805 600 836 628 ct
871 596 1053 627 hominibus
1078 596 1263 633 Prouincic,
1296 606 1357 637 que
1389 595 1515 636 incipit:
1547 594 1813 626 ‘Munificentiam
1839 593 1910 626 etc.’
1941 598 1973 626 et
2001 596 2080 626 finit:

524 650 654 681 ‘iustitie
679 649 912 691 plenitudinem
938 648 1104 680 exhibere.
1151 648 1268 678 Actum
1294 651 1326 679 et
1350 647 1459 678 datum
1487 646 1586 679 etc.‘2.
1626 646 1732 677 Unam
1759 645 2004 689 [retinendam]b
2026 658 2083 689 per

525 701 689 732 dominum
712 712 830 743 papam
855 700 988 731 retinuit
1012 703 1044 730 ct
1066 700 1146 730 alias
1172 699 1295 730 dandas
1313 699 1381 739 regi
1400 699 1510 729 Sicilie
1528 698 1657 730 tradidit
1680 698 1742 740 ipsi
1765 699 1843 740 regi.
1933 701 1982 738 (V)
1999 699 2081 730 Item

524 753 612 784 aliud
629 753 831 794 privilegium
849 752 1046 793 triplicatum
1071 751 1130 782 sub
1154 751 1243 782 bulla
1268 750 1379 792 [aurea
1405 749 1622 792 confectum?
1647 761 1705 792 per
1729 750 1865 781 eundem
1889 762 2000 793 regem
2016 752 2081 783 Ro-

526 815 704 842 manorum,
731 804 815 845 quod
840 804 989 845 dirigitur
1012 803 1145 844 prelatis
1170 803 1296 833 illarum
1322 803 1461 844 partium
1488 805 1519 833 ct
1547 802 1672 843 incipit:
1699 802 1747 833 ‘In
1771 802 1988 844 quibuslibet‘l
2012 802 2081 835 etc?

523 859 554 887 ct
579 856 623 887 sic
651 855 779 898 [finitps
811 858 1013 897 ‘perpetuam
1039 855 1223 885 firmitatem
1250 855 1367 885 Actum
1393 858 1425 885 et
1453 854 1518 885 dat.
1543 853 1642 885 θὶς-33.
1690 854 1797 885 Unum
1822 855 2023 886 retinendum
2047 855 2079 886 in

522 908 652 939 archivo
678 908 817 939 ecclesie
842 907 990 938 Romane
1016 910 1048 938 et
1074 907 1198 948 reliqua
1222 906 1284 937 duo
1310 906 1442 937 retinuit
1467 906 1583 944 danda,
1608 910 1702 947 prout
1729 905 1893 949 [viderit]¹³
1918 907 2081 949 expedire.

524 962 586 998 (Vl)
612 960 694 991 Item
724 959 809 990 aliud
839 959 1042 1000 privilegium
1078 958 1276 1000 duplicatum
1315 958 1373 989 sub
1410 958 1498 989 bulla
1532 968 1632 989 aurea
1661 958 1844 989 confectum
1877 969 1936 1000 per
1964 959 2081 990 dictum

523 1011 687 1042 dominum
712 1022 823 1052 regem
848 1010 1069 1041 Romanorum
1095 1010 1134 1041 ad
1164 1013 1353 1052 perpetuam
1386 1010 1432 1040 rei
1462 1009 1666 1048 memoriam,
1699 1010 1782 1051 quod
1814 1010 1940 1052 incipit:
1965 1010 2020 1041 ‘Ut
2044 1021 2081 1042 ea

522 1074 584 1105 quc
613 1064 728 1094 solium
760 1062 831 1093 etc?
871 1066 903 1093 et
932 1062 1014 1092 finit:
1053 1062 1279 1103 ‘promittimus
1314 1061 1544 1092 inviolabiliter
1578 1061 1763 1093 observare.
1809 1061 1928 1093 Actum
1958 1065 1990 1094 et
2017 1062 2080 1094 dat.

523 1114 621 1147 etc.'4.
658 1114 764 1145 Unum
783 1113 986 1145 retinendum
1005 1114 1136 1144 retinuit
1154 1117 1186 1145 ct
1211 1113 1297 1144 aliud
1322 1113 1462 1144 dandum
1481 1114 1564 1155 parti
1582 1113 1727 1145 ciusdem
1746 1113 1831 1155 regis
1850 1114 1958 1145 Sicilie
1976 1113 2080 1145 reddi-

521 1167 567 1197 dit
592 1167 652 1208 ipsi
677 1167 755 1207 regi.
849 1168 926 1205 (Vll)
948 1166 1031 1197 Item
1056 1165 1143 1196 aliud
1168 1165 1373 1206 privilegium
1392 1165 1588 1206 duplicatum
1607 1165 1785 1196 confectum
1803 1165 1861 1197 sub
1878 1166 1968 1197 bulla
1983 1176 2081 1198 aurea

522 1229 579 1259 pcr
611 1218 731 1249 dictmn
763 1217 929 1249 dominum
961 1228 1071 1259 regem
1097 1217 1206 1248 Sicilie
1239 1217 1279 1248 ad
1311 1220 1501 1259 perpetuam
1531 1217 1578 1248 rei
1609 1217 1795 1248 memoriam
1832 1218 1877 1249 sic
1910 1218 2078 1260 incipiens:

521 1269 753 1301 ‘Munificentic
785 1270 923 1311 gratiam
955 1269 1026 1301 etcs
1059 1272 1090 1300 et
1119 1269 1164 1300 sic
1194 1268 1325 1299 finiens:
1355 1269 1519 1299 ‘iussimus
1550 1269 1749 1300 communiri.
1802 1269 1921 1300 Actum
1944 1269 2080 1312 Neapoli

521 1321 619 1353 ctos-³.
656 1321 764 1352 Unum
783 1321 986 1353 retinendum
1012 1332 1070 1363 per
1087 1321 1253 1352 dominum
1271 1331 1388 1363 papam
1414 1321 1546 1352 retinuit
1567 1324 1599 1352 et
1615 1321 1703 1352 aliud
1721 1320 1861 1352 dandum
1881 1322 1964 1363 parti
1980 1321 2079 1363 ipsius

521 1373 607 1414 regis
632 1373 852 1404 Romanorum
878 1373 1016 1404 reddidit
1041 1373 1175 1414 prefatis
1201 1372 1330 1404 domino
1355 1373 1508 1415 episcopo
1534 1372 1695 1404 Gureensi
1727 1376 1760 1404 et
1790 1373 1983 1405 cancellario
2007 1383 2078 1415 pro-

524 1425 724 1456 curatoribus
750 1425 985 1467 recipientibus
1010 1426 1139 1456 nomine
1164 1425 1265 1467 ipsius
1291 1425 1377 1466 regis
1403 1425 1634 1456 Romanorum.

630 1477 677 1518 (4)
705 1477 786 1508 Item
814 1477 951 1518 quedam
983 1468 1161 1519 privilegia
1187 1480 1218 1508 et
1248 1477 1372 1508 litteras
1398 1477 1457 1508 sub
1482 1477 1571 1509 bulla
1594 1488 1692 1508 aurea
1717 1477 1863 1508 confecta
1887 1477 1917 1508 in
1941 1487 2078 1519 persona

520 1529 639 1560 domini
657 1528 768 1560 Karoli
794 1529 947 1570 principis
966 1529 1163 1560 Salernitani
1188 1529 1395 1570 primogeniti
1419 1528 1497 1559 dieti
1521 1530 1607 1570 regis
1626 1529 1745 1565 Sicilie,
1770 1527 1844 1571 [que
1869 1527 2075 1570 secundum]¹'

520 1581 656 1611 formam
682 1580 818 1622 predicti
844 1581 1048 1612 instrumenti
1074 1581 1225 1611 lanianda
1250 1584 1357 1619 erant,
1386 1580 1491 1612 dictus
1522 1580 1669 1612 dominus
1699 1592 1783 1623 papa
1812 1581 1925 1612 laniari
1948 1580 2023 1612 fecit
2045 1580 2076 1611 in

520 1633 684 1674 presentia
708 1633 925 1674 predictarum
951 1633 1102 1674 partium,
1128 1643 1188 1673 que
1214 1636 1287 1663 sunt
1310 1633 1388 1663 ista:
1414 1635 1451 1671 (I)
1476 1632 1511 1663 In
1537 1633 1648 1674 primis
1665 1643 1764 1663 unum
1781 1633 1983 1675 privilegium
2001 1642 2075 1663 con-

519 1684 639 1715 fectum
674 1695 731 1726 per
761 1684 924 1715 dominum
953 1709 957 1714 .
985 1708 991 1714 .
1018 1695 1128 1725 regem
1153 1683 1373 1715 Romanorum
1404 1685 1435 1715 in
1465 1695 1606 1725 persona
1634 1684 1753 1715 domini
1784 1684 1937 1726 principis
1966 1695 2074 1716 conre-

521 1736 694 1778 spondcns,
721 1735 804 1777 quod
830 1736 958 1776 incipit:
990 1735 1256 1767 *Munificentiam
1281 1736 1382 1767 nostri
1407 1736 1554 1767 culminis
1580 1735 1652 1768 em,
1678 1740 1710 1768 et
1733 1736 1814 1768 finit:
1848 1736 1898 1767 ‘ad
1922 1736 2074 1768 maiorem

520 1792 552 1819 et
576 1791 764 1829 perpetuam
790 1787 987 1818 firmitatem.
1034 1788 1151 1818 Actum
1177 1792 1208 1818 et
1232 1788 1295 1819 dat.
1321 1787 1463 1819 IVienne
1488 1788 1559 1819 etc?
1605 1789 1680 1820 Fuit
1703 1789 1735 1820 in
1766 1789 1930 1831 presentia
1953 1787 2074 1830 predic-

520 1844 623 1870 tarum
648 1840 786 1880 partium
811 1840 978 1871 laniatum.
1069 1842 1119 1878 (II)
1145 1840 1227 1871 Item
1252 1840 1339 1871 aliud
1365 1841 1569 1882 privilegium
1593 1842 1791 1883 triplicatum
1817 1841 1997 1872 confectum
2019 1850 2076 1882 per

520 1892 621 1932 ipsum
647 1891 811 1921 (lominum
838 1902 947 1932 regem
972 1891 1192 1922 Romanorum
1218 1892 1248 1922 in
1274 1903 1414 1933 persona
1438 1892 1566 1923 domine
1591 1894 1702 1934 regine
1720 1893 1855 1923 Francie
1881 1901 2074 1933 conrespon-

520 1943 610 1975 dens.
636 1942 720 1983 quod
739 1943 864 1985 incipit:
891 1943 994 1974 ‘Licet
1019 1944 1207 1974 comitatum
1232 1944 1303 1975 etc]
1329 1948 1362 1975 ct
1385 1944 1470 1975 finit:
1496 1946 1539 1976 ‘et
1562 1948 1752 1986 perpetuam
1775 1944 1968 1976 firmitatem.
2005 1942 2075 1974 Act.

520 1998 551 2024 et
582 1994 646 2024 dat.
673 1994 836 2025 wicum-⁷.
883 1994 1056 2025 Laniatum
1092 1996 1199 2026 extitit
1227 2006 1298 2026 cum
1331 1996 1455 2027 duobus
1485 1996 1654 2038 duplicatis
1686 2007 1728 2027 ex
1756 1997 1818 2027 illo.
1908 1998 1972 2034 (ΙΙΙ)
1994 1994 2073 2026 Item

519 2046 580 2076 dno
605 2046 774 2087 privilegia
799 2046 943 2077 eiusdem
973 2047 1094 2077 tenoris
1118 2048 1265 2078 confecta
1282 2058 1339 2088 per
1356 2047 1494 2078 cundem
1513 2059 1623 2089 regem
1641 2048 1860 2079 Romanorum
1885 2048 1916 2078 in
1940 2056 2074 2089 persona

520 2097 619 2137 ipsius
645 2097 796 2138 principis
822 2097 1127 2138 coni-espondcntia,
1161 2109 1222 2139 quc
1248 2099 1419 2140 incipiunt:
1455 2099 1545 2130 ‘Cum
1572 2100 1696 2131 litteras
1721 2099 1793 2131 etc.'
1818 2103 1850 2130 ct
1874 2099 1999 2130 finiunt:
2024 2096 2073 2128 ‘ad

521 2148 673 2178 maiorem
703 2152 734 2178 et
764 2152 955 2189 perpetuam
988 2149 1185 2181 firmitatem.
1232 2150 1304 2181 Act.
1336 2154 1367 2181 et
1395 2151 1459 2181 dat.
1485 2150 1626 2182 NVienne
1651 2151 1723 2183 etc?
1770 2151 1906 2182 Laniata
1936 2150 2072 2181 fuerunt.

519 2201 580 2237 (W)
607 2199 687 2229 ltem
721 2202 785 2230 tres
817 2200 922 2231 littere
952 2200 1095 2231 eiusdem
1126 2202 1244 2232 teneris
1277 2213 1347 2232 cum
1383 2203 1487 2243 sigillo
1518 2213 1610 2234 cereo
1642 2203 1789 2234 confecta
1817 2214 1874 2245 per
1897 2201 2071 2244 predictum

522 2262 630 2289 regem
657 2251 891 2287 Romanorum,
924 2263 980 2293 per
1010 2263 1089 2293 quas
1114 2253 1266 2284 scribitur
1290 2254 1434 2295 prelatis,
1464 2255 1748 2286 communitatibus
1779 2258 1811 2286 et
1838 2253 2008 2286 baronibus
2036 2262 2072 2283 ao

520 2302 704 2333 hominibus
726 2302 907 2334 l'rouincie.
926 2304 1237 2345 eonrespondentes,
1255 2316 1316 2346 quc
1333 2306 1504 2347 incipiunt:
1530 2307 1794 2338 ‘Munificentiam
1812 2305 1883 2337 etc.5
1901 2308 1932 2336 et
1948 2304 2070 2335 finiunt:

519 2353 652 2384 ‘iustitie
683 2355 913 2395 plenitudinem
945 2355 1113 2387 exhibere.
1159 2355 1233 2387 Aet.
1260 2360 1292 2387 ct
1317 2356 1380 2388 (lat.
1407 2357 1478 2389 etc.7
1524 2358 1661 2389 Laniatc
1692 2358 1822 2389 fuerunt
1849 2358 1880 2388 in
1911 2355 2071 2399 presentia

519 2405 705 2436 eorundem.
795 2411 843 2444 (V)
873 2407 950 2437 ltem
977 2410 1043 2437 tres
1068 2407 1131 2438 alie
1157 2408 1263 2439 littere
1290 2409 1356 2439 sive
1382 2410 1553 2450 privilegia
1578 2410 1724 2441 confecta
1742 2420 1799 2450 per
1824 2409 1941 2440 dictum
1965 2416 2070 2448 regem

520 2457 756 2502 Romanorulm
788 2468 850 2498 que
878 2462 967 2488 erant
993 2458 1136 2489 eiusdem
1163 2460 1284 2490 tenoris
1309 2461 1603 2502 conrespondentia
1628 2461 1790 2499 similiter,
1816 2471 1948 2503 quorum
1973 2458 2069 2501 quod-

519 2508 597 2538 libet
622 2509 814 2549 incipiebat:
851 2510 897 2539 *ln
925 2509 1121 2550 quibuslibet
1146 2510 1218 2541 ete.q
1252 2515 1284 2542 ct
1308 2512 1455 2543 finiebat:
1488 2516 1686 2555 ‘perpetuam
1717 2513 1910 2544 firmitatem.
1956 2512 2068 2542 Actum

520 2563 552 2589 et
585 2559 650 2590 dat.
676 2559 747 2591 ete]
794 2561 930 2591 Laniata
968 2562 1099 2592 fuerunt
1134 2562 1164 2592 in
1200 2564 1363 2604 presentia
1398 2565 1537 2605 partium
1568 2564 1762 2596 carumdem.
1809 2566 1872 2604 (Vl)
1901 2564 1981 2595 Item
2009 2561 2068 2592 duo

519 2611 582 2641 aliar
607 2612 775 2652 privilegia
800 2612 942 2643 eiusdem
970 2613 1091 2643 tenoris
1122 2616 1269 2645 confecta
1300 2626 1355 2656 per
1387 2616 1525 2647 eundem
1556 2628 1667 2658 regem
1692 2616 1910 2648 Romanorum
1935 2614 1973 2646 ad
1997 2623 2068 2655 per-

534 2696 598 2723 256.
618 2704 640 2725 “j
661 2699 776 2722 [iniissent
798 2708 834 2724 ων,
924 2699 948 2729 ιι)
964 2699 1095 2730 plantadi(
1113 2709 1194 2731 [turra
1217 2710 1311 2725 rasura
1332 2711 1368 2725 er.

537 2765 558 2795 l)
577 2766 664 2797 Supra
686 2775 723 2792 ην.
739 2771 792 2793 “.’·],”ι.
881 2769 906 2792 2·
927 2775 967 2793 ην,
981 2773 1035 2793 211⁴.
1123 2771 1149 2801 3)
1172 2778 1211 2796 ar.
1225 2774 1281 2795 MS.
1370 2771 1395 2801 4)
1416 2779 1456 2797 nr.
1473 2775 1529 2797 241.
1621 2774 1648 2804 ὁ)
1671 2780 1710 2798 ur.
1725 2776 1778 2799 250.

2110 709 2131 737 ιο

2109 969 2130 988 15

2105 1226 2129 1245 20

2103 1488 2125 1508 2⁵

2101 1746 2124 1766 ³⁰

2099 2004 2121 2023 ³⁵

2096 2260 2119 2279 40

2094 2522 2115 2541 «⁵
