2259 3164
450 191 605 218 RUDOLFI
626 191 732 218 REGIS
753 192 1076 219 coNS'rl'rUTloNEs.
1116 195 1187 222 1279,
1225 195 1414 223 mnes-123?
1686 199 1745 228 225

220 277 374 308 Nicolaus
400 281 460 309 etc.
486 278 589 310 eidem
614 279 652 309 R.
677 279 746 319 regi
771 278 998 310 Romanorum.

220 338 508 380 Promptitudinem
534 342 566 370 et
589 339 746 370 fervorem
771 339 950 370 devotionis
975 341 1107 377 eximie,
1133 352 1225 382 quam
1251 342 1290 372 ad
1315 353 1371 372 nos
1397 346 1429 373 et
1455 343 1632 374 Romanam
1658 345 1743 385 geris

115 390 293 427 eeclesiam,
318 401 376 432 per
398 391 532 432 grandia
556 391 754 422 celsitudinis
779 395 832 423 tue
858 392 973 423 merita
997 392 1165 423 evidenter
1189 394 1313 434 experti
1339 395 1383 424 sic
1408 396 1548 435 paternis
1574 396 1743 427 desideriis

116 442 319 480 affectamus,
355 445 389 473 ut
422 443 510 484 regie
543 443 771 484 magnitudinis
802 447 903 474 status
936 444 1062 474 felicius
1088 445 1248 474 exaltetur
1281 448 1312 475 et
1342 449 1396 475 tua
1426 447 1565 477 culmina
1594 450 1745 478 maneant

78 506 89 524 5
117 504 243 535 semper
271 494 383 525 obtata
412 494 565 525 felicitate
596 494 746 533 fecunda,
783 496 890 536 sicque
920 496 1075 537 perficere
1106 495 1284 526 ministerio
1315 497 1538 528 sollicitudinis
1570 500 1748 539 apostolice

116 555 176 586 que
209 545 267 576 tibi
297 546 361 576 sint
388 549 479 587 grata
514 547 738 587 proponimus,
769 547 852 588 quod
885 547 915 577 in
948 547 1039 578 nobis
1071 547 1166 577 velud
1197 548 1346 589 specialis
1377 549 1545 590 alumpnus
1578 554 1747 591 paternum

117 607 352 638 recognoscens
380 598 532 629 affectum
561 598 601 629 ad
630 599 772 640 quelibet
796 599 897 640 ipsius
922 600 1058 630 ecclesie
1083 599 1304 640 beneplacita³
1329 604 1466 631 mentem
1492 602 1635 632 affluenti
1661 602 1746 632 desi-

117 647 204 679 derio
229 648 346 690 dirigas
372 652 403 680 et
428 650 466 680 ad
492 651 749 691 prosecutionem
780 662 890 682 eorum
915 651 1079 692 oportunis
1109 652 1307 692 temporibus
1332 652 1465 682 fortiusb
1490 653 1654 684 animeris.
1700 653 1747 683 De

117 700 206 731 nobis
230 701 348 742 itaque7
374 701 427 739 fili,
454 705 545 743 potes
571 702 654 732 sieut
678 702 716 732 de
741 702 889 733 benivolo
914 705 1004 744 patre
1030 702 1189 733 confidere
1214 713 1250 733 ac
1276 703 1369 734 nobis
1394 704 1479 734 circa
1504 715 1559 742 ea,
1584 715 1643 745 quc
1669 715 1747 745 aug-

70 764 92 782 10
118 754 258 783 mentum
285 756 317 783 ct
341 754 615 785 consumationem
646 755 691 785 tui
722 755 843 795 negotii
875 755 1055 795 requirunt,
1085 754 1277 785 fiducialiter
1305 766 1362 796 per
1392 756 1525 786 nuncios
1556 756 1748 797 sollempnes

119 807 150 835 et
172 803 306 842 litteras,
331 805 412 835 sicut
435 805 571 846 qualitas
596 806 716 847 negotii
740 806 860 847 exiget,
883 807 994 836 intima
1018 806 1062 836 tui
1087 807 1226 848 pectoris
1251 807 1386 847 aperire.
1425 807 1506 837 Nam
1532 808 1748 848 proponimus,

119 858 212 897 prout
235 855 379 887 decuerit
403 860 435 888 et
458 857 548 888 nobis
573 858 668 888 fuerit
693 869 733 888 ex
758 858 822 888 alto
848 859 1049 900 permissum,
1074 869 1216 889 annuere
1242 859 1461 889 favorabiliter
1480 860 1561 889 votis
1586 859 1658 890 tuis.
1701 859 1751 889 Ad

119 907 176 938 hec
200 907 343 948 quidem,
371 908 428 948 fili,
454 919 510 939 nos
535 909 689 940 inducunt
713 912 744 940 et
768 910 881 940 merito
906 911 992 940 clara
1016 913 1069 939 tue
1095 909 1273 940 devotionis
1299 911 1452 951 auspitiu,
1478 921 1538 951 que
1564 921 1621 951 per
1645 911 1749 951 operis

119 959 312 990 evidentiam
336 961 538 1002 percepimus
564 964 595 991 et
619 962 784 997 sentimus,
815 965 847 992 ct
870 961 909 992 de
934 962 996 992 tuis
1021 962 1174 1003 preclaris
1204 962 1330 993 actibus
1361 966 1452 1003 grata
1483 962 1631 1004 presagia
1661 963 1751 993 nobis

71 1022 93 1041 15
120 1012 392 1052 perseverantiam
414 1016 449 1043 vet
465 1016 653 1054 perpetuam
672 1014 885 1044 constantiam
910 1014 941 1044 in
959 1013 1031 1053 Dei,
1056 1017 1165 1044 nostra
1189 1025 1225 1044 ac
1249 1014 1394 1044 Romane
1420 1014 1557 1045 ecclesie
1582 1014 1752 1044 devotione

120 1063 150 1093 in
174 1063 236 1094 tuis
253 1064 378 1101 futuris,
402 1064 498 1095 dante
515 1064 596 1103 Deo,
621 1065 825 1096 successibus
842 1066 1078 1107 repromittunt.
1119 1065 1212 1096 Unde
1237 1076 1299 1096 non
1319 1065 1449 1105 indigne
1467 1076 1643 1106 speramus,
1669 1065 1752 1106 quod

121 1118 238 1156 quanto
263 1115 434 1157 benignius
460 1129 478 1148 a
502 1116 593 1147 nobis
619 1120 650 1148 et
675 1117 787 1148 eadem
813 1118 951 1148 eeclesia
977 1121 1006 1148 te
1031 1117 1178 1147 honorari
1210 1118 1433 1158 perspexeris,
1466 1120 1553 1147 tanto
1585 1117 1753 1147 facundius

120 1168 151 1198 in
174 1167 287 1198 eadem
312 1168 481 1199 devotione
506 1179 696 1199 concrescas
722 1172 754 1200 et
772 1169 911 1199 animum
936 1170 967 1200 in
993 1169 1049 1199 illa
1073 1172 1126 1199 tue
1145 1169 1340 1200 sinceritatis
1358 1169 1470 1210 affigas
1495 1172 1527 1199 et
1544 1172 1651 1199 mente
1677 1180 1752 1199 con-

121 1230 231 1261 surgas
256 1219 296 1250 ad
320 1223 430 1250 nostra
459 1223 491 1251 et
515 1221 653 1251 ecclesie
678 1220 823 1261 predicte
848 1220 1052 1262 beneplacita
1076 1220 1320 1262 prosequenda,
1352 1224 1387 1250 ut
1418 1220 1532 1251 eadem
1557 1220 1698 1251 eeclesia
1723 1223 1753 1250 te

74 1280 97 1299 20
123 1270 182 1302 sibi
205 1275 330 1312 gratum
354 1271 452 1302 filium
477 1282 712 1313 recognoscens
736 1275 789 1303 tue
814 1273 1038 1314 prosperitatis
1056 1276 1230 1313 augmenta
1248 1273 1347 1303 veluti
1371 1275 1475 1303 mater
1500 1272 1530 1302 in
1548 1272 1648 1302 filium
1675 1283 1754 1302 exu-

122 1323 236 1354 berans
261 1324 374 1354 merito
399 1327 621 1365 prosequatur.
660 1323 710 1354 Ex
735 1324 794 1355 hiis
819 1325 918 1365 igitur
942 1328 1099 1366 concepta
1124 1324 1249 1361 fiducia,
1276 1328 1310 1354 ut
1334 1335 1394 1365 que
1420 1324 1459 1355 de
1484 1329 1515 1355 te
1542 1324 1623 1354 infra
1647 1327 1756 1354 nostra

123 1375 290 1416 precordia
313 1378 464 1406 resonant
487 1376 557 1406 aliis
581 1375 699 1406 etiamb
726 1377 938 1418 explicentur,
963 1377 1124 1418 principes
1151 1376 1343 1407 Alamannie
1369 1387 1426 1418 per
1449 1376 1527 1406 alias
1552 1379 1679 1406 nostras
1704 1376 1755 1405 lit-

123 1429 205 1458 teras
229 1427 402 1458 caritativis
426 1427 555 1458 monitis
579 1428 790 1467 excitamus1,
814 1432 849 1459 ut
872 1429 911 1459 ad
937 1432 968 1459 te
992 1431 1099 1459 mente
1125 1431 1156 1459 et
1180 1428 1286 1459 animo
1312 1431 1544 1469 consurgentes
1571 1428 1696 1458 sincera
1721 1438 1755 1457 se

123 1478 179 1510 tibi
203 1479 372 1511 devotione
398 1480 598 1510 conforment
622 1483 654 1510 et
683 1480 722 1510 ad
753 1491 805 1519 ea,
838 1491 898 1522 que
923 1485 1049 1511 tuorum
1075 1480 1248 1510 culminum
1274 1481 1474 1511 incrementa
1498 1480 1681 1520 respiciant,
1712 1480 1756 1509 sic

76 1535 98 1554 ²⁵
123 1530 295 1573 prudenter
324 1531 459 1572 vigilent
488 1532 597 1573 sicque
630 1532 688 1563 tibi
718 1532 848 1563 faveant
883 1536 915 1563 et
948 1543 982 1563 se
1016 1532 1055 1562 ad
1088 1532 1200 1562 horum
1229 1532 1487 1573 prosecutionem
1522 1534 1695 1572 preparent
1726 1534 1758 1561 et

124 1582 300 1624 accingant,
325 1583 410 1624 quod
434 1583 474 1614 ad
492 1583 730 1624 requisitionem
754 1587 843 1615 tuam
860 1584 1065 1615 inveniantur
1082 1584 1217 1614 accincti
1242 1594 1363 1625 nosque
1382 1584 1525 1624 ipsorum
1550 1582 1655 1613 studia
1680 1593 1756 1623 pos-

123 1634 219 1665 simus
243 1634 359 1666 exinde
383 1635 497 1666 merito
522 1635 758 1667 commendare.

228 1686 302 1717 Dat.
326 1689 361 1717 ut
383 1698 480 1728 supra
503 1687 681 1729 proxima2.

310 1831 385 1864 237.
409 1832 635 1865 ARTICULI
656 1833 806 1865 SUPER
829 1833 953 1864 PAGE
975 1832 1268 1864 TPACTANDA.
1316 1833 1406 1863 1t79.
1447 1832 1520 1863 Ιιιιι.
1540 1834 1565 1862 7.

79 1905 102 1924 ao
230 1893 342 1924 Edidit
365 1893 457 1933 Kopp
482 1893 603 1924 ‘Gcseh
628 1894 682 1924 der
704 1894 965 1933 cidyenossa'schen
981 1893 1104 1924 Bimae*
1128 1894 1174 1930 H,
1191 1897 1211 1923 3
1230 1904 1262 1932 p.
1280 1894 1351 1923 3:27.
1390 1892 1457 1923 Nos
1482 1892 1542 1930 ipsi
1568 1892 1646 1922 idem
1665 1891 1755 1930 Rrye'-

127 1946 222 1975 strum
242 1944 299 1985 fol.
318 1945 357 1975 75
381 1945 481 1976 (leuuo
505 1946 703 1978 contulimus.

230 1997 297 2028 Hos
319 1997 471 2028 articulos
495 1997 751 2028 Kaltenbruuuer
775 1998 997 2028 ‘Actenstsiclcd
1019 2008 1051 2036 2).
1068 1999 1250 2028 *Ara-265
1273 1997 1329 2027 sub
1353 2007 1400 2027 ur.
1417 1997 1480 2027 23:2¹
1514 1996 1558 2025 im
1586 1994 1757 2032 discerpsit,

128 2050 161 2078 ut
183 2048 306 2088 siuyula
329 2049 433 2088 capita
456 2059 512 2079 suo
536 2050 677 2088 quodque
700 2049 762 2080 loco
793 2050 824 2079 ιἰι
848 2050 987 2089 ιιιιιιῃίιιρ
1010 2052 1177 2088 apponeret
1206 2049 1312 2088 mufflm'
1338 2048 1422 2078 illius
1445 2047 1646 2083 trrwssumffi,
1678 2045 1760 2084 quod

129 2099 163 2130 de
186 2101 324 2131 omuibus
341 2101 532 2131 documentis
554 2101 596 2132 acl
618 2101 672 2132 hoc
691 2101 804 2142 foedus
822 2101 1032 2140 spectsmtr'bus
1055 2111 1074 2131 (ι
1092 2101 1237 2131 Mirtum
1253 2100 1314 2131 IV.
1334 2110 1423 2140 papa
1446 2110 1473 2130 (ι.
1494 2099 1584 2129 1261.
1610 2097 1691 2127 Mai.
1708 2100 1758 2127 25.

83 2161 105 2181 3³
130 2151 197 2190 ficri
218 2152 338 2183 iussum
364 2153 451 2191 iufra
473 2164 521 2183 ur.
538 2154 602 2183 2:37
624 2154 755 2184 edemus.

231 2204 369 2235 Ecoutra
398 2215 454 2235 uos
481 2205 563 2236 hisce
585 2205 729 2236 articulis
758 2206 790 2236 ιίι
812 2205 951 2244 rmmffl‘uc
974 2214 1118 2235 inumeros
1142 2214 1246 2234 corum
1264 2202 1501 2241 privilvyiorum
1525 2201 1758 2239 mlseriwismm,

130 2255 238 2293 quibus
259 2266 338 2295 quac
361 2267 449 2296 papa
478 2257 512 2288 in
534 2257 666 2297 siuyulis
688 2257 835 2288 articulis
852 2257 1014 2296 prm'crpit
1031 2256 1253 2295 perficiuntur.
1292 2254 1446 2284 Numeros
1469 2253 1607 2291 capitam
1624 2252 1761 2290 duplicrs

126 2307 286 2344 posuimus
316 2309 410 2346 prius
438 2311 572 2345 nostros,
604 2309 713 2339 deiude
741 2309 832 2340 uncis
863 2308 995 2339 inclusos
1018 2308 1159 2347 typisque
1183 2306 1353 2337 vitiatoribus
1376 2315 1534 2344 expressos
1557 2315 1619 2341 cos,
1649 2303 1761 2342 quihus

16 2374 20 2397 ι
132 2357 381 2390 Kaltenbrzmner
404 2360 422 2391 l.
447 2371 471 2392 6.
499 2361 531 2391 iu
553 2361 691 2400 mmyiue
719 2372 796 2391 usus
819 2363 871 2391 est.
921 2360 1148 2391 Aduolationes
1178 2369 1246 2389 vcro
1272 2369 1294 2388 r.
1322 2358 1407 2396 infin
1429 2357 1485 2387 sub
1509 2355 1642 2395 singmlis
1666 2355 1759 2385 ‹Iocu-

17 2402 23 2476 i
87 2417 110 2436 40
134 2410 247 2441 meuhs.
272 2429 312 2433 —
336 2411 479 2442 Pottlrast
501 2413 616 2443 21597.
666 2412 712 2451 Cf:
736 2412 880 2449 Biilemer,
907 2412 979 2451 Rcy.
997 2412 1069 2450 ιῖιιψ.
1090 2410 1143 2448 VJ,
1158 2411 1248 2441 1092„
1473 2407 1524 2447 (P.
1548 2407 1654 2444 deest)

238 2496 388 2529 Nicolaus
413 2502 472 2529 etc.
497 2499 649 2540 episcopo
673 2498 886 2540 Tripolitano.

238 2547 295 2579 Isti
320 2553 393 2580 sunt
417 2550 543 2580 articuli
567 2561 622 2591 pro
647 2551 769 2581 unitate
794 2551 876 2580 inter
900 2549 1080 2580 carissimos
1108 2549 1138 2578 in
1166 2548 1292 2578 Christo
1317 2547 1398 2577 filios
1425 2548 1552 2576 nostros
1577 2544 1615 2575 R.
1641 2544 1759 2573 Roma-

138 2607 243 2629 norum
267 2603 298 2631 et
322 2600 356 2631 O.
383 2601 490 2632 Sicilie
515 2612 608 2642 reges
632 2602 773 2633 illustres
799 2601 894 2632 dante
918 2601 1056 2632 Domino
1080 2600 1248 2631 solidanda
1272 2610 1329 2640 per
1358 2610 1412 2628 nos
1438 2601 1469 2628 et
1493 2597 1608 2627 fratres
1634 2598 1759 2625 nostros

139 2658 205 2680 cum
228 2651 327 2683 multa
351 2652 580 2684 deliberatione
605 2653 755 2684 discussi:

93 2740 114 2759 45
235 2736 299 2764 236.
319 2739 341 2770 ὃ)
362 2749 428 2765 corr.
447 2749 476 2765 ez
494 2741 574 2773 ipsius
593 2740 751 2773 beneplacita
770 2740 874 2765 ecclesie
895 2748 914 2764 c.
1005 2739 1027 2769 b)
1047 2747 1127 2770 supra
1147 2738 1239 2762 lineam
1259 2737 1319 2761 (uid.
1339 2745 1358 2761 c.

237 2815 262 2846 1)
282 2815 500 2841 Kaltenbrumzer
518 2817 534 2842 l.
547 2825 567 2843 c.
581 2820 629 2843 160
649 2824 688 2842 ην.
703 2820 756 2842 167.
843 2817 870 2849 2)
890 2816 905 2853 ι’.
919 2823 938 2841 c.
958 2823 999 2842 ur.
1010 2818 1066 2841 235.

236 2873 272 2891 ιι.
285 2875 492 2893 CONSTlTUTloNES
506 2876 538 2893 111.
1527 2860 1559 2885 29
