2259 3164
149 713 172 732 10

148 969 171 987 15

148 1221 173 1240 20

150 1481 173 1500 2⁵

150 1740 175 1759 ³0

149 1997 174 2017 35

148 2255 175 2273 40

152 2514 175 2533 ⁴5

152 2779 176 2798 50

650 154 799 180 SCRIPTA
822 154 928 179 PACls.
967 155 1040 181 1279.
1062 156 1136 181 1283.
1173 156 1220 181 ΝΥ.
1235 156 1291 182 627.
1311 156 1369 181 6282
1765 159 1825 188 607

300 243 324 270 1.
358 239 518 275 Quantum
542 240 582 269 sit
606 240 856 270 emolumentum
881 241 968 280 pacis
993 244 1024 271 et
1048 241 1226 272 hominibus
1251 245 1282 271 et
1306 243 1410 280 terris,
1440 243 1469 272 in
1493 242 1606 283 quibus
1631 253 1694 283 pax
1719 243 1826 283 vigere

190 292 394 330 disnoscitur,
420 294 452 321 et
478 290 564 331 quod
588 300 629 321 ex
653 291 787 321 adverso
813 291 1039 322 detrimentum
1063 293 1103 322 sit
1127 294 1172 323 eis
1196 294 1292 331 intus,
1321 305 1398 334 qnos
1422 293 1583 324 hominum
1608 293 1825 334 pestilencium

190 347 222 375 et
244 352 466 384 perversorum
490 342 673 382 malignitas
697 342 782 373 nullo
807 343 894 383 pacis
918 346 973 373 aut
995 344 1118 374 iusticie
1142 345 1255 375 timore
1280 345 1467 381 refrenatur,
1492 346 1630 376 omnium
1654 345 1824 386 prudencia

189 406 250 426 non
283 395 417 435 ignorat.
463 393 505 424 Et
535 394 560 423 si
589 394 736 434 princeps
769 404 805 424 ae
840 399 995 425 terrarum
1027 395 1147 425 domini
1179 397 1352 436 suscipiunt
1386 407 1497 436 pacem
1529 397 1657 437 populo,
1694 402 1765 427 tunc
1797 398 1827 426 in

189 445 350 485 fidelibus,
383 444 525 483 vasallis,
559 445 739 475 civitatibus
763 449 859 485 atque
884 445 1019 476 subditis
1042 446 1163 477 valebit
1185 448 1309 477 iusticia
1333 448 1479 488 reperiri,
1512 449 1570 478 nisi
1598 449 1680 478 enim
1705 448 1825 478 iusticia

190 501 223 529 et
245 507 309 538 pax
332 507 365 527 se
389 497 506 526 mutuis
530 496 686 536 recipiant
710 496 840 535 osculis,
864 507 996 527 necesse
1024 500 1072 527 est
1096 498 1270 528 secundum
1295 499 1500 539 prophetam,
1533 502 1568 528 ut
1592 502 1623 529 et
1650 499 1743 539 longe
1768 504 1829 529 stet

189 549 312 580 iusticia
336 551 368 578 et
391 548 508 578 veritas
531 550 658 578 corruet
680 548 711 577 in
735 547 877 588 plateis1.
910 548 990 578 Cum
1015 549 1110 588 igitur
1134 559 1197 589 pax
1220 549 1385 589 bonusque
1410 553 1510 580 status
1534 550 1623 580 nobis
1648 550 1734 580 cordi
1758 551 1828 585 sint,

190 602 270 632 sicut
293 599 425 635 debent,
460 602 570 629 notum
595 609 664 630 esse
690 599 835 629 volumus
859 602 924 629 tam
949 600 1085 639 posteris
1109 611 1204 640 quarn
1228 601 1443 640 presentibus,
1479 601 1563 641 quod
1586 611 1642 631 nos
1666 601 1727 631 fide
1755 601 1829 631 data

190 652 440 692 iuramentisque
471 651 612 691 prestitis
641 650 840 681 confederati
869 661 992 689 sumuS,
1027 651 1071 681 ita
1106 651 1191 691 quod
1221 652 1371 692 quilibetu
1407 652 1459 682 alii
1491 651 1589 682 debet
1619 653 1765 682 assistere
1799 653 1828 682 in

191 703 335 734 omnibus
358 703 446 733 iustis
470 702 582 732 causis.

296 756 323 785 2.
356 753 449 784 Unde
481 754 506 783 si
535 753 683 794 cuiquam
714 753 753 784 de
785 754 946 794 premissis
976 753 1187 794 principibuS,
1223 753 1357 784 dominis
1392 755 1441 784 vel
1476 764 1584 784 eorum
1614 755 1740 785 vasallis
1775 758 1829 785 ant

190 805 370 837 civitatibus
393 804 444 835 vel
468 805 632 835 civitatum
660 804 771 835 incolis
800 805 866 835 sive
896 805 997 835 eciam
1022 804 1262 845 quibuscunque
1293 805 1474 835 rurensihus
1502 806 1550 835 vel
1583 806 1705 836 villanis
1729 809 1829 836 terras

189 858 321 888 istorum
345 856 522 897 principum
554 859 586 886 et
610 855 809 886 dominorum
840 857 890 887 vel
923 857 1024 887 eciam
1053 856 1137 887 bona
1165 856 1357 887 vasallorum
1389 857 1637 887 inhabitantibus
1667 858 1829 898 quitquam

189 909 301 939 iniurie
325 907 376 938 vel
400 907 535 938 indebiti
559 908 752 948 gravaminis
776 908 899 938 illatum
924 908 1034 947 fuerit,
1067 918 1163 949 super
1192 908 1264 938 talis
1294 908 1485 948 gravaminis
1510 909 1621 938 iniuria
1650 919 1758 939 omnes
1788 908 1829 938 ad

189 960 269 991 hanc
304 958 604 990 confederacionem
643 959 839 999 pertinentes
877 959 1089 1000 peticionibus
1128 963 1160 990 et
1193 959 1487 1000 procuracionibus,
1525 960 1636 1000 quibus
1671 964 1827 1000 poterunt,

190 1011 336 1043 ordinare
361 1010 549 1049 studebunt,
581 1010 666 1050 quod
695 1011 766 1040 talis
796 1011 908 1041 iniuria
932 1014 1131 1041 retractetur.
1179 1010 1211 1041 Si
1235 1021 1309 1041 vero
1340 1010 1396 1040 tali
1419 1011 1470 1040 via
1492 1010 1572 1040 infra
1596 1021 1738 1041 mensem
1762 1011 1829 1041 finis

192 1062 318 1094 debitus
349 1072 413 1093 non
441 1061 538 1092 fuerit
566 1065 756 1092 consecutus
790 1066 822 1092 et
853 1063 878 1092 si
909 1063 1121 1102 gravaminisb
1153 1063 1265 1092 iniurie
1299 1065 1407 1092 eontra
1445 1062 1603 1092 iusticiam
1634 1062 1720 1092 illate
1759 1066 1830 1092 sunt

190 1114 324 1145 dominis
348 1116 404 1144 aut
426 1113 568 1152 vasallis7
603 1116 676 1143 ωηο
699 1113 783 1144 dicte
813 1114 959 1144 civitates
983 1114 1187 1144 coniuncttiln
1217 1124 1288 1143 cum
1317 1113 1460 1143 (lucentis
1485 1113 1652 1143 dextrariis
1676 1114 1777 1143 eciam
1802 1114 1831 1143 in

190 1165 250 1196 hoc
274 1165 415 1206 presenti
443 1165 530 1195 bello
562 1168 594 1195 et
622 1170 766 1205 gwerrac
797 1165 936 1195 servient
960 1165 1096 1195 dominis
1127 1170 1159 1195 et
1182 1164 1310 1195 vasallis
1340 1165 1404 1194 suis
1427 1165 1563 1204 propriis
1591 1164 1648 1194 sub
1673 1164 1830 1204 expensis,

192 1217 231 1248 de
255 1216 369 1258 quibus
396 1217 465 1257 ipse
495 1216 640 1246 civitates
668 1216 898 1257 quinquaginta
923 1216 1102 1247 dextrarios
1131 1217 1193 1247 iam
1218 1217 1421 1257 quitaverunt
1444 1226 1514 1246 cum
1539 1215 1666 1251 domino
1690 1215 1831 1245 Iohanne

191 1268 271 1299 duce
296 1268 450 1307 Saxonie,
481 1278 521 1298 ex
552 1278 590 1298 eo
626 1267 711 1308 quod
740 1267 827 1298 mille
859 1278 965 1298 marce
997 1267 1227 1298 Lubicenoium
1263 1267 1465 1298 denariorum
1496 1266 1556 1297 sibi
1586 1277 1623 1297 ac
1652 1266 1831 1297 civitatibus

191 1322 263 1350 sunt
286 1319 413 1357 collate,
438 1318 519 1360 qued
544 1319 631 1349 mille
655 1329 774 1359 marce,
798 1320 823 1349 si
839 1319 1019 1350 civitatibus
1036 1320 1196 1350 restistute
1221 1319 1347 1358 fuerint,
1373 1323 1444 1349 tunc
1470 1319 1536 1359 ipse
1560 1319 1699 1348 servient
1718 1319 1831 1348 iterum

191 1371 360 1402 dextrariis
384 1381 455 1401 cum
480 1370 655 1401 ducentisd.

297 1424 324 1453 3.
351 1421 384 1452 Si
407 1432 482 1452 vero
508 1422 689 1452 civitatibus
718 1425 750 1453 et
777 1433 886 1453 earum
915 1422 1181 1453 inhabitatoribus
1210 1422 1355 1452 iniuriam
1386 1421 1578 1461 gravaminis
1602 1420 1709 1451 inferri
1733 1421 1831 1451 conti-

193 1475 284 1516 gerit,
309 1484 404 1514 super
428 1474 483 1504 tali
507 1475 692 1514 gravamine
710 1474 813 1504 modis
830 1474 1006 1514 prehabitis
1024 1484 1133 1504 omnes
1157 1474 1198 1504 ad
1214 1474 1307 1503 istam
1325 1472 1623 1503 confederacionem
1638 1472 1832 1512 pertinentes

191 1526 402 1567 peticionibus
427 1528 459 1555 et
482 1525 740 1565 promocionibus
763 1525 833 1555 aliis
857 1525 938 1555 infra
962 1536 1103 1555 mensem
1128 1525 1256 1561 facient,
1281 1523 1435 1565 quidquid
1459 1526 1617 1564 poterunt‚
1647 1523 1731 1563 quod
1755 1523 1832 1553 illud

190 1578 222 1608 in
245 1580 362 1608 statum
386 1576 529 1607 debitum
554 1576 735 1607 reducatur.
783 1576 825 1607 Et
849 1577 874 1607 si
898 1577 970 1607 talis
998 1577 1111 1606 iniuria
1134 1577 1185 1606 via
1212 1575 1393 1606 huiusmodi
1421 1575 1585 1605 retractari
1614 1585 1674 1604 non
1703 1574 1829 1609 valebit,

191 1629 364 1669 principes,
400 1628 520 1659 domini
550 1631 582 1658 et
612 1628 723 1659 vasalli
754 1629 817 1659 iam
849 1628 924 1659 dicti
959 1629 1016 1658 sub
1052 1629 1115 1658 suis
1140 1628 1305 1668 expensise
1335 1627 1471 1667 propriis
1503 1626 1647 1656 civitates
1681 1625 1832 1656 iuvabunt

193 1683 225 1711 et
254 1691 362 1711 earum
393 1680 513 1710 incolas
541 1691 613 1710 cum
644 1680 884 1721 quadringentis
915 1681 1095 1719 dextrariis7
1162 1679 1286 1720 preterf
1317 1679 1477 1709 dominum
1508 1678 1682 1708 Iohannem
1718 1677 1831 1707 ducem

193 1731 331 1762 Saxonie
362 1735 394 1762 et
423 1731 633 1762 Helmoldum
665 1736 697 1762 et
725 1732 893 1763 Nicolaum
926 1733 1058 1763 comites
1088 1732 1127 1762 de
1161 1732 1285 1762 Zwerin
1314 1742 1435 1761 necnon
1466 1730 1627 1761 dominum
1656 1728 1831 1759 Iohannem

192 1783 477 1824 Magnopolensem
512 1787 609 1824 atque
645 1783 807 1814 dominum
842 1784 1043 1814 Bernardum
1077 1784 1226 1814 comitem
1261 1783 1300 1813 de
1331 1782 1563 1822 Dannenberg,
1602 1781 1654 1821 qui
1690 1780 1833 1810 dominos

193 1838 315 1865 ceteros
343 1837 375 1865 et
399 1835 544 1865 civitates
575 1846 632 1875 pro
662 1846 717 1865 suo
747 1845 840 1875 posse
869 1835 1033 1873 iuvabunt,
1111 1838 1143 1865 et
1166 1835 1236 1865 aliis
1259 1834 1453 1874 principibus
1478 1836 1509 1863 et
1533 1832 1666 1862 dominis
1690 1842 1723 1862 se
1747 1831 1829 1861 nulla

192 1887 319 1917 racione
343 1886 518 1927 adiungent
545 1897 604 1917 nec
633 1887 663 1916 in
687 1887 832 1917 civitates
856 1897 966 1917 eorum
991 1890 1022 1917 et
1045 1887 1241 1916 municiones
1265 1885 1447 1926 quempiam
1478 1885 1509 1914 in
1534 1884 1704 1923 dampnum
1730 1883 1831 1913 domi-

192 1948 302 1969 norum
331 1942 363 1969 et
393 1939 557 1968 civitatum
593 1938 650 1968 sub
681 1937 946 1968 confederacione
980 1937 1123 1978 predicta
1160 1937 1378 1967 conclusorum
1411 1936 1621 1966 intromittent
1655 1945 1713 1964 nec
1748 1935 1832 1974 ipsas

193 1989 311 2020 debent
335 1990 482 2030 cuiquam
506 1989 656 2030 aperires.

297 2044 326 2071 4.
357 2041 509 2072 Ceterum
540 2042 565 2071 si
594 2041 747 2082 predictis
776 2041 986 2082 principibus7
1020 2040 1155 2071 dominis
1185 2043 1217 2070 et
1245 2039 1372 2069 vasallis
1402 2042 1498 2078 atque
1523 2037 1703 2068 civitatibus
1732 2038 1830 2067 visum

192 2091 286 2122 fuerit
310 2092 474 2132 expedire,
499 2092 584 2133 quod
608 2091 649 2123 ad
672 2103 771 2133 aquas
795 2093 921 2132 navigio
946 2092 986 2122 de
1011 2092 1173 2132 premissis
1197 2092 1362 2131 quitquam
1384 2090 1571 2120 contractari
1597 2088 1728 2125 debeat,
1760 2092 1831 2118 tunc

192 2154 248 2183 pro
279 2143 423 2184 quolibet
450 2144 633 2174 centenario
658 2143 892 2174 dextrariorum
918 2144 1098 2184 principesg
1130 2146 1161 2173 et
1191 2142 1309 2172 domini
1339 2152 1401 2171 una
1431 2151 1502 2171 cum
1532 2140 1732 2170 civitatibus&
1760 2150 1829 2170 euni

194 2194 337 2226 ducentis
360 2196 491 2225 armatis
514 2196 588 2225 viris
612 2195 695 2226 bene
720 2195 880 2235 expeditis
903 2195 1030 2235 navigio
1055 2195 1203 2229 servient,
1229 2197 1381 2234 quantum
1406 2195 1545 2233 possunt.

299 2249 326 2277 5.
357 2246 513 2277 Preterea
545 2247 570 2277 si
605 2247 680 2277 dicti
715 2247 874 2287 principes
909 2250 940 2277 et
972 2246 1090 2277 domini
1126 2256 1197 2276 eum
1235 2244 1414 2275 civitatibus
1450 2244 1573 2284 equites
1613 2242 1730 2273 bellum
1766 2243 1830 2271 sive

193 2308 349 2338 gwerram
374 2298 519 2339 aggressi
542 2298 672 2335 fuerint,
705 2301 778 2328 tunc
803 2309 949 2328 rurenses
979 2301 1010 2328 et
1033 2297 1140 2327 villani
1164 2301 1264 2327 terras
1288 2296 1444 2326 dictorum
1468 2295 1645 2335 principum
1674 2297 1706 2324 et
1729 2293 1829 2323 ‹loini-

193 2359 304 2380 norum
335 2349 550 2380 inhabitantes
582 2349 622 2380 de
655 2349 851 2390 quibuslibet
881 2360 938 2380 sex
970 2349 1086 2379 mansis
1121 2359 1191 2378 cum
1221 2358 1282 2378 uno
1314 2358 1395 2387 equo
1426 2346 1584 2377 servient¹¹
1616 2349 1647 2375 et
1676 2356 1736 2375 uno
1766 2346 1829 2374 viro

194 2401 289 2431 armis
313 2401 373 2431 sibi
397 2401 584 2431 decentibus
608 2400 770 2441 expedito.

300 2454 327 2483 6.
358 2452 442 2483 Item
472 2453 498 2482 si
526 2452 642 2492 prefati
671 2452 790 2482 domini
819 2451 926 2493 [cum]i
951 2451 1131 2481 civitatilnis
1160 2451 1358 2480 inimicorum
1387 2452 1488 2479 terras
1516 2448 1701 2478 intraverint
1729 2450 1760 2477 et
1787 2447 1828 2476 ibi

194 2513 251 2543 per
274 2504 473 2542 exactiones,
509 2514 570 2544 que
595 2503 847 2544 vordinginghek
875 2503 1034 2537 dicuntur,
1073 2502 1240 2543 pecuniam
1269 2501 1408 2541 aliquam
1438 2500 1487 2530 vel
1518 2499 1599 2529 bona
1628 2499 1829 2538 acquisierint

294 2579 359 2606 6⁸28.
381 2580 403 2612 b)
423 2582 572 2613 gravamine
591 2590 628 2605 or.
718 2581 739 2612 c)
759 2585 847 2605 contra
870 2581 984 2604 dominos
1009 2580 1167 2604 marchiones
1186 2579 1247 2603 add.
1267 2579 1303 2608 ΙΙΙ,
1329 2578 1372 2602 sed
1397 2578 1485 2601 deleta.
1575 2575 1597 2599 Α)
1618 2576 1830 2607 que——ducentis

194 2623 282 2648 (lesum
302 2624 338 2648 ill.
435 2625 457 2654 e)
478 2624 525 2647 sub
545 2625 597 2648 suis
623 2624 740 2655 expensis
763 2624 853 2647 (Iesum
878 2623 914 2647 M.
1006 2622 1026 2651 s)
1048 2623 1100 2646 loco
1120 2626 1243 2654 preter—
1263 2622 1359 2653 aperire
1380 2621 1422 2643 Jl:
1443 2625 1467 2644 et
1491 2620 1515 2642 in
1539 2619 1655 2642 omnibus
1680 2619 1763 2647 terris,
1787 2619 1831 2641 sed

194 2666 285 2690 deleta.
355 2666 380 2698 Β)
400 2667 454 2690 loco
474 2666 796 2698 principes—civitatibus
817 2666 858 2689 M:
878 2666 1000 2690 civitates.
1071 2664 1095 2695 h)
1114 2665 1224 2695 seqailnr
1243 2664 1360 2696 pelfredo.
1380 2663 1423 2686 scd
1442 2663 1545 2686 deletum
1568 2662 1602 2684 Jl.
1674 2660 1689 2681 i„
1710 2661 1775 2685 deest
1794 2670 1831 2685 or.

193 2707 218 2740 k)
236 2710 375 2742 vordinghe
394 2709 430 2737 A;
448 2710 634 2741 vordinginghe
654 2709 690 2732 M.

298 2778 321 2809 1)
342 2777 380 2802 Is.
399 2780 438 2808 59,
454 2781 491 2802 14.
