2259 3116
453 128 513 156 208
828 123 984 150 ffliinnffli
1005 124 1108 150 ltEels
1127 122 1447 149 eoNs'i*1'rU'rloNEs.
1488 121 1558 147 1219.
1597 121 1643 146 Nr.
1656 121 1714 146 222.

452 212 595 242 Romane
614 211 768 252 depereat
784 214 848 241 tam
867 211 952 242 circa
970 210 1207 252 possessionem
1226 220 1320 251 quam
1338 210 1423 240 eirca
1440 208 1670 250 proprietatem
1687 207 1719 238 in
1737 207 1931 246 civitatibus,
1950 207 2042 238 terris
2059 211 2091 238 et

451 264 528 294 locis
545 263 677 305 prefatis
695 274 731 293 ac
749 262 941 301 hominibus,
966 262 1089 293 iuribus
1107 265 1139 293 et
1156 262 1427 292 iurisdictionibus
1445 259 1630 292 eorundem.
1713 258 1761 300 (5)
1780 258 1822 290 Et
1839 259 1913 300 quia
1929 258 2022 290 decet
2038 270 2089 291 re-

452 316 542 356 gales
566 318 656 346 actus
681 315 712 345 in
742 314 827 345 omni
860 315 1005 346 claritate
1034 314 1225 356 procedere,
1261 318 1296 344 ut
1331 324 1458 344 omnem
1490 312 1736 350 obscuritatem,
1774 321 1869 352 quam
1902 311 2089 352 frequenter

451 367 646 408 generalitas
679 366 846 397 consuevit
876 366 1044 404 inducere,
1075 369 1183 397 nostra
1212 366 1304 396 tollat
1333 365 1450 406 regalis
1481 364 1647 405 expressio
1678 374 1714 394 ac
1746 363 1816 393 iura
1843 362 1943 404 ipsius
1978 363 2088 394 matris

452 418 589 450 ecclesie
614 428 671 459 per
694 421 836 449 nostram
861 417 1137 455 declaracionem,
1168 428 1262 459 quam
1287 417 1489 448 decernimus
1515 426 1586 447 esse
1611 418 1818 457 perpetuam,
1843 415 1987 456 plenarie
2012 415 2088 446 soli-

451 470 576 509 dentur,
602 470 868 511 recognoscimuS,
892 470 1031 500 fatemur
1054 473 1087 500 et
1111 469 1240 500 oraculo
1264 468 1424 510 presentis
1443 467 1540 499 edicti
1557 467 1595 498 ad
1614 470 1759 498 eternam
1776 466 1964 497 memoriam
1981 466 2090 497 decla-

451 532 567 559 ramuS,
591 521 753 552 civitatem
772 521 993 552 Rauennatem
1018 525 1050 552 et
1067 521 1227 559 Emiliam,
1252 520 1399 559 Bobium,
1425 519 1594 557 Cesenam,
1619 518 1877 560 Forumpopuliv,
1903 518 2089 559 Forliuium,

450 573 661 611 Favcnciam,
697 573 847 613 Imolam,
881 573 1076 611 Bononiam,
1114 572 1310 609 Ferrariam,
1348 571 1552 609 Comaclum,
1588 571 1742 601 Adi-iamq
1778 573 1873 611 atque
1907 569 2090 611 Gabellum,

451 626 647 663 Ariminum,
671 624 848 664 Vrbinum,
874 624 1158 662 Montemferetrir,
1188 624 1380 654 territorium
1416 623 1598 661 Balnense,
1636 622 1869 664 suprascriptas
1900 622 2089 663 provincias,

451 677 608 715 civitates,
632 677 703 707 loca
727 679 759 707 et
783 676 945 707 territoria
968 686 1092 707 necnon
1117 678 1148 706 et
1171 675 1276 705 omnia
1301 674 1485 716 supradicta
1510 685 1581 705 cum
1604 673 1752 704 omnibus
1770 673 1896 712 finibus,
1921 674 2087 705 territoriis

450 732 545 769 atquc
570 728 681 759 insulis
704 728 736 758 in
760 731 846 759 terra
869 728 1012 769 marique
1043 727 1082 758 ad
1107 727 1302 769 provincias,
1332 727 1495 765 civitates,
1531 726 1694 757 territoria
1726 728 1757 757 et
1787 726 1857 756 loca
1885 726 2089 767 supradictaS

450 780 674 822 quoquomodo
699 780 936 821 pertinentibus
961 779 1001 810 ad
1018 779 1147 810 beatum
1164 779 1296 810 Petrum
1314 778 1443 810 celestis
1461 778 1551 819 regni
1567 777 1761 818 clavigerum
1779 780 1811 808 et
1827 777 1867 808 ad
1884 788 1940 809 vos
1964 780 2089 820 patrem

451 832 691 863 beatissimumt
708 831 868 862 dominum
886 831 1052 862 Nicolaum
1062 836 1076 849 ¹¹
1093 842 1208 872 papam
1226 830 1286 861 ΙΙΙ.
1306 833 1337 860 et
1360 830 1400 861 ad
1425 839 1627 861 successores
1652 832 1774 860 vestros
1798 829 1960 861 Romanos
1985 831 2089 872 ponti-

451 884 526 915 fices
552 887 583 915 et
608 883 647 914 ad
671 884 772 925 ipsam
790 883 969 914 Romanam
995 883 1163 914 eeclesiam
1187 882 1282 924 pleno
1308 883 1376 912 iure
1402 892 1439 913 ae
1463 882 1588 922 integre
1606 892 1669 912 non
1687 881 1790 912 solum
1807 881 1838 912 in
1857 882 2088 923 spiritualibus,

451 935 507 966 scd
532 935 631 966 eciam
656 935 687 966 in
712 935 942 976 temporalibus
975 935 1005 965 in
1038 933 1174 965 solidum
1203 934 1366 975 pertinere
1395 944 1431 964 ac
1461 934 1557 964 vestri
1589 937 1621 964 et
1652 933 1753 975 ipsius
1776 932 1920 965 Romane
1952 935 2088 966 ecclesie

450 987 536 1028 pleni
560 986 788 1017 iurisdictionis
813 997 849 1017 ac
874 986 1070 1027 principatus
1095 986 1247 1017 existere.
1336 985 1385 1026 (6)
1410 985 1451 1016 Et
1467 985 1507 1016 ad
1525 996 1651 1016 omnem
1670 985 1884 1016 dubitacionis
1903 986 2086 1028 scrupulum

451 1038 481 1068 in
506 1042 668 1079 posterum
699 1038 904 1074 abolendum,
936 1041 971 1068 ut
1002 1041 1033 1068 et
1064 1040 1173 1068 nostra
1203 1037 1337 1068 devocio
1370 1047 1447 1078 erga
1476 1037 1578 1078 ipsam
1609 1040 1744 1068 matrem
1774 1037 1946 1068 ecclesiam
1970 1038 2086 1069 clarius

451 1089 620 1127 enitescat,
654 1089 798 1131 predicta
821 1090 928 1120 omnia
952 1092 984 1120 et
1008 1089 1135 1130 singula
1159 1093 1223 1120 tam
1248 1089 1384 1130 propriis
1409 1099 1466 1120 seu
1491 1088 1685 1130 specialibus
1710 1089 1961 1130 provinciarum,
1986 1092 2086 1120 terra-

450 1151 532 1179 rum,
564 1141 728 1171 civitatum
759 1144 854 1182 atque
884 1141 1025 1171 locorum
1057 1151 1212 1182 expressa
1244 1140 1425 1180 vocabulis,
1457 1151 1551 1182 quam
1576 1141 1676 1172 eciam
1703 1151 1765 1172 non
1792 1151 1963 1182 expressa,
1992 1145 2086 1183 prout

450 1192 565 1222 melius
590 1193 675 1223 valet
700 1196 731 1223 et
755 1192 936 1223 efficaciusv
961 1193 1113 1233 intelligi,
1138 1192 1199 1234 ipsi
1224 1192 1410 1223 beatissimo
1435 1192 1531 1223 Petro
1565 1195 1598 1223 et
1626 1192 1731 1231 vobis,
1762 1192 1965 1223 sanctissime
1996 1195 2088 1234 pater

449 1244 576 1274 domine
608 1243 647 1274 N.
678 1255 761 1285 papa
786 1244 851 1283 III,
886 1247 917 1275 et
947 1255 1004 1285 per
1037 1254 1092 1274 vos
1123 1244 1365 1275 successoribus
1396 1244 1511 1275 vestris
1540 1243 1697 1275 Romanis
1729 1243 1931 1286 pontificibus
1965 1247 1998 1275 et
2027 1245 2087 1287 ipsi

449 1295 595 1326 Romane
621 1296 755 1326 ecclesie
780 1295 819 1327 de
845 1306 925 1326 novo
949 1295 1049 1326 libere
1075 1299 1107 1326 et
1130 1295 1272 1337 plenarie
1297 1300 1483 1332 concedimus,
1508 1301 1676 1327 conferimus
1701 1302 1729 1327 et
1752 1301 1895 1333 donamus,
1919 1302 1951 1327 ut
1974 1301 2084 1328 sublata

450 1352 538 1377 omnis
563 1352 754 1378 contencionis
778 1354 806 1378 et
830 1352 1010 1378 dissensionis
1035 1352 1167 1383 materia,
1200 1354 1277 1378 firma
1307 1362 1360 1386 pax
1391 1354 1419 1379 et
1442 1353 1526 1387 plena
1550 1353 1698 1379 eoncordia
1722 1353 1796 1379 inter
1819 1352 1963 1379 ecelesiam
1987 1355 2016 1380 et
2038 1353 2086 1379 im-

448 1403 555 1437 perium
573 1406 761 1437 perseverent.
845 1400 892 1441 (7)
918 1404 954 1430 Ut
977 1406 1071 1430 autem
1095 1404 1145 1430 hec
1170 1404 1263 1430 omnia
1281 1404 1358 1431 vobis
1376 1406 1531 1431 memorato
1548 1405 1724 1443 sanctissimo
1741 1405 1816 1439 patri
1832 1406 1929 1431 nostro
1941 1405 1960 1418 w
1976 1405 2086 1432 domino

450 1450 616 1492 Nycolaou
640 1457 814 1482 sacrosancte
839 1456 961 1482 Romane
986 1456 1101 1482 ecclesie
1125 1465 1231 1482 summo
1256 1456 1382 1490 pontifici
1414 1457 1570 1490 vestrisque
1599 1457 1804 1484 successoribus
1835 1459 1863 1484 et
1886 1457 1940 1492 ipsi
1963 1457 2085 1484 Romane

449 1507 564 1533 ecclesie
589 1517 637 1541 per
660 1517 710 1534 nos
734 1510 762 1534 et
785 1510 895 1535 nostros
920 1517 1090 1534 successores
1116 1508 1303 1535 Romanorum
1325 1518 1404 1543 reges
1429 1511 1457 1535 et
1480 1509 1665 1543 imperatores
1688 1509 1717 1535 in
1750 1511 1917 1543 perpetuum
1941 1509 2085 1536 observen-

449 1561 494 1585 tur
517 1561 649 1593 firmaque.
674 1569 782 1594 semper
805 1562 833 1586 et
857 1556 1067 1587 inconcussa*
1092 1563 1282 1594 permaneant,
1308 1570 1422 1595 presens
1446 1560 1553 1588 nostre
1578 1557 1823 1598 recognicionis,
1848 1557 2085 1596 declaracionis,

450 1607 668 1638 concessionis
694 1611 725 1638 et
749 1608 935 1638 donacionis
960 1612 1137 1647 privilegium
1156 1608 1194 1639 de
1213 1609 1416 1639 consciencia
1433 1612 1542 1640 nostra
1559 1612 1591 1640 et
1609 1619 1765 1651 expresso
1783 1609 1933 1640 mandato
1950 1613 2084 1648 conscrip-

453 1665 510 1689 tum
535 1663 664 1689 iussimus
689 1670 786 1690 aurea
814 1659 902 1690 bulla
932 1661 1057 1701 typario
1090 1663 1197 1691 nostre
1230 1661 1416 1702 magestatis
1444 1661 1592 1702 inpressa
1621 1661 1735 1692 muniri
1760 1672 1797 1692 ae
1821 1662 1925 1702 ipsum
1949 1661 1990 1692 ad
2013 1671 2085 1703 per-

451 1714 580 1751 petuam
606 1710 801 1742 soliditatem
827 1714 857 1742 et
881 1711 1107 1743 certitudinem
1133 1712 1223 1743 vobis
1242 1716 1272 1743 et
1290 1713 1349 1753 ipsi
1367 1712 1513 1744 Romane
1531 1713 1667 1744 ecclesie
1693 1712 1850 1744 exhiberi.
1940 1713 1988 1754 (8)
2006 1713 2084 1744 Pro-

451 1762 606 1792 mittimus
624 1762 762 1804 insuper.
788 1763 871 1804 quod
891 1766 1058 1805 postquam
1077 1764 1211 1794 Romam
1235 1764 1275 1795 ad
1299 1764 1535 1806 recipiendamy
1559 1765 1758 1803 unccionem,
1785 1764 2029 1796 coronacionem
2053 1768 2086 1796 et

449 1813 615 1853 imperiale
639 1814 797 1855 dyadema
822 1815 1062 1856 pervenerimus
1088 1815 1222 1856 ipsaque
1248 1816 1497 1857 perceperimus,
1523 1816 1606 1847 infra
1630 1820 1701 1847 octo
1719 1816 1788 1847 dies
1806 1817 1964 1858 premissa
1981 1817 2085 1847 omnia

449 1867 480 1894 et
504 1864 630 1905 singula
655 1865 876 1896 innovabimus
901 1870 932 1897 et
956 1866 995 1897 de
1021 1877 1102 1897 novo
1127 1867 1251 1907 integre
1275 1878 1311 1898 ac
1337 1868 1480 1908 plenarie
1504 1868 1691 1899 faciemus2.

556 1915 689 1946 Testes¹¹
714 1920 820 1947 autem
846 1917 889 1947 hii
915 1920 1001 1947 sunt:
1029 1918 1230 1949 venerabiles
1255 1918 1438 1949 Fridericus
1463 1919 1725 1962 archiepiscopus
1751 1919 2081 1962 Salzpurgensis,=10-

451 1967 574 1997 hunncs
598 1966 772 2008 Kymensis
797 1973 828 1998 et
852 1968 1076 1999 NVernhardus
1102 1970 1308 2000 Secouiensis
1339 1971 1548 2002 ecclesiarum
1578 1972 1737 2013 episcopi,
1763 1972 1917 2003 Giffridus
1942 1972 2082 2003 decanus

450 2019 588 2049 ecclesie
614 2019 715 2049 sancti
733 2019 910 2050 Audomari
928 2020 1119 2051 Morimensis
1144 2020 1293 2062 dyocesis
1319 2021 1438 2053 domini
1464 2034 1545 2064 pape
1571 2024 1769 2065 capellanus,
1795 2024 1967 2055 Heinricus
1984 2023 2083 2054 abbas

449 2069 692 2107 Admontensis,
723 2070 873 2102 Nicolaus
910 2072 1153 2103 archidiaconus
1183 2073 1394 2111 Tudertinus,
1431 2075 1571 2106 illustres
1607 2075 1761 2106 Albcrtus
1797 2079 1829 2107 et
1867 2075 2084 2107 Hartmannus

449 2122 565 2151 fratres
589 2121 628 2151 (le
647 2121 839 2163 llabspurch
866 2127 897 2154 et
921 2123 960 2153 (le
982 2123 1136 2165 Kyburch
1163 2125 1307 2163 comites,
1333 2126 1502 2166 lantgravii
1520 2127 1660 2163 Alsacie,
1686 2127 1739 2157 filii
1765 2128 1875 2166 nostri,
1900 2138 1937 2158 ae
1960 2129 2084 2168 specta-

450 2172 530 2202 biles
566 2173 622 2202 viri
658 2173 840 2204 Fridericus
877 2174 1068 2215 burgravius
1104 2176 1142 2207 de
1172 2176 1399 2215 Nurenberch,
1435 2178 1609 2209 Ilainricus
1647 2179 1788 2210 marchio
1824 2179 1863 2210 de
1898 2178 2081 2220 Hahperch‚

448 2222 656 2253 Burebardus
681 2224 720 2255 de
747 2224 964 2256 lIolienbereh
990 2230 1021 2257 et
1046 2226 1218 2258 lleinricus
1242 2228 1281 2259 dc
1309 2228 1545 2260 Furstenbercli
1570 2231 1715 2264 comites,
1740 2230 1913 2262 Heinricus
1932 2230 2078 2262 Sluzelli-

451 2285 509 2304 nus
535 2275 719 2315 capellanus
743 2279 859 2310 noster.
886 2278 1039 2317 magister
1064 2278 1253 2310 Chunradus
1279 2279 1316 2310 dc
1341 2280 1581 2322 Ilerwolingen,
1607 2283 1760 2323 magister
1785 2283 1930 2323 Angelus
1955 2282 2081 2313 canoni-

450 2336 505 2355 eus
537 2326 646 2356 Sancti
678 2326 843 2358 Valentini
874 2328 912 2359 (10
946 2329 1132 2363 Ferentino.
1167 2331 1337 2362 Ileinricus
1367 2332 1406 2363 dc
1441 2332 1673 2365 liovbcnberch
1703 2338 1735 2366 et
1759 2334 1920 2366 Iohannes
1951 2333 1989 2365 de
2013 2333 2080 2365 Ho-

449 2376 567 2417 (lingcn
594 2378 709 2408 milites
734 2379 853 2409 ostiarii
880 2381 978 2410 nostri
1004 2385 1034 2411 ct
1060 2392 1153 2422 quam
1179 2383 1288 2423 plures
1312 2384 1375 2414 alii.

552 2465 567 2477 ν
592 2430 724 2469 Signum
750 2430 867 2461 1101111111
897 2432 1017 2462 liudolfi
1047 2433 1258 2464 llum-anorum
1287 2436 1370 2473 regis
1397 2436 1607 2467 invictissimi.
1633 2437 1705 2477 (M.)
1729 2439 1742 2478 ξξ

559 2480 628 2519 Ege
665 2481 820 2512 liudolfus·
851 2483 1025 2523 imperialis
1054 2485 1126 2515 aule
1155 2486 1366 2517 cancellarius
1401 2488 1467 2517 vive
1501 2488 1619 2519 ‹lomini
1650 2488 1821 2520 NVernlieri
1854 2487 2079 2529 archiepiscopi

451 2531 629 2570 Maguntini
655 2544 691 2562 ac
717 2543 772 2573 per
796 2533 1001 2564 Germaniam
1027 2536 1107 2565 sueri
1134 2536 1256 2577 imperii
1283 2538 1557 2570 archivaneellarii
1584 2541 1766 2581 recognovi.

551 2607 614 2632 ΞΗ.
635 2614 657 2634 ik*
681 2611 864 2642 Ι·“1ικιι1ιιι1111111111
893 2612 916 2634 T.
988 2614 1011 2642 ⁸1)
1033 2613 1182 2636 11111111111>4
1210 2614 1232 2637 T.
1305 2620 1323 2642 ’Ἴ
1345 2617 1523 2640 ,1101110111101111
1550 2617 1574 2640 Τ.
1646 2620 1663 2643 ⁸)
1685 2618 1794 2649 predicta
1821 2618 1844 2641 T.
1916 2618 1934 2647 ἵ)
1953 2617 2079 2641 sanctissi-

450 2661 516 2675 11111111
535 2652 559 2675 T.
632 2657 655 2682 ¹¹)
670 2654 698 2677 N.
719 2654 742 2677 T.
815 2659 836 2679 Ὺ)
851 2660 872 2677 vt
888 2655 1015 2678 enimn-ins
1031 2657 1092 2679 valet
1115 2656 1139 2680 Ἰ’,
1211 2662 1239 2678 w,
1255 2658 1321 2681 «last
1340 2658 1364 2682 Ί”.
1437 2662 1457 2674 x*
1475 2660 1738 2689 i1n··un·.·11cuss.·101·.,·
1753 2661 1937 2685 inconvulsa
1956 2659 2036 2684 l'lfcl
2056 2659 2079 2682 Τ-

449 2699 473 2721 Υ)
499 2695 667 2725 recipiendum
700 2696 722 2718 T.
828 2701 847 2717 si
872 2698 981 2727 „quitur
1001 2700 1130 2725 Avium.
1152 2701 1194 2723 ,ml
1218 2701 1323 2724 «hictum
1343 2703 1441 2733 pum-tis
1461 2703 1595 2734 suppositis
1614 2713 1665 2729 072:
1694 2706 1726 2735 ff.
1745 2706 1856 2736 set-ntum
1875 2712 1954 2735 supra
1974 2712 2012 2727 nr.
2025 2704 2078 2727 1116.

449 2742 472 2767 1¹)
493 2739 523 2761 til]
543 2739 587 2762 lieu:
606 2739 678 2762 serbo
698 2739 781 2763 audon
804 2748 887 2769 omnm,
906 2741 949 2764 „ml
969 2745 1108 2766 ary-anunm
1128 2743 1235 2774 snsciori
1254 2754 1290 2768 ur,

2116 688 2140 706 10

2116 943 2138 962 15

2112 1460 2136 1480 25

2112 1721 2136 1740 30

2109 1978 2132 1997 ³⁵

2106 2233 2130 2252 ⁴0

2107 2496 2129 2515 ⁴5

2102 2745 2126 2766 ³0
