2259 3116
336 1573 392 1593 Ner.
401 1577 433 1595 ⁴20,

345 1625 388 1646 lun.
401 1627 425 1645 *23

437 130 476 159 (50
821 122 978 150 RUDOLFI
998 122 1103 150 REGIS
1123 120 1445 149 CONSTITUTIONES.
1482 121 1556 147 1274.
1593 120 1639 147 Nr.
1654 120 1693 147 72.

438 214 505 244 vult
529 213 664 254 principi
690 212 826 253 imperii,
851 211 988 252 optinuit
1013 213 1044 241 et
1062 210 1184 251 optinet
1208 220 1247 240 ex
1270 209 1400 250 antiquo
1414 209 1435 239 ¹.
1524 207 1571 250 (2)
1597 207 1739 239 Sedente
1763 208 1870 249 itaque
1893 218 1950 249 pro
1975 208 2075 240 tribu—

439 266 503 296 nali
527 265 610 295 dicto
636 264 783 295 Palatino
808 264 938 300 comite,
968 273 1024 293 rex
1050 262 1147 303 peciit
1170 262 1273 303 primo
1299 260 1539 291 sentencialiter
1568 259 1714 297 diffiniri,
1744 259 1820 301 quid
1850 260 1919 301 ipse
1951 271 2009 291 rex
2038 260 2077 291 de

438 318 505 348 iure
529 317 631 358 possit
656 319 687 347 et
710 315 828 346 debeat
851 314 960 345 facere
985 314 1024 345 de
1048 313 1157 353 bonis,
1189 323 1250 354 que
1276 312 1460 343 Fridericus
1493 311 1652 353 quondam
1682 311 1875 352 imperator,
1906 315 2077 353 antequam

438 369 503 399 lata
528 371 615 399 esset
640 368 670 398 in
694 368 819 409 ipsumh
845 366 1060 408 deposicionis
1080 365 1256 401 sentencia,
1281 364 1426 406 possedit
1451 368 1482 395 et
1499 364 1601 394 tenuit
1625 363 1759 405 pacifice
1784 366 1817 394 et
1839 363 1958 404 quiete,
1983 366 2015 394 et
2038 363 2078 394 de

438 420 530 451 bonis
561 420 639 450 alias
668 419 803 461 imperio
834 418 1039 457 vacantibus,
1070 428 1130 458 que
1160 417 1244 447 bona
1274 417 1327 446 alii
1353 427 1410 458 per
1433 415 1623 446 violenciam
1653 415 1799 446 detinent
1825 417 1990 456 occupata.
2038 414 2080 446 Et

438 472 672 503 sentenciatum
697 471 772 509 fuit,
808 470 890 512 quod
921 470 990 512 ipse
1020 480 1077 500 rex
1107 469 1146 500 de
1178 468 1323 499 omnibus
1354 467 1471 498 talibus
1496 467 1586 498 bonis
1612 477 1646 497 se
1670 466 1789 498 debeat
1812 467 2023 498 intromittere
2048 469 2080 497 et

438 524 507 565 ipsa
531 523 616 554 bona
639 523 670 553 in
695 533 785 553 suam
808 514 976 553 retrabere
1008 524 1216 563 potestatem;
1249 523 1281 550 et
1311 520 1337 550 si
1367 519 1480 560 aliquis
1510 519 1540 549 in
1574 518 1803 560 recuperandis
1836 519 1956 549 talibus
1986 519 2078 550 bonis

438 576 500 617 ipsi
526 575 594 616 regi
619 585 653 605 se
678 584 842 616 opponere
868 576 1082 615 presumeret,
1106 572 1292 602 iniuriosam
1317 571 1506 601 violenciam
1532 570 1632 611 regali
1657 571 1808 612 potencia
1832 570 1951 601 debeat
1974 570 2078 612 repel-

438 628 504 658 lere
536 630 568 658 et
602 627 671 658 iura
701 626 827 668 imperii
857 636 1060 657 conservare.
1149 622 1195 665 (3)
1221 623 1368 654 Secundo
1392 622 1490 664 peciit
1513 633 1571 653 rex
1596 622 1804 662 sentenciari‚
1838 621 1913 663 quid
1936 622 2013 653 iuris
2039 623 2080 653 sit

438 679 478 710 de
511 689 586 720 rege
611 678 760 716 Boemie,
792 678 845 719 qui
877 688 934 719 per
963 687 1080 707 annum
1107 679 1139 707 et
1163 675 1248 707 diem
1274 678 1306 706 et
1330 675 1467 716 amplius
1493 686 1511 705 a
1535 674 1586 705 die
1612 675 1833 705 coronacionis
1859 674 1943 715 regis
1960 674 2078 705 Roma-

439 730 580 772 n(orum)
606 730 769 761 celebrate
792 729 1005 771 Aquisgrauis
1031 728 1261 759 contumaciter
1286 726 1480 769 supersedit,
1506 726 1590 768 quod
1615 726 1711 757 feoda
1735 737 1793 758 sua
1817 737 1835 757 a
1859 736 1934 767 rege
1958 725 2079 758 Roma-

438 782 579 823 n(o1·um)
603 793 661 814 nec
683 782 781 824 peciit
798 792 858 813 nec
877 781 1007 822 recepit.
1044 781 1087 811 Et
1108 780 1342 811 sentenciatum
1368 779 1427 809 fuit
1452 778 1491 809 ab
1509 779 1656 809 omnibus
1674 778 1870 820 principibus
1896 781 1928 809 et
1951 777 2079 808 baroni-

439 835 509 872 bus,
535 834 619 876 quod
644 835 824 875 quicunque
851 833 918 864 sine
945 843 1043 863 causa
1059 832 1203 873 legitima
1228 842 1285 873 per
1309 831 1544 872 negligenciam
1562 830 1611 861 vel
1629 830 1864 861 contumaciam
1889 840 1946 872 per
1963 840 2081 861 annum

439 890 470 917 et
494 887 577 917 diem
602 887 747 925 steterit7
780 885 864 927 quod
897 885 935 915 de
960 884 1061 916 feodis
1094 884 1160 914 suis
1185 895 1219 915 se
1244 894 1305 914 non
1337 883 1470 924 pecierit
1499 882 1673 919 infeodari,
1705 883 1775 924 ipso
1804 882 1896 923 lapsu
1928 882 2081 923 temporis

440 938 556 969 cecidit
580 949 598 969 a
622 939 690 969 iure
715 938 854 968 omnium
880 936 1045 967 feodorum
1071 946 1210 967 suorum.
1299 935 1347 976 (4)
1372 934 1486 965 Tercio
1511 934 1608 976 peciit
1631 945 1689 965 rex
1714 933 1919 971 sentenciari,
1944 933 2082 975 qualiter

440 994 550 1022 contra
582 1001 691 1031 regem
726 989 860 1020 Boemie
896 988 1030 1020 deberet
1066 987 1239 1030 procedere
1277 986 1315 1018 ad
1351 986 1451 1027 ipsius
1484 985 1718 1016 contumaciam
1748 985 1996 1027 reprimendam.
2041 985 2083 1015 Et

441 1043 607 1073 sentencia
632 1042 691 1072 fuit
714 1041 798 1077 lata,
824 1040 907 1082 quod
933 1040 1093 1082 palatinus
1120 1050 1227 1070 comes
1251 1038 1336 1069 Reni
1360 1048 1416 1079 per
1441 1037 1543 1068 virum
1566 1037 1740 1078 ingenuum
1765 1037 1805 1068 ad
1831 1040 1953 1069 certum
1977 1037 2081 1068 locum

441 1098 473 1125 et
496 1094 580 1125 diem
595 1119 602 1132 ,
626 1094 777 1125 videlicet
800 1094 882 1123 infra
907 1103 964 1123 sex
989 1092 1185 1133 septimanas
1210 1094 1241 1122 et
1266 1094 1331 1121 tres
1357 1090 1424 1121 dies
1450 1101 1467 1121 a
1491 1089 1542 1120 die
1568 1089 1675 1120 iudicii
1699 1088 1922 1129 numerandos,
1947 1088 2083 1120 deberet

441 1147 560 1177 dictum
586 1156 696 1187 regem
723 1146 820 1176 citare
847 1155 953 1175 coram
979 1144 1049 1186 ipso
1067 1143 1217 1174 Palatino
1243 1142 1466 1184 questionibus
1491 1142 1576 1183 regis
1602 1152 1697 1184 super
1714 1141 1916 1172 contumacia
1934 1151 2082 1183 peremp-

442 1199 521 1229 torie
548 1208 794 1239 responsmunu
820 1199 852 1227 ct
877 1196 902 1226 si
926 1196 1086 1237 ingenuus
1112 1196 1235 1226 electus
1260 1194 1301 1225 ad
1318 1194 1507 1225 citacionem
1526 1193 1706 1225 faciendam
1725 1196 1887 1224 assereret
1910 1196 1942 1224 et
1965 1193 2080 1224 confir-

441 1254 544 1281 maret
568 1250 697 1292 proprio
715 1250 906 1285 iuramento,
932 1248 1015 1289 quod
1042 1248 1082 1279 ob
1108 1251 1238 1284 metum,
1264 1247 1316 1287 qui
1336 1246 1451 1277 cadere
1476 1249 1583 1287 potest
1607 1246 1637 1276 in
1664 1250 1865 1277 constantem
1884 1245 1996 1285 virum,
2020 1255 2082 1275 non

442 1302 577 1333 auderet
606 1312 640 1332 se
670 1302 769 1343 ipsius
801 1301 885 1341 regis
910 1300 1043 1331 Boemie
1069 1299 1292 1341 conspectibus
1317 1302 1504 1340 presentare
1530 1297 1580 1328 vel
1605 1300 1721 1327 terram
1745 1297 1831 1338 regis
1855 1296 1991 1338 ingredi,
2017 1296 2081 1328 suf-

444 1354 557 1385 ficeret
582 1353 720 1384 edictum
744 1353 905 1392 publicum
930 1352 1065 1394 proponi
1090 1352 1121 1382 in
1146 1352 1216 1393 ipsa
1241 1351 1408 1392 sollempni
1434 1350 1523 1380 curia
1547 1353 1579 1380 et
1603 1350 1791 1380 eitacionem
1816 1349 1882 1380 fieri
1900 1349 2028 1390 publice
2052 1349 2083 1380 in

443 1406 572 1436 civitate
602 1406 651 1437 vel
686 1405 803 1447 oppido
840 1404 997 1446 sepedicti
1023 1404 1147 1435 comitis
1172 1403 1312 1434 Palatini
1345 1412 1442 1441 regno
1478 1401 1613 1432 Boemie
1644 1402 1715 1443 plus
1740 1401 1854 1432 vicino.
1902 1400 1945 1431 Ut
1975 1404 2083 1432 autem

444 1458 549 1488 omnia
574 1457 785 1499 procederent
809 1456 964 1495 ordinato,
990 1456 1029 1486 ad
1054 1455 1233 1486 facienda-m
1259 1454 1540 1496 presentat-,ionem
1567 1453 1731 1484 citacionis
1757 1463 1815 1483 sex
1841 1453 2026 1494 septimanis
2051 1456 2083 1484 et

445 1509 549 1540 tribus
575 1509 688 1539 diebus
714 1509 930 1550 superadditis
956 1508 1065 1539 decem
1092 1512 1123 1539 et
1147 1511 1217 1538 octo
1242 1507 1370 1543 diebus,
1400 1506 1430 1536 in
1463 1516 1588 1536 summa
1612 1505 1685 1536 date
1709 1509 1782 1536 sunt
1805 1505 1932 1536 inducie
1956 1505 2082 1546 prefato

447 1562 515 1602 regi
534 1561 666 1592 Boemie
686 1571 799 1591 novem
824 1561 1010 1595 ebdomade,
1035 1571 1053 1591 a
1071 1560 1260 1590 duodecimo
1282 1558 1354 1589 Kal.
1372 1558 1543 1589 Decemb-r.
1561 1557 1774 1598 eonputande,
1798 1558 1842 1588 ita
1859 1556 1942 1598 quod
1959 1556 2083 1588 decimo

446 1612 518 1643 Kal.
544 1612 640 1644 Febr.
665 1613 733 1654 ipse
764 1624 821 1643 rex
846 1612 977 1643 Boemie
1003 1623 1108 1643 coram
1135 1612 1259 1653 prefato
1284 1610 1398 1641 comite
1423 1610 1565 1651 palatino
1590 1609 1674 1640 Reni
1697 1610 1728 1640 in
1751 1609 1983 1650 Herbipolensi
2007 1609 2083 1639 civi-

445 1668 510 1695 tate
528 1664 646 1695 debeat
670 1675 855 1706 conparere,
880 1665 1020 1706 alioquin
1040 1667 1150 1695 contra
1168 1664 1269 1705 ipsum
1288 1665 1381 1704 prout
1398 1662 1446 1692 ius
1463 1662 1647 1703 permiserit
1660 1661 1860 1702 procedetur.
1939 1659 1986 1702 (5)
2004 1660 2082 1691 Pre-

444 1720 533 1747 terea
557 1726 597 1747 ex
621 1716 751 1748 decreto
778 1720 810 1747 et
835 1716 967 1747 consilio
993 1716 1173 1757 principum
1199 1714 1369 1745 diffinitum
1395 1717 1455 1749 est,
1480 1713 1565 1755 quod
1590 1713 1736 1744 dominus
1754 1712 2000 1754 Roman(orun1)
2025 1723 2084 1743 rex

444 1769 493 1799 ius
525 1768 643 1799 debeat
672 1768 806 1799 reddere
836 1768 873 1798 de
908 1768 1056 1798 omnibus
1082 1767 1304 1809 questionibus
1330 1766 1476 1797 civilibus
1508 1768 1539 1797 et
1563 1765 1782 1796 criminalibus
1813 1775 1831 1795 a
1855 1763 2084 1795 creacionis0·2

445 1820 493 1850 sui
518 1819 682 1861 tempored
707 1820 844 1851 subortis
871 1823 902 1850 et
925 1829 985 1861 que
1011 1819 1164 1861 deinceps
1190 1819 1340 1850 orientur.
1388 1818 1469 1848 Item
1501 1817 1540 1849 de
1566 1817 1713 1848 omuibus
1738 1816 1959 1858 questionibus
1984 1816 2083 1847 civili-

444 1872 515 1911 bus,
541 1883 602 1913 que
620 1873 721 1903 eciam
740 1875 813 1902 unte
832 1872 877 1902 sui
896 1871 1116 1912 creacionem⁰
1134 1874 1342 1909 emerserunt,
1361 1881 1456 1911 super
1474 1869 1718 1907 hereditatibus,
1736 1868 1847 1906 feodis,
1871 1868 2083 1910 possessioni-

445 1924 520 1961 bus,
544 1924 808 1965 proprietatibus,
833 1923 891 1953 nisi
922 1923 1052 1958 iudicio,
1088 1923 1305 1953 transactione
1336 1922 1385 1953 vel
1417 1921 1656 1963 composicione
1685 1919 1846 1951 amicabili
1878 1919 1940 1949 sint
1971 1919 2083 1960 sopite.

444 1975 525 2005 Item
551 1976 589 2006 ‹le
616 1975 741 2017 spoliis,
767 1974 900 2016 prediss⁷
933 1975 1056 2005 iniuriis
1082 1979 1112 2005 ct
1136 1975 1282 2016 dampnis
1308 1974 1390 2005 datis
1415 1977 1558 2015 tempore
1583 1972 1735 2004 Friderici
1761 1971 1920 2013 quondam
1945 1970 2083 2012 impera-

445 2028 522 2058 toris
553 2027 634 2057 inter
663 2028 806 2057 fautores
840 2037 922 2067 pape
948 2030 979 2056 et
1002 2027 1127 2067 imperii
1160 2026 1297 2057 intendit
1322 2025 1468 2056 dominus
1492 2036 1549 2056 rex
1574 2024 1693 2055 habere
1719 2023 1886 2054 consilium
1911 2026 1943 2053 et
1967 2025 2083 2053 tracta-

445 2082 510 2109 tum
536 2090 607 2109 cum
631 2090 730 2120 papaq
761 2078 897 2119 qualiter
922 2079 1099 2109 fautoribus
1123 2078 1292 2119 utriusque
1317 2078 1382 2112 fiat,
1408 2076 1492 2118 quod
1517 2087 1634 2118 equum
1660 2077 1762 2107 visum
1794 2075 1890 2106 fuerit
1914 2078 1977 2105 tam
2002 2084 2084 2116 pape

446 2141 539 2172 quani
569 2132 662 2171 regist*
704 2131 785 2161 'Item
812 2134 902 2171 rogat
926 2134 957 2161 et
982 2130 1118 2160 consulit
1140 2130 1287 2161 omnibus
1312 2130 1373 2160 illis
1391 2129 1538 2159 dominus
1562 2139 1629 2163 rex,
1654 2128 1707 2170 qui
1730 2126 1857 2169 predas,
1882 2126 2030 2157 incendia
2054 2129 2085 2157 et

446 2183 545 2224 spolia
581 2183 796 2213 conmiserunt
829 2193 847 2212 a
872 2185 1015 2222 tempore
1041 2182 1152 2212 mortis
1177 2181 1333 2212 Friderici
1357 2180 1517 2222 quondam
1542 2180 1743 2222 imperatoris
1760 2189 1862 2220 usque
1887 2178 1925 2209 ad
1944 2177 2083 2209 creacio-

446 2229 539 2265 ncm⁰
563 2235 660 2275 ipsius
685 2234 781 2275 regim
807 2233 890 2274 quod
908 2233 1120 2264 amicabiliter
1137 2234 1316 2274 transigant
1341 2237 1371 2263 et
1389 2236 1570 2274 conponant
1594 2243 1664 2263 cum
1682 2231 1825 2262 offensis.
1859 2229 1966 2271 Rogat
1982 2229 2084 2261 eciam

446 2287 602 2323 offensos,
636 2289 671 2316 ut
702 2297 764 2316 non
793 2287 857 2316 sint
885 2286 979 2316 nimis
1012 2285 1159 2316 difficiles
1185 2286 1215 2315 in
1242 2284 1428 2327 recipienda
1453 2285 1694 2326 conposicione:
1726 2282 1867 2324 alioquin
1891 2281 2086 2313 deliberabit

447 2349 520 2375 rex,
552 2338 627 2379 quid
652 2338 803 2379 expediat
828 2339 857 2368 iu
882 2337 940 2368 hac
966 2340 1065 2378 parte.
1113 2337 1202 2367 luter
1231 2337 1288 2367 hos
1319 2340 1426 2367 antem
1459 2336 1583 2367 censeri
1614 2347 1677 2367 non
1709 2335 1844 2373 debent,
1880 2334 1933 2375 qui
1964 2333 2084 2375 publici

446 2391 575 2421 fuerunt
611 2390 771 2431 predones
812 2394 1005 2420 stratarumg
1042 2394 1073 2419 et
1098 2389 1305 2419 ecclesiarum
1340 2388 1417 2419 nce¹¹
1449 2389 1536 2419 bella
1566 2388 1695 2429 publica
1725 2386 1936 2418 exercebant:
1961 2388 2012 2415 set
2047 2384 2085 2414 de

539 2460 553 2471 v·

550 2475 592 2501 ΤΞ.
618 2475 642 2507 ¹¹)
664 2477 687 2499 in
708 2477 788 2508 ipsum
810 2486 828 2500 ι’,
849 2480 871 2500 ct
894 2476 977 2503 l)e'i1-1·;
1004 2476 1145 2508 principum
1170 2475 1235 2499 male
1258 2475 1315 2499 edd.
1404 2480 1426 2501 θ)
1447 2475 1549 2498 croac-31⁸
1569 2483 1588 2498 r.
1608 2478 1630 2498 ct
1650 2473 1733 2503 [Mirm
1758 2472 1923 2497 coronacione
1942 2471 2008 2495 male
2027 2470 2084 2495 cdd.

445 2519 470 2551 ¹¹)
491 2520 553 2552 [pris
572 2530 590 2544 ι’,
673 2526 694 2551 ·“)
714 2521 748 2543 sic
768 2530 785 2543 (¹.
807 2524 827 2543 cl
851 2520 932 2547 Dim-m
953 2519 1144 2543 coronat-ionelil
1165 2519 1229 2542 wale
1250 2519 1306 2542 edil.
1387 2517 1405 2547 s}
1421 2518 1440 2542 is
1459 2518 1484 2541 ιἰι
1504 2527 1597 2541 rasura
1617 2526 1636 2541 c.
1717 2520 1740 2539 S!
1755 2516 1789 2540 sic
1803 2524 1836 2545 ι·,;
1854 2520 1998 2539 sauctorum
2018 2515 2083 2539 nuile

447 2563 530 2593 ΙΙίίννς
550 2567 693 2587 saxu-tarum
715 2564 779 2587 mule
799 2564 855 2587 tultl.
945 2562 968 2593 ¹¹)
989 2563 1022 2585 siv
1041 2571 1072 2589 (κς
1095 2571 1139 2585 ιιι-ι·
1160 2563 1202 2593 qui
1222 2561 1306 2588 Dan-r:
1327 2570 1423 2585 necnon
1445 2561 1509 2584 malz:
1529 2561 1585 2584 mhi.

550 2624 572 2647 ll
597 2623 635 2651 (Ἰζ
657 2630 696 2647 ην,
714 2625 740 2647 Τίί
763 2625 783 2645 r!
808 2631 836 2645 (ιι
862 2631 929 2653 quur
953 2621 1074 2646 diss-aruir
1103 2621 1260 2646 ll'‹¹1':.‹1iclccr
1283 2620 1348 2645 ‘Dor
1370 2620 1516 2652 I'lal-*Jlms'
1537 2619 1576 2644 als
1602 2618 1710 2644 Richter
1740 2617 1800 2642 iiber
1822 2616 1868 2641 den
1895 2616 1993 2649 Kriniy'
2011 2616 2085 2644 (2111-

445 2665 615 2698 Itmullrmsfl‘n
637 2665 681 2690 rlrr
696 2665 833 2696 (inrtinsw-
851 2665 1029 2695 (issvllsclsalt’
1046 2664 1200 2690 XXXIII)
1217 2674 1242 2696 μ,
1261 2668 1330 2695 [sqq.
1419 2665 1444 2688 2¹«
1465 2663 1605 2687 enuit-ione
1624 2660 1811 2687 evidentissime
1832 2660 1857 2685 in
1877 2659 1962 2685 cmlice
1981 2659 2084 2692 Ιιῃίίιιν,

446 2710 534 2741 *itaque
558 2709 663 2741 li'tycslrae
683 2709 785 2741 impera
805 2710 820 2734 l.
835 2718 855 2733 c.
875 2707 1009 2733 vmrnrlarr
1028 2708 1090 2733 liert.
1124 2707 1164 2732 111³
1182 2707 1334 2732 huiusmodi
1354 2707 1463 2731 sermm«)
1481 2707 1510 2736 cs.
1531 2706 1607 2731 ι’(ίαηι
1626 2712 1708 2737 supra
1729 2711 1768 2729 nr.
1782 2706 1821 2728 32.
1898 2703 1923 2735 3)
1947 2703 1986 2736 (γ’.
1999 2710 2083 2735 supra

446 2761 486 2778 νιν.
500 2757 531 2778 Δ111
549 2760 569 2777 (².
583 2756 604 2777 5.

2109 684 2131 702 lo

2112 947 2133 965 15

2110 1203 2135 1221 *20

2110 1461 2134 1480 25

2112 1720 2136 1737 ³0

2112 1980 2135 1999 35

2103 2239 2127 2257 40
