2259 3116
478 127 532 155 120
816 123 973 149 RUDOLFI
993 122 1097 149 REGIS
1116 122 1439 150 CONSTITUTIONES.
1478 123 1551 149 1277.
1588 124 1634 149 Nr.
1650 123 1776 149 124125.

579 211 673 242 Anno
698 210 827 241 Domini
852 209 1120 249 MOOLXXVII,
1145 210 1208 241 ind.
1234 211 1358 252 quinta,
1383 211 1464 242 feria
1488 210 1628 242 secunda
1653 213 1725 241 ante
1750 209 1881 250 Mathye
1907 211 2044 252 apostoli
2067 211 2106 242 ad

472 266 577 295 vestre
601 263 765 294 fidelitatis
783 263 972 294 instanciam
998 263 1037 293 ab
1062 262 1276 304 infrascriptis
1300 263 1499 305 principibus
1523 263 1719 304 quesivimus
1744 262 1775 292 in
1800 262 1977 303 sentencia,
2001 266 2107 294 utrum

472 316 514 351 is,
545 315 598 357 qui
623 326 657 346 se
682 314 816 346 dacione
841 315 915 346 fidei
940 315 991 346 vel
1016 315 1197 346 iuramento
1222 315 1431 356 corporaliter
1456 314 1591 356 prestito
1616 314 1667 344 vel
1691 314 1876 356 patentibus
1903 314 1968 345 suis
1992 315 2107 346 litteris

474 367 515 398 ad
540 367 722 408 obstagium
741 367 792 398 vel
816 367 1011 398 solucionem
1030 367 1166 397 alicuius
1191 366 1291 397 debiti
1315 366 1355 397 ad
1381 370 1502 398 certum
1521 366 1693 397 terminum
1719 365 1875 407 obligavit
1899 376 1958 397 nee
1981 365 2013 396 in
2038 367 2107 408 ipso

472 419 608 450 termino
634 418 836 460 adimplevit,
868 417 908 448 ad
932 418 1016 460 quod
1042 419 1151 449 taliter
1176 429 1209 450 se
1234 419 1401 456 astrinxit,
1433 418 1473 449 de
1498 418 1566 448 iure
1590 420 1701 459 posset
1724 417 1908 458 ubicunque
1933 417 2028 448 etiam
2053 418 2107 449 de-

472 471 652 513 prehensus
683 481 741 512 per
770 470 922 501 iudicium
956 470 1116 512 occupari.
1164 470 1205 501 Et
1234 471 1468 501 sentenciatum
1499 470 1606 501 extitit
1636 470 1847 500 communiter
1879 469 1926 501 ab·
1950 470 2108 509 erunibus,

472 523 555 565 quod
580 523 616 562 is,
639 523 693 565 qui
716 522 808 553 modo
832 516 974 564 predicto
999 522 1038 553 ad
1064 523 1262 553 solucionem
1287 522 1386 553 debiti
1404 523 1455 553 vel
1474 522 1656 563 obstagium
1681 521 1841 562 obligatus
1862 522 2020 562 promisso
2045 532 2108 553 non

472 575 588 617 paruit,
613 575 720 606 valeat
743 575 926 616 ubicunque
952 574 1133 605 inveniatur
1156 574 1348 605 auctoritate
1374 574 1543 605 iudiciaria
1560 574 1733 605 conveniri.
1774 572 1811 603 In
1837 573 1927 604 cuius
1944 574 2109 605 sentencie

474 627 607 659 evidens
632 627 853 658 testimonium
877 626 933 657 has
951 628 1100 667 patentes
1125 630 1252 657 nostras
1275 627 1399 658 litteras
1417 626 1508 657 vobis
1532 625 1683 656 duximus
1700 625 1976 657 transmittendas.
2014 625 2108 656 Prin-

472 679 559 720 cipes
585 682 702 718 autem,
726 689 783 720 per
807 689 886 720 quos
911 678 997 709 dicta
1022 679 1187 709 sentencia
1205 679 1312 710 extitit
1336 679 1549 720 promulgata,
1575 680 1664 709 sunt:
1690 677 1887 708 venerabilis
1913 677 1955 708 H.
1973 677 2108 708 Triden-

473 731 574 770 tinus,
603 731 640 762 L.
664 730 924 772 Ratisponensis‚
950 754 981 762 ..
1007 730 1229 762 Seccoviensis
1259 733 1291 761 et
1317 755 1347 761 ..
1374 730 1565 772 Ohymensis
1597 729 1806 761 ecclesiarum
1831 729 1975 771 episcopi
1999 732 2031 760 et
2055 730 2111 761 alii

473 793 567 825 quam
591 783 709 825 plureS.

579 834 699 866 Datum
723 834 876 874 Wienne,
901 845 984 866 anno
1011 838 1042 866 ct
1066 834 1117 866 die
1142 834 1298 877 predicto,
1324 835 1413 876 regni
1439 845 1515 865 vero
1540 835 1640 865 nostri
1665 845 1748 865 anno
1774 837 1896 875 quarto.

510 1160 601 1211 125.
644 1157 1042 1211 LITTERAE
1075 1157 1182 1210 AD
1228 1156 1521 1210 DUCEM
1552 1157 2080 1212 VENETORUM.

1133 1260 1239 1295 10277.
1272 1260 1377 1296 Mart.
1402 1260 1457 1295 18.

580 1361 758 1400 Supersunt
791 1362 825 1391 m
853 1360 877 1391 C
906 1360 1012 1391 Libris
1045 1360 1348 1398 (anmemomeliam,
1380 1361 1436 1400 qui
1469 1364 1671 1392 assei-mmmm·
1708 1361 1852 1393 is'enetiae
1888 1363 1923 1393 in
1957 1362 2112 1393 tabulario

474 1414 570 1453 reyio,
599 1416 669 1444 tom.
686 1414 710 1443 Ι
727 1413 780 1451 fol.
799 1415 860 1443 161
883 1414 1063 1451 inscriptae.
1112 1413 1224 1444 Denuo
1253 1412 1383 1443 contulit
1414 1414 1517 1443 socius
1546 1416 1649 1444 noster
1675 1413 1708 1445 O.
1730 1413 1913 1446 Cartellieri.
1958 1414 1991 1445 E
2011 1415 2111 1445 codice

474 1466 506 1496 M
536 1465 731 1496 bibliothecae
759 1465 951 1495 Illarez'anac
981 1465 1070 1496 latin.
1095 1465 1131 1495 cl.
1150 1464 1243 1495 XIV.
1270 1465 1333 1496 cml.
1356 1464 1535 1496 XXXVII
1555 1465 1583 1506 f.
1604 1466 1647 1495 23
1675 1465 1773 1496 edidit
1800 1465 1897 1496 Mone
1919 1466 2113 1504 ‘Zeitschrift

473 1519 528 1555 fiir
557 1517 606 1547 dio
637 1517 816 1547 (leschiclite
847 1517 899 1547 (les
933 1516 1125 1547 Obvrrlzeins’
1157 1517 1187 1547 V
1210 1518 1324 1555 (1854)
1342 1528 1376 1556 Ρ.
1400 1518 1452 1554 15;
1483 1517 1575 1547 (Laius
1604 1517 1717 1548 codicis
1748 1517 1890 1548 lectiones
1914 1517 1982 1552 fere
2013 1529 2115 1549 omnes

474 1569 553 1600 male
575 1569 785 1609 discrepantes
808 1569 1007 1608 ucgsleoet'nms.
1033 1587 1071 1591 -—
1096 1568 1240 1606 Biilcmw,
1266 1569 1338 1608 Ray.
1359 1569 1430 1607 imp.
1452 1569 1505 1607 VI,
1524 1570 1594 1601 7:20.
1838 1569 1890 1609 (P.
1915 1571 2003 1610 412.)

582 1673 743 1705 Rodulfus
768 1673 829 1703 Dei
860 1673 964 1714 gratia
988 1673 1206 1704 Romanorum
1238 1684 1295 1704 rex
1321 1683 1449 1715 semper
1473 1676 1629 1714 augustus
1654 1673 1721 1703 viro
1753 1673 1928 1704 clarissimo
1953 1676 1985 1704 et
2009 1674 2110 1704 amico

475 1726 660 1767 specialiter
689 1724 851 1766 diligendo
883 1724 1011 1755 domino
1038 1725 1158 1756 Iacobo
1184 1724 1365 1756 Oontareno
1390 1725 1463 1756 duci
1487 1725 1687 1756 Venetorum
1719 1725 1836 1756 sinceri
1866 1725 1983 1756 amoris
2008 1725 2110 1767 pleni-

475 1777 619 1808 tudinem
644 1788 715 1807 cum
740 1777 860 1808 affectu
885 1777 1007 1808 salutis.

584 1837 807 1869 Consideratio
838 1838 1005 1879 multiplex
1042 1849 1100 1869 nos
1125 1838 1225 1869 allicit
1255 1841 1287 1869 et
1311 1838 1444 1869 allectos
1480 1838 1642 1879 astringit,
1681 1841 1715 1869 ut
1744 1838 1898 1869 honorem
1935 1840 1967 1868 et
1995 1837 2113 1868 bonum

477 1893 593 1920 statum
618 1890 818 1920 honorabilis
845 1890 984 1920 civitatis
1011 1893 1042 1921 ct
1067 1901 1223 1932 personas
1242 1890 1479 1921 honorabilium
1505 1891 1621 1921 civium
1638 1890 1836 1921 Venetorum
1861 1890 1968 1921 animo
1986 1890 2110 1920 sincero

477 1946 508 1973 et
532 1943 641 1973 favore
666 1942 814 1973 benivolo
832 1952 1074 1984 prosequamur.
1115 1942 1240 1973 Scimus
1261 1943 1391 1984 quidem
1416 1942 1500 1983 quod
1525 1943 1611 1973 cives
1636 1946 1668 1973 et
1691 1943 1794 1973 incole
1811 1942 1950 1973 civitatis
1968 1942 2112 1972 eiusdem

478 1994 615 2024 civiliter
640 1993 787 2024 ordinant
811 1997 843 2025 et
867 1994 1042 2035 disponunt
1060 1994 1156 2024 vitam
1182 1998 1214 2025 et
1239 2005 1342 2025 mores
1367 1994 1551 2025 rectitudini
1577 1998 1608 2025 et
1633 1994 1753 2025 iustitie
1779 2005 1813 2025 se
1838 1994 2018 2025 conformes
2042 1994 2111 2025 effi-

477 2046 572 2079 ciunt,
598 2045 637 2076 ad
662 2046 748 2087 pacis
773 2049 803 2076 ot
820 2046 922 2087 patrie
941 2046 1074 2076 comoda
1092 2046 1215 2076 zeluma
1241 2046 1370 2077 liabent.
1408 2045 1642 2087 Perpendimus
1660 2050 1692 2076 et
1710 2046 1874 2085 sentimus,
1899 2045 1982 2087 quod
2001 2056 2111 2077 eorum

476 2097 641 2127 laboribus
673 2101 704 2128 et
737 2098 859 2128 sollerti
883 2098 1039 2128 industria
1063 2098 1247 2140 providetur
1271 2098 1538 2129 neccessitatibus
1563 2102 1594 2129 et
1617 2098 1811 2129 utilitatibus
1835 2097 2008 2128 multarum
2032 2107 2110 2138 gen-

477 2149 571 2187 tium,
603 2160 664 2189 que
689 2149 783 2180 fidem
815 2149 931 2180 Christi
961 2153 991 2180 01
1024 2150 1112 2191 leges
1136 2150 1274 2181 Romani
1303 2151 1426 2191 imperii
1457 2151 1655 2191 profitentur.
1703 2150 1744 2180 Et
1773 2150 1848 2192 quia
1876 2152 1964 2180 tante
1988 2149 2108 2180 discre-

476 2201 571 2230 tionis
596 2201 733 2242 populus
758 2204 909 2242 tantoque
935 2202 1113 2232 reverentie
1138 2202 1251 2232 civitas
1277 2201 1416 2233 discreto
1445 2205 1550 2232 vestro
1577 2202 1722 2243 regimini
1747 2212 1781 2232 se
1806 2201 1952 2236 subiecit,
1977 2201 2111 2232 extima—

479 2263 548 2282 mus
574 2263 613 2283 ex
639 2253 768 2287 merito.
798 2253 956 2283 eredimus
983 2257 1014 2283 et
1038 2257 1184 2284 tenemus
1209 2265 1265 2295 pro
1291 2258 1392 2291 certo„
1428 2253 1510 2294 quod
1536 2264 1591 2295 pro
1615 2254 1681 2284 viro
1708 2253 1861 2284 laudabili
1886 2256 1917 2284 et
1941 2253 2043 2284 amico
2070 2263 2111 2284 ex

478 2305 592 2335 vestris
623 2305 744 2335 meritis
770 2304 931 2345 diligendo
958 2316 1012 2335 vos
1038 2306 1157 2346 eligere
1183 2310 1214 2335 et
1240 2306 1377 2336 electum
1403 2305 1538 2346 diligere
1564 2305 1748 2337 debeamus.
1795 2305 1860 2335 Nos
1885 2305 1982 2336 etiam
2008 2305 2110 2336 virum

480 2356 620 2386 nobilem
651 2359 682 2387 01
712 2356 902 2398 prudentem
934 2357 1034 2387 virum
1067 2357 1224 2387 Marinum
1254 2357 1479 2398 Pasqualicum
1510 2357 1648 2387 civitatis
1672 2360 1778 2388 vestre
1811 2357 1911 2387 civem
1941 2360 2110 2397 vestrequc

478 2407 658 2438 dilectionis
682 2408 826 2438 nuntium
851 2408 1024 2449 specialem
1050 2409 1113 2439 lete
1139 2409 1327 2450 recepimus,
1353 2409 1490 2439 libenter
1515 2408 1694 2439 audivimus
1720 2411 1751 2439 et
1776 2408 2011 2439 intelleximusb
2036 2408 2106 2438 dili-

478 2461 591 2499 000101
615 2463 646 2490 et
671 2470 708 2490 ea
732 2470 793 2500 que
818 2460 908 2490 nobis
936 2471 974 2490 ex
1002 2463 1091 2501 parte
1117 2464 1222 2491 vestra
1247 2461 1369 2497 retulit⁷
1402 2464 1555 2501 quantum
1586 2471 1641 2491 nos
1670 2460 1764 2491 decet
1793 2463 1824 2490 et
1848 2459 1938 2490 vobis
1968 2458 2110 2501 expedit,

478 2511 655 2541 voluntarie
681 2512 911 2552 prosequimur.
958 2511 1156 2543 Mercatores
1181 2512 1319 2543 civitatis
1345 2516 1448 2543 vestre
1479 2523 1537 2553 per
1569 2516 1695 2543 nostros
1729 2512 1881 2543 terminos
1906 2514 2109 2542 transeuntes

478 2563 568 2593 iuxta
606 2563 847 2603 requisitionem
877 2563 1017 2604 ipsorum
1049 2563 1148 2593 tueri⁴²
1181 2564 1325 2593 volumus
1365 2566 1397 2594 et
1426 2563 1564 2597 foveress.
1595 2564 1735 2605 ipsorum
1769 2563 1924 2594 molestiis
1955 2565 2109 2604 quantum

582 2664 644 2691 127».
659 2666 680 2696 st)
695 2667 775 2690 velum
792 2667 816 2690 (l.
888 2667 911 2697 b)
929 2667 1111 2691 intellvrximus
1127 2669 1151 2691 (J.
1223 2667 1245 2699 v)
1265 2672 1357 2698 fueri,
1375 2668 1419 2692 scd
1433 2668 1601 2692 oblitteratum
1617 2667 1648 2697 U:
1667 2672 1775 2693 tractare
1788 2668 1823 2692 M.
1895 2666 1919 2697 ι1)
1934 2668 2017 2692 fuvere
2032 2666 2058 2691 C.
2072 2667 2108 2691 Jl.

582 2743 606 2775 1)
629 2742 668 2774 (Vs.
688 2742 823 2776 (Prodi-lli)
842 2743 868 2768 ‘I
887 2743 964 2768 Libri
983 2743 1192 2769 Commenmriaht
1210 2744 1276 2770 della
1296 2744 1427 2777 republica
1447 2744 1474 2769 (Τι’
1497 2744 1605 2770 l'cnczicc
1626 2745 1727 2778 νευρὴ-η’
1746 2745 1763 2771 Ι
1780 2745 1856 2776 (l'rn.
1872 2744 2015 2777 1876)1›.-1
2035 2747 2107 2770 ην.5.

2138 688 2161 707 10

2139 1269 2162 1288 15

2139 1586 2163 1604 20

2139 1904 2162 1923 25

2139 2163 2162 2181 30

2137 2422 2160 2441 85

2136 2758 2160 2778 40
