2259 3116
429 174 490 203 232
678 172 831 199 RUDOLFI
853 172 956 199 REGIS
976 172 1298 199 UONSTITUTIONES.
1336 173 1410 199 1279.
1448 173 1520 198 1280.
1557 171 1605 197 Nr.
1618 171 1676 197 239.
1689 171 1748 198 240.
1762 172 1819 198 241.

429 263 460 291 et
488 260 599 290 honori
632 260 723 290 iuxta
751 259 938 300 qualitatem
970 261 1175 301 negociorum
1210 261 1366 301 equaliter
1398 262 1565 298 caveatur,
1595 257 1635 289 ad
1660 258 1719 289 hoc
1743 259 1883 290 maxime
1918 270 1958 291 ne
1982 259 2064 292 inter

428 315 555 342 nostros
588 311 784 342 consiliarios
816 316 848 342 et
875 311 1012 353 predicti
1044 313 1130 353 regis
1160 313 1294 343 nuncios
1325 313 1408 343 circa
1437 312 1553 342 formas
1583 311 1763 342 litterarum
1798 311 1976 350 contencio,
2008 322 2064 353 per

427 373 521 404 quam
545 362 665 394 differri
690 366 800 404 posset
816 364 1021 404 negociorum
1040 364 1218 405 expedicio,
1243 365 1372 395 oriatur.
1462 364 1511 404 (3)
1535 362 1602 394 Nos
1619 362 1747 404 quidem
1765 362 1823 394 sub
1842 365 1930 393 tanta
1946 363 2063 396 fiducia

428 415 542 445 vestris
577 414 839 446 ordinacionibus
874 415 1059 447 inheremus
1091 416 1245 457 vobisque
1280 416 1453 447 subicimus
1490 418 1609 446 statum
1641 417 1800 452 nostrum,
1832 414 1915 456 quod
1948 415 1980 445 in
2003 415 2063 447 hiis

427 467 568 507 negociis
594 467 718 502 nostris,
742 477 802 508 que
827 467 866 498 de
890 468 1000 508 gracia
1018 471 1125 499 vestra
1149 468 1234 509 apud
1259 479 1314 498 vos
1331 467 1501 498 tractanda
1519 466 1692 508 suscipitis,
1715 466 1849 497 firmiter
1873 466 2063 498 arbitramur

426 519 539 549 honori
563 522 671 549 nostro
697 530 753 561 per
778 530 833 550 vos
857 520 994 561 amplius
1020 520 1156 561 prospici
1181 523 1213 550 et
1237 520 1357 557 caveri,
1386 530 1481 561 quam
1516 519 1541 549 si
1569 529 1628 560 per
1658 528 1715 549 nos
1748 518 1835 559 ipsos
1860 521 1915 549 aut
1939 522 2063 550 nostros

427 571 602 601 familiares
628 571 824 602 consiliarios
849 571 962 602 eadem
987 575 1212 603 tractarentur.
1258 571 1396 602 Litteras
1420 570 1519 602 eciam
1547 569 1631 612 apud
1656 580 1711 601 vos
1734 570 1803 601 fieri
1828 571 1984 612 petimus,
2008 582 2064 613 per

427 633 505 663 quas
530 623 644 653 illustri
668 623 778 663 regine
803 623 939 654 Francie
963 623 1116 654 adversus
1140 634 1250 665 regem
1282 623 1460 665 predictum
1494 626 1526 653 et
1555 621 1614 664 ipsi
1648 622 1722 664 regi
1740 622 1895 654 adversus
1920 623 2063 664 reginam

427 674 535 705 taliter
559 677 727 711 caveatur,
757 677 792 705 ut
816 685 872 716 per
896 685 954 705 nos
987 676 1091 706 neutri
1119 676 1200 716 parti
1230 675 1284 705 fiat
1312 675 1427 705 iniuria
1450 675 1501 706 vel
1527 674 1651 705 offensa
1681 677 1713 705 et
1742 674 1864 713 littere,
1889 685 1967 716 quas
1991 675 2063 707 hinc

426 726 499 756 inde
523 726 686 762 dabimus,
711 726 910 765 honestatem
936 727 1016 768 regii
1040 727 1175 757 nominis
1208 737 1270 757 non
1296 727 1471 758 offendant.
1560 726 1608 767 (4)
1632 726 1699 757 Nos
1733 726 1861 768 quidem
1885 726 1970 758 clare
1996 738 2061 759 me-

426 778 589 813 minimus,
620 777 705 820 quod
737 778 864 809 domine
896 779 1006 819 regine
1037 779 1134 810 nichil
1166 778 1251 809 aliud
1282 771 1516 814 concessimus,
1551 778 1741 809 contulimus
1773 781 1827 809 aut
1852 779 2062 820 promisimus,

426 840 521 870 quam
546 829 629 870 quod
654 830 714 860 sibi
738 830 768 860 in
794 830 1000 861 comitatibus
1024 830 1191 861 Provineie
1221 834 1252 861 et
1276 830 1472 862 Folkekerie
1506 830 1544 861 de
1575 831 1642 861 iure
1673 830 1801 861 dicebat
1826 832 2008 872 competere
2033 834 2064 862 et

426 881 510 922 quod
535 892 590 912 nos
615 882 643 912 ei
668 882 759 912 iuxta
783 882 946 923 antiquam
971 882 1096 923 imperii
1121 882 1387 913 consuetudinem
1412 882 1451 913 de
1468 883 1536 913 iure
1555 882 1742 921 concedere,
1768 882 1927 920 conferre,
1951 893 2062 924 recog-

426 944 558 964 noscere
583 933 782 964 tenebamur.
830 933 871 964 Et
895 933 954 964 hoc
978 934 1083 975 ipsum
1107 934 1243 965 fecimus
1274 935 1342 965 sine
1371 934 1447 965 iuris
1478 934 1652 976 preiudicio
1678 933 1855 976 alicui[us],
1880 944 1941 975 que
1965 934 2064 966 verba

426 985 456 1014 in
482 985 611 1021 litteris,
640 996 718 1026 quas
743 985 848 1016 cidem
874 986 1109 1020 concessimus,
1139 986 1342 1017 continentur
1367 996 1534 1027 expresse.
1624 985 1672 1027 (5)
1697 986 1822 1017 Placuit
1846 986 1947 1018 eciam
1971 986 2061 1017 nobis

427 1040 458 1066 et
492 1036 569 1067 utile
605 1036 789 1073 videbatur,
824 1037 907 1078 quod
943 1037 1105 1078 predictus
1141 1037 1289 1068 dominus
1326 1039 1498 1079 episcopus
1531 1038 1616 1080 apud
1646 1049 1703 1069 nos
1731 1048 1921 1079 responsum
1958 1041 2062 1070 vestre

426 1089 601 1119 clemencie
626 1092 823 1130 expectaret,
849 1089 898 1119 cui
923 1092 1054 1130 propter
1079 1090 1268 1131 multiplicia
1292 1100 1348 1121 suc
1374 1090 1487 1121 merita
1503 1090 1674 1132 probitatis
1692 1090 1849 1121 libencius
1867 1093 1899 1120 ct
1916 1090 2059 1121 securius

426 1151 521 1181 quam
552 1141 606 1171 alii
637 1151 772 1182 persone
800 1141 892 1172 nobis
923 1141 1084 1182 incognite
1116 1141 1352 1173 committemus
1384 1142 1480 1173 filiam
1513 1145 1654 1173 nostram
1679 1142 1770 1173 iuxta
1793 1145 1934 1173 vestrum
1959 1141 2057 1173 bene-

427 1192 578 1233 placitum
603 1192 843 1224 traducendam.

513 1337 589 1369 240.
614 1338 835 1369 EPISTOLA
859 1338 1070 1370 RUDOJAEJ
1094 1338 1307 1370 CIVITATI
1326 1339 1525 1370 JTALIAE
1545 1339 1696 1371 MISSA.
1742 1341 1850 1379 (1260.
1889 1340 1978 1378 Ian.)

534 1407 658 1438 Damus
681 1418 718 1437 [τι]
742 1407 767 1437 Τ
793 1417 839 1438 ην.
857 1409 907 1445 34,
932 1408 968 1438 (lc
990 1418 1050 1447 qao
1074 1419 1099 1439 r.
1116 1419 1215 1447 supra
1238 1409 1280 1439 (ιιΖ
1302 1419 1351 1442 ην,
1370 1411 1505 1438 14-16,
1543 1408 1592 1439 Dc
1609 1411 1740 1447 tompore
1763 1412 1790 1439 et
1814 1410 1935 1440 ratione
1957 1420 1984 1440 v.
2002 1409 2062 1440 Re-

424 1462 509 1497 mus-lto
535 1459 665 1497 imperii.
715 1459 761 1499 (fisi
786 1459 880 1489 eliam
902 1470 1000 1499 supra
1024 1471 1071 1491 m:
1089 1461 1162 1491 2311.
1189 1480 1225 1483 ——
1251 1461 1395 1498 Bo'hmer,
1422 1460 1494 1501 chy.
1515 1461 1586 1500 imp.
1608 1460 1768 1498 VI,12;>3.

1774 1512 1828 1552 (P.
1853 1513 1959 1553 deest.)

533 1570 618 1601 Vere
643 1570 716 1602 fidei
742 1575 847 1602 vestre
871 1572 1012 1613 puritas,
1038 1573 1214 1603 constantis
1238 1573 1422 1604 devocionis
1448 1573 1616 1614 integritas
1641 1584 1677 1604 ac
1702 1573 1927 1615 inquassabilis
1952 1584 2060 1615 perse·

427 1623 576 1653 verancia
609 1623 790 1664 utriusque,
826 1624 940 1664 quibus
977 1624 1015 1655 acl
1051 1628 1192 1655 nostram
1221 1628 1253 1656 et
1283 1625 1408 1667 imperii
1441 1625 1677 1656 exaltacionem
1707 1625 1880 1667 propositis
1913 1625 2060 1656 radicatis

428 1678 534 1705 vestra
557 1675 749 1705 universitas
773 1675 935 1712 fibulatur,
959 1680 1071 1718 utpote
1097 1687 1157 1718 que
1183 1687 1241 1707 nec
1260 1688 1353 1718 aqua,
1379 1688 1437 1708 nec
1454 1678 1539 1718 igne,
1564 1688 1624 1708 nec
1640 1677 1747 1719 gladio
1770 1681 1825 1708 aut
1849 1678 2061 1719 cuiuscunque

427 1727 663 1768 persecucionis
687 1727 842 1767 angustiis
868 1727 1023 1759 hactenus
1049 1729 1209 1760 immutari
1234 1729 1335 1770 potuit
1359 1732 1414 1760 aut
1439 1729 1551 1767 avelli,
1582 1730 1658 1771 quin
1687 1730 1718 1760 in
1749 1733 1860 1761 nostra
1884 1733 1916 1761 et
1938 1729 2062 1772 imperii

427 1778 600 1809 devocione
625 1778 733 1809 debita
759 1779 951 1810 subsisteret
975 1783 1006 1810 et
1030 1779 1127 1819 fideli,
1152 1780 1184 1810 in
1208 1783 1316 1811 nostre
1341 1781 1626 1822 contemplacionis
1659 1781 1761 1812 oculis
1785 1781 1941 1812 collocata
1964 1780 2060 1811 multe

427 1840 482 1860 vos
508 1830 833 1861 reconuncndacionis
867 1834 898 1862 et
928 1831 1132 1872 gratitudinis
1164 1833 1294 1873 premiis
1325 1831 1409 1873 apud
1440 1835 1580 1863 nostram
1610 1833 1845 1864 excellenciam
1878 1833 1991 1864 merito
2015 1832 2061 1863 di-

427 1893 505 1923 gnos
531 1882 616 1912 facit.
662 1882 775 1923 Itaque
800 1883 892 1914 vobis
917 1883 955 1914 de
981 1884 1053 1914 letis
1078 1886 1188 1915 nostre
1221 1884 1465 1925 magnificencie
1495 1884 1674 1915 rumoribus
1705 1884 1806 1915 avidis
1832 1884 1967 1915 saturari
1990 1894 2060 1926 pre-

394 1960 405 1966 .
427 1933 571 1964 sentibus
602 1934 793 1971 innotescat,
827 1935 909 1976 quod
940 1935 1089 1966 universa
1119 1939 1228 1966 nostra
1259 1940 1289 1965 et
1318 1936 1442 1977 imperii
1472 1936 1607 1977 negocia
1637 1936 1669 1967 in
1698 1936 1843 1978 partibus
1867 1936 2061 1978 Alem(anie)

428 1989 499 2016 voto
524 1985 702 2026 diriguntur
731 1990 854 2028 optato,
880 1987 1083 2018 intendentes
1109 1988 1139 2017 in
1165 1988 1313 2029 proximo
1343 1998 1398 2018 vos
1423 1998 1480 2029 per
1505 1988 1690 2030 solempnes
1715 1988 1849 2019 nuncios
1873 1991 1998 2019 nostros
2021 1987 2060 2018 de

427 2036 565 2067 adventu
591 2040 697 2067 nostro
722 2038 761 2068 ad
785 2038 913 2069 Italicas
938 2039 1115 2070 nacionesl
1144 2050 1181 2070 ac
1211 2040 1290 2070 alias
1319 2039 1357 2070 de
1388 2040 1576 2070 intentionis
1605 2043 1714 2071 nostre
1744 2040 1906 2082 proposito
1939 2039 2060 2081 plenius

427 2089 612 2119 informatos
638 2090 666 2119 in
692 2090 807 2130 gaudio
833 2091 972 2121 visitare.
1017 2090 1080 2126 Qui
1098 2091 1324 2122 nichilominus
1343 2091 1383 2122 ad
1401 2092 1521 2122 curiam
1540 2091 1717 2123 Romanam
1743 2091 1953 2133 procedentes
1977 2089 2059 2132 apud

427 2151 581 2170 summum
607 2141 786 2181 pontificem
813 2145 844 2172 ct
868 2142 1023 2173 illustrem
1049 2154 1157 2184 regem
1183 2143 1292 2174 Sicilie
1318 2154 1374 2185 pro
1398 2144 1593 2175 liberacione
1619 2144 1798 2175 concivium
1822 2147 2010 2182 vestrorum,
2033 2142 2056 2173 si

427 2192 564 2232 qualitas
589 2192 646 2222 loci
673 2196 703 2223 ct
728 2194 879 2234 temporis
904 2195 1101 2235 applauserit
1124 2195 1281 2236 oportuni,
1307 2206 1378 2226 cum
1404 2206 1529 2226 summa
1554 2196 1725 2237 diligencia
1748 2195 1948 2226 laborabunt.
1993 2193 2058 2224 Dc-

427 2254 511 2273 mum
537 2253 630 2274 nosse
654 2255 709 2274 vos
735 2245 890 2281 volonum,
916 2245 1001 2286 quod
1026 2256 1082 2276 nos
1107 2245 1225 2277 dilecto
1251 2246 1335 2277 fideli
1352 2251 1460 2277 nostro
1484 2247 1571 2289 t(ali)
1596 2258 1651 2289 pro
1676 2247 1924 2279 conservacione
1947 2245 2058 2276 iurium

426 2298 603 2325 vestrorum
634 2295 758 2326 litteras
790 2300 915 2327 nostias
940 2297 1107 2337 dirigimus
1132 2298 1293 2335 efficaces,
1326 2299 1472 2330 volentes
1498 2299 1527 2329 in
1552 2299 1612 2330 hiis
1638 2303 1669 2331 et
1693 2300 1725 2330 in
1749 2299 1836 2338 aliis,
1861 2309 1921 2340 que
1946 2297 2057 2329 vestris

427 2347 623 2387 profectibus
649 2347 878 2384 obsecundant„
905 2348 993 2379 vobis
1018 2354 1049 2379 et
1074 2350 1189 2380 vestris
1214 2350 1295 2390 grati
1321 2361 1447 2391 semper
1472 2351 1588 2382 favoris
1615 2351 1735 2382 auxilia
1759 2350 1922 2393 impertiri.

481 2479 556 2524 24i.
585 2493 803 2523 Ia'I'IS'l'OLA
832 2494 1025 2524 leoLAI
1044 2495 1110 2525 III.
1135 2495 1200 2525 ΑΙ)
1229 2495 1492 2527 HNDOLFI‘M
1510 2497 1688 2528 REGEM.
1736 2498 1827 2529 1260.
1867 2498 2005 2529 1101„AE

538 2553 646 2583 Edidit
670 2554 762 2592 Jx'opp
786 2554 803 2584 l.
828 2567 852 2585 ι’.
878 2565 908 2592 2¹-
926 2557 996 2584 [1:1³7.
1045 2554 1152 2585 mmm
1176 2566 1245 2585 rum
1276 2556 1374 2586 ‹odvm
1401 2557 1542 2596 Jifrysslro
1566 2557 1620 2595 sol.
1638 2559 1688 2588 89¹
1713 2558 1844 2589 commit
1868 2556 2058 2597 Poyalschcr.

430 2606 477 2642 (γ’.
495 2605 652 2643 wis-lolam
672 2616 777 2644 papas
802 2606 864 2644 mli
891 2606 1019 2636 ,s'irilim
1043 2607 1207 2644 ‹lm-mstam,
1236 2618 1315 2646 qna«)
1344 2619 1411 2639 rum
1447 2612 1552 2639 nostra
1586 2609 1618 2639 iu
1641 2609 1747 2640 multis
1769 2610 1867 2641 verbis
1889 2608 2058 2646 concordat,

428 2657 684 2687 KaInsula-anm»-
725 2657 939 2687 :st-tvnstsir-lse'
978 2668 1009 2695 p.
1047 2660 1104 2687 2²0!
1144 2669 1191 2689 nr.
1230 2660 1300 2690 203.
1348 2678 1385 2681 —-
1433 2660 1578 2692 Polllmsl
1619 2663 1734 2692 210'73.
1798 2660 1946 2698 Biihmer,
1984 2660 2055 2699 Req-

429 2709 498 2747 imp.
524 2708 572 2740 ΙΙ
595 2710 682 2739 1101.
1769 2713 1822 2754 (P.
1847 2713 1952 2753 deest.)

531 2787 553 2817 1)
575 2786 615 2818 (¹1¹.
636 2785 709 2816 infru
731 2794 769 2812 nr.
787 2790 841 2811 ΒΜ).

2091 737 2114 757 10

2090 995 2112 1014 15

2088 1354 2112 1373 20

2087 1637 2110 1657 25

2087 1897 2110 1915 ³0

2082 2507 2105 2525 ⁴⁰
