2259 3164
347 213 647 239 SUPPLEMENTUM
667 212 715 237 AD
734 211 893 238 RUDOLFI
913 210 1016 236 REGIS
1035 211 1359 238 CONSTJTUTIONES.
1392 215 1463 239 1291.
1486 214 1558 240 1289.
1595 215 1639 240 Χῖ.
1654 215 1711 240 668.
1732 216 1788 241 669.
1830 218 1891 246 655

243 299 424 330 Romanum
458 299 625 339 imperium
658 298 771 328 enituit
806 300 838 327 et
872 297 901 326 in
932 296 1072 327 futurum
1104 299 1221 338 poterit
1252 299 1388 335 enitere,
1424 300 1556 339 gratias7
1592 300 1806 341 indulgentias
1837 311 1892 331 seu

207 382 214 387 ,
245 347 467 381 concessiones
499 349 557 379 sibi
588 352 620 379 et
644 348 817 379 heredibus
848 348 911 378 suis
940 348 1040 378 factas
1069 359 1127 389 per
1156 349 1310 379 illustrem
1340 349 1502 380 dominum
1532 354 1671 381 nostrum
1696 351 1891 382 Rudolfumd

201 769 225 787 10

201 1026 224 1044 15

202 1282 226 1301 20

205 2148 228 2167 30

206 2402 229 2419 35

207 2659 231 2675 40

243 401 305 432 Dei
340 402 443 441 gratia
471 400 691 431 Romanorum
727 409 837 439 regem
867 409 995 439 semper
1025 404 1210 440 augustum,
1247 401 1398 431 videlicet
1428 412 1523 441 super
1559 412 1596 432 eo
1632 402 1716 442 quod
1748 403 1894 433 dominns

243 462 300 482 rex
330 451 493 492 predictus
525 462 581 481 sua
610 455 642 482 et
671 451 797 491 imperii
829 450 1019 480 auctoritate
1052 451 1226 491 pedagium
1260 452 1354 481 castri
1384 451 1424 481 de
1449 452 1560 492 Ioigne
1592 454 1823 493 augmentavit*
1859 457 1893 482 ut

242 503 328 533 idem
364 503 510 533 dominus
543 502 703 532 Iohannes
738 501 969 531 mercatoribus
1006 505 1037 531 et
1072 502 1141 531 aliis
1177 503 1413 533 transeuntibus
1446 514 1503 543 per
1531 504 1650 534 dictum
1682 508 1819 534 castrum
1853 504 1893 534 de

243 555 369 595 Ioigne,
403 564 460 594 per
492 553 577 594 quod
601 553 730 593 publica
754 555 853 582 strata
878 551 1037 592 dirigitun
1072 554 1161 583 iuxta
1194 564 1287 593 posse
1320 554 1486 593 provideat
1515 555 1554 585 de
1584 565 1695 585 securo
1725 555 1892 586 conductu.

244 606 318 646 quia
343 615 383 635 ex
407 605 537 645 antiquo
562 604 701 644 pedagio
734 604 764 633 in
797 603 880 633 dicto
912 606 1016 633 castro
1035 605 1133 644 recipi
1152 612 1304 634 consueto
1323 605 1424 635 dictus
1441 605 1586 636 dominus
1603 606 1762 636 Iohannes
1780 612 1893 636 onerae

243 668 305 687 non
330 659 457 697 poterat
482 655 634 686 comodef
656 658 857 695 supportare,
937 658 969 684 et
993 655 1077 694 quod
1102 655 1286 695 predictusg
1310 656 1526 686 Romanorum
1551 668 1607 687 rex
1632 668 1687 687 sua
1714 660 1746 687 et
1768 657 1893 697 imperii

244 708 435 738 auctoritate
460 706 604 747 predicto
630 707 757 737 domino
782 705 917 735 Iohanni
942 710 974 735 et
996 706 1170 737 heredibus
1195 708 1257 737 suis
1283 707 1371 737 dedit
1401 712 1433 737 ct
1457 709 1628 744 concessit‚
1661 708 1745 748 quod
1770 708 1828 748 ipsi
1853 707 1892 737 de

245 758 390 799 qualibet
414 758 510 793 balla,
536 768 628 789 sacco
646 758 696 788 vel
714 757 824 797 saccis,
848 757 1014 787 trosselloh
1032 757 1083 787 vel
1100 758 1263 797 trossellis,
1284 758 1417 789 fardello
1435 759 1484 789 vel
1503 758 1644 789 fardellis
1661 758 1895 789 continentibus

245 811 455 851 quantitatem
481 810 573 839 unius
602 808 686 839 balle
711 808 761 839 vel
787 808 925 838 circiteri
951 819 1144 848 pannonum
1181 809 1357 844 lanorumln
1393 811 1526 850 piperis⁷
1562 810 1692 850 pellium
1716 820 1839 840 necnon
1864 813 1895 839 et

244 864 422 892 ceterarum
460 861 613 891 mercium
645 859 882 891 transeuntibus
910 870 969 900 per
1002 860 1295 900 archiepiscopatus
1330 861 1601 895 Bisuntincnsem,
1636 861 1895 901 Lugdunensem.

245 913 463 943 Viennensem
488 912 534 943 et¹
567 913 789 953 episcopatum
806 911 1012 941 Valentinum
1037 916 1194 952 perpetuo
1221 912 1378 952 recipiant
1402 916 1433 942 et
1449 912 1590 942 habeant
1613 913 1739 942 nomine
1764 912 1895 952 pedagii

244 964 295 995 vel
320 964 511 1003 conductus,
536 963 748 1003 undecunque
773 962 904 1002 fuerint,
930 962 1042 993 decem
1068 962 1186 993 solidos
1209 964 1483 993 Lausannensiuni
1509 963 1725 1001 denariorum,
1749 962 1893 1003 predicta

245 1016 350 1045 onmia
376 1015 510 1045 eidemm
534 1014 669 1045 Iohanni
695 1017 727 1045 et
750 1013 924 1044 heredibus
948 1014 1011 1043 suis
1040 1014 1071 1043 in
1096 1014 1248 1044 feodum¹³
1273 1014 1479 1054 assignando,
1515 1018 1609 1055 prout
1638 1014 1698 1044 hec
1730 1015 1835 1044 omnia
1865 1014 1895 1043 in

243 1067 358 1097 litteris
383 1067 479 1107 regiis
503 1066 576 1096 inde
594 1066 748 1096 confectis
765 1065 869 1105 sigillo
890 1066 979 1105 regio
997 1065 1142 1105 sigillatis
1159 1065 1283 1105 plenius
1301 1067 1488 1102 continetur7
1513 1065 1737 1106 approbamus,
1763 1075 1895 1095 consen-

244 1119 339 1149 timus
364 1122 396 1148 et
419 1119 615 1158 presentium
634 1117 816 1148 testimonio
842 1116 1075 1147 confirmamus.
1123 1116 1158 1146 In
1182 1117 1270 1147 cuius
1294 1118 1341 1147 rei
1357 1118 1573 1147 testimonium
1591 1120 1757 1157 presentes
1775 1116 1897 1146 litteras

245 1169 318 1200 inde
343 1169 499 1199 conscribi
525 1172 557 1199 et
580 1169 674 1209 sigilli
699 1169 798 1198 nostri
822 1168 995 1198 munimine
1021 1168 1169 1197 iussimus
1193 1167 1348 1202 roborari.

352 1221 469 1251 Actum
507 1224 539 1250 et
575 1219 684 1250 datum
716 1218 802 1259 apud
835 1218 1087 1251 Frankenvorta
1119 1218 1178 1250 III.
1211 1218 1282 1250 Kal.
1315 1219 1412 1252 Iunii.
1448 1228 1530 1249 anno
1564 1217 1693 1248 Domini
1724 1218 1895 1248 millesimo

248 1272 487 1303 ducentesimop
512 1272 718 1311 nonagesimo
743 1270 855 1310 primo.

247 1539 518 1592 66914153.)
552 1538 1038 1591 COMPOSITIO
1071 1536 1612 1602 QUAESTIONIS
1647 1535 1895 1588 SUPER

418 1615 980 1669 MUNITIONUM
1028 1612 1721 1667 OONSTRUCTIONE.

893 1708 998 1742 1e89.
1041 1708 1161 1749 (Mart.
1189 1708 1260 1748 17.)

356 1818 539 1856 Repetimus
562 1816 727 1847 editionem
750 1818 890 1847 nostram
914 1815 1028 1845 ‘Neues
1051 1814 1179 1845 Archia?
1214 1814 1351 1847 XXIII.
1382 1816 1423 1844 35
1447 1825 1495 1845 nr.
1521 1814 1610 1845 VIII
1623 1816 1789 1852 paratam,
1819 1823 1898 1852 quae

219 1884 227 1898 τ.
250 1870 364 1900 nititur
398 1868 591 1908 autom-apim
626 1867 781 1898 tabularii
807 1867 963 1906 yeneralis
997 1867 1083 1905 seyne*
1118 1866 1285 1897 Bawcmee
1320 1865 1540 1896 ‘Kaiserselcltt
1574 1864 1762 1903 Nachtriiye'
1799 1866 1860 1894 117
1866 1867 1897 1904 ᾗ.

248 1920 366 1951 Pendet
388 1920 526 1959 siyt'llzcm
551 1919 668 1949 laesum
692 1918 755 1949 loro
780 1919 1020 1949 membranaceo.
1045 1935 1085 1939 -
1108 1917 1255 1954 Balanea
1282 1917 1354 1956 Regl.
1382 1917 1452 1955 imp.
1474 1916 1528 1953 VI,
1552 1917 1647 1946 2218.

1606 1966 1658 2006 (P.
1683 1967 1789 2005 deest.)

353 2031 513 2062 Rudolfus
527 2031 589 2061 Dei
606 2031 714 2071 gracia
730 2029 949 2060 Romanorum
967 2040 1024 2060 rex
1041 2040 1168 2070 semper
1185 2033 1338 2070 augustus
1354 2029 1507 2058 universis
1525 2028 1604 2058 sacri
1618 2026 1755 2057 Romani
1771 2027 1897 2066 imperii

247 2083 397 2114 fidelibus
421 2083 562 2123 graciam
587 2092 676 2112 suam
702 2085 734 2111 et
758 2091 850 2111 omne
875 2081 1004 2111 bonum.

357 2134 399 2164 Ut
422 2134 579 2174 promissa
610 2136 642 2163 et
666 2132 750 2163 facta
774 2132 936 2162 hominum
972 2133 1001 2161 in
1031 2142 1086 2161 suo
1116 2131 1230 2161 robore
1256 2134 1463 2170 perseverent
1491 2133 1523 2159 et
1553 2140 1571 2159 a
1595 2130 1645 2159 via
1675 2139 1737 2159 non
1769 2128 1899 2158 devient

248 2186 401 2225 veritatis,
426 2185 569 2226 expedit,
594 2188 627 2215 ut
651 2184 877 2224 scripturarum
903 2186 935 2213 et
959 2183 1087 2213 testium
1104 2182 1295 2212 fulcimentis
1320 2182 1473 2212 memorie
1499 2179 1770 2211 commendentur.
1819 2178 1898 2209 Cum

248 2238 356 2278 itaque
381 2237 516 2267 dilectus
540 2246 575 2266 ac
600 2235 704 2265 fidelis
727 2235 876 2275 princeps
900 2238 1007 2264 noster
1030 2233 1192 2263 Reinboto
1218 2233 1387 2273 episcopus
1411 2231 1600 2262 Eistetensis
1625 2234 1734 2261 contra
1758 2230 1897 2260 nobilem

248 2290 349 2319 virum
378 2287 587 2318 Ludewicum
619 2287 768 2316 comitem
801 2286 840 2316 de
872 2285 1010 2325 Otingen
1040 2285 1196 2314 iuniorem
1228 2294 1324 2324 super
1356 2283 1494 2323 quadam
1522 2283 1710 2312 municionis
1741 2285 1898 2311 structura,

249 2340 334 2381 apud
358 2338 508 2370 Arenbfir
531 2339 561 2368 in
586 2338 684 2378 ipsius
702 2338 837 2368 ecclesie
855 2336 953 2367 fundo
971 2336 1010 2367 de
1026 2346 1107 2366 novo
1127 2338 1235 2365 erecta
1252 2335 1386 2375 aliisque
1403 2335 1587 2364 iniuriarum
1606 2332 1746 2363 articulis
1767 2342 1897 2372 gravem

249 2391 335 2432 apud
358 2401 415 2421 nos
440 2390 625 2430 deposuerit
649 2389 863 2429 questionem,
894 2399 952 2418 nos
981 2388 1021 2418 ad
1052 2386 1227 2417 tollendam
1258 2387 1358 2416 tocius
1388 2385 1592 2415 dissensionis
1623 2388 1654 2414 et
1683 2384 1897 2413 controversie

249 2443 417 2474 materiam
442 2441 608 2471 occasione
626 2441 853 2481 premissorum
877 2440 958 2469 inter
983 2449 1037 2469 eos
1054 2442 1200 2469 exortam
1225 2437 1264 2468 de
1282 2437 1412 2467 consilio
1430 2436 1571 2466 fidelium
1589 2438 1767 2465 nostrorum
1786 2433 1896 2463 Fride-

249 2495 306 2525 rici
322 2493 485 2524 burkravii
509 2492 652 2527 seniorisq
675 2491 840 2521 Ludewici
865 2491 989 2521 comitis
1014 2490 1053 2520 de
1072 2490 1211 2529 Otingen
1229 2489 1371 2523 senioris,
1396 2487 1581 2517 Gebehardi
1607 2486 1729 2516 comitis
1748 2485 1786 2515 de
1804 2484 1896 2514 Hirz-

250 2546 329 2586 berg
359 2548 392 2575 et
422 2543 562 2574 Cunradi
590 2543 754 2573 burkravii
784 2543 913 2573 iunioris
948 2552 985 2572 ac
1014 2542 1178 2581 utriusque
1211 2541 1309 2580 partis
1341 2549 1493 2579 expresso
1526 2547 1679 2568 consensu
1712 2535 1897 2566 diffiniendo

251 2597 419 2627 statuimus
445 2598 476 2625 et
493 2594 684 2625 auctoritate
710 2594 799 2633 regia.
817 2593 1008 2627 ordinamus
1033 2595 1068 2622 ut
1091 2601 1191 2631 usque
1217 2591 1258 2621 ad
1275 2591 1391 2621 festum
1416 2593 1523 2619 sancte
1541 2588 1727 2627 VValpurgis
1751 2587 1896 2626 proxime

251 2648 423 2678 affuturum
454 2647 522 2686 ipse
550 2645 741 2675 Ludewicus
773 2644 812 2675 de
842 2643 981 2684 Otingen
1011 2643 1114 2673 iunior
1142 2643 1361 2672 universorum
1393 2640 1590 2671 edificiorum
1621 2641 1810 2667 structuram
1841 2647 1899 2676 per

354 2739 419 2765 668.
441 2739 466 2771 d)
487 2740 649 2771 Rudolphum
674 2739 697 2761 Τ
714 2738 735 2762 l.
755 2738 777 2762 2.
859 2740 880 2769 Θ)
900 2739 996 2762 honera
1014 2738 1155 2761 conductus
1181 2737 1204 2760 T
1218 2737 1240 2761 1.
1260 2736 1283 2760 2.
1365 2735 1382 2767 s)
1402 2735 1530 2759 cmmnode
1556 2733 1578 2756 T
1594 2733 1615 2756 1.
1635 2731 1657 2755 2.
1737 2730 1762 2760 S)
1782 2731 1898 2754 dominus

251 2785 311 2808 add.
344 2782 405 2807 Τ2.
514 2781 538 2811 h)
564 2782 666 2805 trosello
690 2781 720 2804 M
740 2780 760 2805 1.
867 2781 883 2811 ἱ)
909 2781 1008 2804 cisciter
1038 2780 1060 2803 T
1082 2779 1102 2803 1.
1129 2779 1152 2803 2.
1258 2778 1282 2806 k)
1307 2790 1320 2801 o
1343 2786 1373 2801 εἰ·
1391 2786 1405 2800 :1
1429 2786 1494 2801 corr.
1515 2776 1544 2799 M
1564 2775 1585 2799 1.
1604 2774 1632 2801 ⁶2:
1656 2775 1771 2798 lunarum
1796 2773 1818 2796 T
1834 2773 1855 2797 1.
1875 2772 1898 2796 ΕΞ.

250 2826 268 2856 1)
288 2835 318 2851 ac
342 2826 364 2850 T
379 2824 403 2850 2.
476 2826 506 2854 ¹³¹)
527 2825 628 2848 domino
648 2824 709 2849 acltl.
730 2824 763 2847 J!
777 2823 800 2848 2.
826 2824 849 2847 Τ
862 2823 887 2848 2.
958 2825 982 2852 ¹1)
1002 2823 1107 2846 feudum
1132 2822 1155 2845 Τ
1171 2821 1230 2846 1.·2.
1304 2824 1326 2847 ⁰)
1345 2822 1536 2851 Frunquenvort
1562 2818 1615 2843 Tl,
1698 2816 1722 2848 p)
1741 2816 1781 2840 CC
1807 2816 1860 2839 Tl.
1874 2814 1896 2839 ⁵2⁴
