2259 3116
384 158 444 187 624
1089 151 1273 178 APPENDIX
1293 151 1325 177 V.

384 251 533 282 rogamus
551 241 635 271 omni
652 240 756 270 studio
782 250 843 280 quo
860 249 1028 280 possumus
1054 242 1086 269 et
1101 249 1220 278 amore,
1246 239 1394 279 quatinus
1411 247 1570 268 memores
1586 236 1695 276 nostri,
1720 246 1798 277 quos
1815 237 2027 268 exterminare

385 292 519 333 predicti
543 292 703 332 principes
727 291 910 332 specialiter
934 290 1114 329 elaborant,
1139 290 1303 321 dominum
1327 299 1437 330 regem
1461 287 1661 329 sepedictum
1686 286 1853 328 deprecari
1877 290 1908 318 et
1931 287 2028 318 infor-

385 354 472 374 mare
490 343 646 374 studeatis
663 353 699 373 ac
717 342 906 383 diligencius
924 341 1098 379 exhortari,
1118 345 1153 372 ut
1168 344 1301 382 propter
1316 340 1422 371 Deum
1439 339 1659 380 principaliter
1676 348 1834 379 omneque
1850 340 2029 370 nostrorum

385 406 525 436 perenne
550 395 739 435 obsequium
764 404 800 425 ac
825 404 882 435 pro
906 393 1011 434 nobis,
1040 395 1087 424 sui
1111 393 1214 435 gloria
1238 394 1359 434 pariter
1383 395 1415 423 et
1438 391 1586 432 profectu
1609 400 1706 431 super
1729 390 1855 421 casibus
1878 391 2030 430 pretactis

385 447 476 477 nobis
500 451 596 487 atque
621 452 705 477 terre
721 449 828 477 nostre
846 449 1014 486 prenotate
1038 456 1094 476 sue
1111 445 1339 486 magnitudinis
1357 444 1505 485 dignetur
1521 442 1697 473 subsidium
1712 442 1867 483 inpertiri‚
1891 442 2031 484 aliquem

384 497 475 528 nobis
498 499 599 528 virum
617 500 803 528 strennuum
817 507 888 527 cum
905 497 1023 528 vexillo
1041 497 1166 538 imperii
1185 497 1388 537 capitaneum
1406 494 1602 536 deputando,
1627 494 1716 524 cuius
1732 493 1851 524 auxilio
1868 494 2031 526 mediante

384 559 497 590 pacem
522 554 605 580 terre
630 550 788 589 possimus
812 549 1005 579 unanimiter
1028 548 1205 579 reformare
1231 551 1262 579 et
1285 548 1439 578 zizaniam
1464 547 1626 587 extirpare
1650 545 1816 586 radicitus,
1841 556 1902 587 que
1926 546 2030 576 tritico

386 604 418 631 et
440 601 522 631 bono
548 601 660 631 semini
685 600 881 632 adversatur.
928 600 1143 631 Informantes
1167 599 1390 631 nichilominus
1408 598 1571 628 dominum
1587 600 1731 628 nostrum
1754 607 1865 638 regem
1888 597 2032 628 inclitum

386 652 613 693 supradictum,
639 652 725 693 quod
747 663 871 683 merum
894 653 943 683 ius
959 650 1123 682 habet’ad
1147 655 1265 682 terram
1284 650 1469 691 Thuringie,
1495 653 1526 680 et
1549 648 1701 680 videlicet
1717 649 1802 690 quod
1819 660 1890 680 cum
1906 648 2032 680 inclitus

387 704 532 735 dominus
554 704 751 744 H(einricus)
777 703 937 745 quondam
961 704 1137 745 Thuringie
1161 703 1357 743 lantgravius
1381 701 1482 732 felicis
1505 701 1660 732 memorie
1684 700 1806 742 absque
1830 700 1952 732 herede
1976 700 2032 732 de-

387 756 531 795 cesserit,
563 756 633 797 ipsa
660 760 745 786 terra
770 760 818 786 est
841 755 882 786 ad.
905 756 1075 796 imperium
1100 754 1338 786 racionabiliter
1367 753 1527 784 devoluta.
1574 752 1640 783 Nos
1669 753 1779 793 itaque
1808 752 1847 783 de
1872 753 2031 783 communi

387 818 542 838 consensu
565 808 784 838 universorum
808 807 961 838 nobilium
990 818 1027 838 ac
1051 807 1305 837 ministerialium
1333 809 1418 836 terre
1448 808 1479 835 et
1507 804 1616 835 favore
1641 805 1817 835 communis
1840 804 1951 845 populi
1974 815 2032 845 po-

387 862 536 890 testatem
553 859 709 890 habemus
726 859 854 890 domino
879 863 986 890 nostro
1002 859 1165 889 nominato
1183 858 1290 899 sepius
1314 858 1383 898 regi
1399 867 1476 898 sepe
1499 856 1617 887 dictam
1634 859 1752 887 terram
1776 856 1877 887 libere
1901 866 2032 897 presen-

386 916 464 950 tare.
489 911 514 940 si
537 911 639 951 ipsam
664 911 792 941 duxerit
808 910 1073 951 attemptanda-m,
1098 911 1124 940 si
1140 920 1269 941 manum
1286 909 1378 939 nobis
1402 919 1439 939 ac
1464 909 1521 939 toti
1538 912 1634 948 terre,
1658 910 1754 949 prout
1770 911 1950 948 pretactum
1975 911 2032 948 est,

387 963 475 1003 regie
499 963 676 993 maiestatis
699 963 880 1003 porrexerit
904 962 1101 993 adiutricem.

496 1014 616 1044 Datum
641 1018 699 1045 etc.

389 1286 490 1335 639.
540 1282 1003 1337 SENTENTIA
1034 1283 1136 1336 DE
1168 1283 1379 1337 FORO
1412 1282 2033 1337 ECCLESIASTICO.

1058 1394 1216 1436 (circiter
1249 1395 1373 1436 1280.)

500 1510 611 1542 Denuo
643 1512 863 1550 descripsimus
898 1512 1115 1551 autom-apum
1151 1513 1183 1542 ῖιι
1217 1511 1373 1543 tabulario
1405 1511 1544 1552 yeucrali
1578 1512 1664 1551 νιζωιί
1694 1511 1861 1542 Bawarv'ci
1896 1511 2035 1542 ‘Kloster

398 1561 599 1593 thdtsassen'
613 1564 691 1603 fhsc.
711 1564 728 1593 5
752 1565 956 1594 asservatum.
993 1563 1135 1594 Peudeut
1157 1564 1295 1603 quinque
1316 1563 1490 1603 siyillorum
1508 1563 1658 1602 primum,
1681 1563 1861 1601 secuudum,
1884 1566 2033 1602 quartum
2052 1573 2063 1592 2

391 1613 474 1644 laesa
498 1613 572 1644 loris
596 1614 845 1645 membranaceis.
892 1614 980 1645 Male
1004 1615 1101 1645 edidit
1128 1615 1232 1646 Gradl
1255 1615 1473 1646 ‘lllonumeuta
1496 1614 1638 1654 Eyraoza'
1662 1615 1690 1652 Ι,
1716 1615 1776 1646 125
1800 1625 1847 1645 ur.
1865 1617 1936 1646 341.
1986 1614 2035 1645 De

391 1668 522 1705 tempore
545 1676 570 1695 ι’.
594 1676 629 1696 ea
653 1677 732 1705 'luae
755 1667 874 1697 notarit
901 1666 1004 1697 Grudl
1027 1666 1045 1697 l.
1070 1678 1094 1697 e.
1145 1667 1337 1706 Quibuscum
1366 1667 1570 1704 concordant,
1598 1677 1678 1706 quae
1708 1677 1745 1697 ex
1772 1667 1932 1705 scriptura
1963 1677 2033 1697 eon-

391 1716 475 1747 cludi
492 1720 636 1755 possunt.
1743 1718 1795 1757 (P.
1821 1718 1927 1757 deest.)

498 1811 616 1841 Notum
634 1812 673 1842 sit
689 1812 843 1843 universis
860 1817 1026 1853 presentes
1043 1814 1151 1844 literas
1169 1815 1368 1855 inspecturis,
1393 1813 1478 1855 quod
1492 1813 1692 1844 venerabiles
1705 1814 1763 1844 viri
1787 1814 1933 1844 dominus
1949 1814 2035 1854 prior

392 1871 422 1891 ct
447 1870 619 1893 conventus
647 1864 677 1893 in
702 1863 909 1894 Walrsashen
933 1875 991 1905 per
1015 1866 1254 1906 requisitionem
1279 1866 1438 1906 generalis
1463 1866 1620 1896 sententie
1645 1876 1753 1896 coram
1775 1866 2035 1896 ministerialibus

393 1919 424 1943 ct
447 1913 567 1944 civibus
591 1914 787 1954 Egrensibus
811 1916 928 1946 factam
953 1917 1034 1947 iuste
1066 1922 1097 1947 et
1121 1917 1354 1948 rationabiliter
1378 1917 1597 1948 obtinuerunt:
1666 1917 1751 1958 quod
1775 1917 1862 1947 nulla
1885 1917 2035 1958 religiosa

393 1971 555 2004 poi-senaa.
587 1966 800 2007 cuiuscunque
826 1967 943 1998 ordinis
968 1968 1077 2004 fuerit,
1113 1969 1194 1999 iuste
1219 1969 1363 2000 habitum
1393 1972 1424 1999 ct
1448 1969 1591 2010 regulam
1616 1979 1705 1999 suam
1730 1968 1903 1999 observans
1928 1979 2034 1999 coram

392 2016 476 2046 nullo
502 2017 605 2047 iudice
636 2029 692 2057 pro
717 2018 827 2059 aliqua
849 2030 945 2049 causa
975 2021 1074 2060 inpeti
1099 2020 1218 2051 debeat
1242 2021 1447 2062 aliquomodo
1473 2021 1523 2051 vel
1547 2021 1723 2055 conveniri,
1755 2021 1814 2051 nisi
1842 2031 1948 2051 coram
1979 2031 2035 2051 suo

392 2068 591 2108 magisterio,
616 2070 663 2098 (·11ῐ
690 2074 815 2100 tenetur
838 2070 878 2100 ad
904 2071 1120 2102 obedientiam
1146 2076 1177 2102 et
1202 2073 1440 2113 professionem.
1530 2072 1633 2103 Huius
1657 2083 1732 2103 vero
1756 2072 1802 2102 rei
1827 2075 1925 2103 testes
1949 2075 2033 2102 sunt:

394 2119 538 2149 dominus
568 2120 607 2149 (le
635 2121 824 2152 Wirstberc.
865 2122 1010 2153 (lominus
1042 2123 1263 2164 Gransclinus,
1302 2124 1527 2165 Engclhardus
1562 2124 1661 2154 frater
1691 2134 1765 2154 suus
1795 2127 1827 2154 et
1856 2123 1910 2154 alii
1940 2134 2035 2164 quam

394 2170 500 2210 plures
525 2171 577 2210 qui
602 2170 748 2202 (licuntur
768 2172 924 2213 Noithat't,
950 2174 1095 2205 (lominus
1119 2175 1277 2206 chricus
1302 2175 1341 2206 de
1365 2175 1582 2206 Herttenberc
1607 2178 1639 2206 et
1662 2175 1815 2205 Albertus
1839 2175 1938 2206 frater
1961 2186 2036 2205 suus

395 2229 425 2251 cr
450 2221 501 2251 alii
520 2232 614 2262 quain
640 2223 745 2263 plures
770 2224 909 2264 ipsorum
931 2227 1035 2265 amici.
1061 2226 1253 2266 Cullrtatlus)
1279 2227 1317 2257 (le
1335 2226 1420 2257 Rore
1439 2227 1579 2257 existens
1596 2226 1693 2257 iudex
1710 2227 1740 2257 in
1756 2226 1852 2267 Egra,
1878 2226 2035 2257 Henricus

394 2272 434 2303 ‹lc
451 2273 637 2314 Ratispona,
656 2274 829 2308 Cri-smnus.
846 2276 1000 2313 Erwinus,
1024 2278 1216 2318 Cum-(adus)
1235 2279 1274 2309 de
1294 2278 1389 2309 Curia
1407 2281 1438 2309 et
1455 2278 1508 2308 alii
1526 2289 1620 2319 quam
1637 2278 1745 2319 plures
1762 2279 1847 2309 cives
1863 2277 2034 2320 Egrenses‚

394 2325 423 2354 in
449 2335 581 2365 quorum
600 2328 760 2365 presentia
777 2328 955 2359 huiusmodi
975 2331 1133 2360 sententia
1158 2332 1310 2371 requisita
1335 2331 1439 2361 extitit
1465 2336 1496 2361 et
1519 2331 1659 2361 obtenta.
1706 2330 1841 2371 Insuper
1857 2331 2034 2371 premisseb

2051 709 2075 728 10

2052 974 2075 993 15

2053 1873 2077 1892 25

393 2377 509 2406 actioni
534 2378 563 2406 in
589 2379 801 2409 testimonium
827 2390 957 2419 presens
987 2381 1101 2411 cedula
1125 2381 1218 2421 sigilli
1245 2382 1362 2412 domini
1393 2382 1546 2422 langravii
1575 2382 1614 2412 dc
1639 2382 1850 2412 Luckenberc
1879 2386 1910 2412 ct
1939 2381 2033 2422 sigilli
2052 2388 2076 2406 ³⁵

395 2439 503 2458 vorum
541 2429 591 2468 qui
623 2428 768 2460 (licuntur
797 2430 939 2461 Noithaft
976 2436 1007 2462 ct
1043 2433 1166 2463 illorum
1200 2433 1239 2463 dc
1272 2433 1487 2464 IIcrttenberc
1519 2444 1641 2464 necnon
1676 2434 1815 2464 omnium
1843 2433 2032 2474 Egi-ensium

393 2480 565 2509 munimine
590 2484 637 2510 cst
661 2481 817 2512 roborata.

498 2771 562 2796 0339·
583 2776 604 2790 “¹
628 2782 703 2803 *upra
725 2775 813 2797 lincam
836 2784 870 2798 or,
962 2774 983 2798 b!
1003 2776 1112 2799 „scuarin
1132 2785 1144 2800 ε·
1164 2786 1193 2800 (,ι·
1211 2780 1247 2801 a?
1266 2787 1302 2801 σι’.
