2259 3116
405 151 465 180 356
650 147 807 174 RUDOLFI
827 147 932 174 REGIS
952 147 1270 175 CONSTITUTIONES.
1308 148 1382 175 1285.
1420 148 1493 174 1286.
1530 146 1577 174 Nr.
1590 148 1647 174 373.
1661 147 1719 174 374.
1734 148 1792 174 375.

405 245 581 265 consensus
605 235 779 265 accesserit
803 238 835 265 et
859 235 1017 266 voluntas.
1063 235 1101 266 Id
1124 236 1229 277 ipsum
1262 245 1387 276 quoque
1419 234 1524 276 quoad
1554 245 1665 266 omnes
1694 235 1750 265 filii
1777 235 1877 266 nostri
1902 235 2036 266 ducatus

404 290 435 317 et
470 290 571 317 terras
612 297 719 317 comes
759 286 844 318 idem
885 287 1023 318 fideliter
1058 287 1248 319 observabit.
1295 287 1366 323 Qua
1404 287 1474 327 lege
1507 287 1610 317 eciam
1642 287 1710 317 vice
1738 287 1902 328 reciproca
1937 287 2035 318 filium

405 342 547 369 nostrum
572 339 788 380 astringimus,
814 342 848 369 ut
871 349 930 369 nec
954 339 1022 380 ipse
1048 339 1197 370 videlicet
1222 339 1253 370 in
1282 338 1399 369 ducatu
1423 338 1590 369 Karinthie
1620 338 1842 380 possessiones
1872 341 1904 370 et
1933 342 2038 370 castra

403 390 657 421 ministerialium
682 391 805 421 comitis
841 390 991 432 prelibati
1020 401 1220 432 quocumque
1251 390 1289 421 ad
1319 391 1403 432 ipsos
1435 390 1504 420 iure
1535 390 1722 431 spectancia
1752 400 1934 432 comparare
1963 401 2036 432 pre-

403 446 507 473 sumat
524 442 646 483 absque
671 442 770 483 ipsius
795 443 919 473 comitis
937 442 1139 484 beneplacito
1165 446 1196 473 et
1219 452 1386 473 consensu.
1477 442 1525 484 (5)
1550 440 1594 472 Ut
1618 445 1724 473 autem
1749 442 1908 483 premissa
1932 442 2038 473 omnia

402 497 471 524 rata
501 496 532 524 et
564 494 751 525 inconvulsa
780 498 935 536 perpetue
965 494 1194 530 observentur,
1232 495 1313 525 sicut
1343 505 1361 525 a
1390 494 1535 536 partibus
1570 493 1603 523 in
1631 496 1739 524 nostra
1767 494 1936 535 presencia
1965 497 2038 525 sunt

402 545 536 581 firmata,
560 549 730 586 presentes
754 546 878 576 litteras
903 549 1009 576 nostre
1033 557 1070 576 ac
1095 547 1236 588 parcium
1261 546 1401 587 ipsarum
1427 545 1538 586 sigillis
1564 545 1760 587 providimus
1784 546 1981 576 muniendas.

509 596 629 628 Datum
653 597 817 638 Auguste,
842 597 882 629 X.
900 597 1014 628 Kalen.
1040 598 1222 633 Februarii,
1248 608 1331 628 anno
1356 597 1484 628 Domini
1508 597 1676 628 millesimo
1701 597 1922 628 ducentesimo
1947 600 2036 629 octo-

402 649 525 689 gesimo
550 652 654 688 sexto,
679 648 857 680 indiccione
881 649 991 688 XIIII,
1015 650 1106 690 regni
1131 660 1204 680 vero
1230 650 1328 680 nostri
1353 659 1434 679 anno
1458 648 1552 680 XIII.

650 793 726 826 374.
754 794 1013 827 OONSENSUS
1036 795 1178 828 DUGIS
1199 795 1444 827 SAXONIAE.
1490 794 1582 828 1285.
1622 794 1721 826 Mart.
1737 795 1788 826 29.

511 855 739 895 Autoyraphon
761 856 896 886 eiusdem
920 855 1071 886 tabularii
1098 866 1153 886 nos
1180 856 1243 894 ‘ipse'
1269 855 1369 886 denuo
1397 855 1628 894 descripsimus.
1674 854 1792 886 Pendet
1814 854 1950 895 sigillum
1970 854 2038 896 fere

405 907 549 938 illaesum
571 906 635 938 loro
658 907 897 938 membrcmaceo.
947 907 996 948 Cf.
1021 907 1165 945 Bahmer,
1189 907 1262 947 Rey.
1282 908 1352 946 imp.
1372 907 1426 945 VI,
1440 907 1532 938 1971.
1751 906 1803 947 (P.
1826 907 1933 948 deest.)

510 1002 665 1034 Albertus
694 1002 755 1033 Dei
783 1003 892 1043 gracia
921 1003 986 1033 (lux
1015 1002 1171 1039 Saxonie,
1201 1003 1342 1044 Angarie
1371 1008 1403 1033 et
1426 1002 1598 1033 Westfalie
1628 1002 1902 1043 burcgraviusque
1927 1001 2040 1033 Mede-

406 1054 575 1096 burgensis
600 1054 749 1085 omnibus
774 1055 1009 1096 inperpetuum.

512 1107 643 1148 Imperii
673 1107 827 1137 celsitudo
860 1107 984 1138 decoris
1015 1107 1135 1137 tociens
1166 1107 1294 1148 pociora
1323 1117 1379 1137 sue
1409 1106 1624 1137 subsistencie
1652 1106 1841 1137 fulcimenta
1871 1106 1985 1148 recipit
2009 1109 2040 1137 et

408 1158 492 1189 vires
523 1159 675 1189 forciores
705 1159 852 1193 assumit,
887 1159 1038 1200 quociens
1071 1169 1222 1189 numerus
1257 1159 1451 1200 principum,
1487 1158 1601 1200 quibus
1630 1158 1715 1189 idem
1748 1158 1918 1199 imperium
1950 1158 2041 1199 quasi

405 1210 584 1252 columpnis
626 1211 764 1251 egregiis
803 1214 951 1251 potenter
994 1211 1155 1244 innititur,
1191 1209 1379 1251 adaugetur.
1430 1209 1479 1241 De
1517 1220 1652 1251 quorum
1693 1210 1803 1251 utique
1837 1209 2040 1240 multitudine

407 1262 583 1303 imperialis
609 1262 807 1292 excellencia
832 1266 919 1292 tanto
945 1262 1111 1292 sublimior
1135 1263 1344 1303 conspicitur,
1376 1266 1493 1303 quanto
1517 1263 1549 1292 in
1574 1262 1695 1293 eisdem
1719 1261 1916 1303 principibus
1940 1261 2039 1292 firmi-

405 1316 470 1344 tate
500 1314 666 1354 prestabili
699 1313 827 1344 solidior
860 1314 1028 1344 invenitur.
1076 1313 1158 1348 Quia
1186 1314 1284 1354 igitur
1313 1313 1454 1344 illustres
1483 1314 1642 1355 principes
1681 1313 1798 1344 domini
1822 1313 1977 1344 Albertus
2008 1316 2040 1344 et

407 1364 566 1395 Rudolfus
592 1364 690 1396 duces
714 1365 843 1395 Austrie
869 1369 901 1395 et
919 1365 1014 1396 Stirie
1032 1365 1223 1406 petiverunt,
1249 1365 1288 1396 de
1313 1368 1421 1396 nostro
1439 1365 1642 1407 beneplacito
1668 1369 1700 1396 et
1717 1375 1874 1396 consensu
1899 1364 2037 1407 procedi,

408 1416 490 1458 quod
525 1417 746 1447 serenissimus
785 1417 930 1447 dominus
975 1420 1085 1447 noster
1122 1417 1338 1447 Romanorum
1375 1427 1431 1447 rex
1466 1417 1594 1448 inclitus
1628 1417 1667 1448 de
1706 1417 1822 1448 ducatu
1860 1416 2038 1457 Karinthie‚

407 1479 501 1509 quem
525 1468 565 1499 ab
591 1479 628 1499 eo
653 1468 748 1499 iidem
766 1469 927 1510 principes
946 1472 1056 1499 tenent
1080 1469 1109 1498 in
1136 1468 1275 1506 feodum,
1300 1468 1340 1499 ad
1357 1464 1613 1509 resignacionem
1632 1470 1773 1510 ipsorum
1791 1469 1925 1499 liberam
1949 1479 2038 1511 spec-

406 1520 537 1551 tabilem
573 1521 673 1550 virum
706 1520 865 1550 dominum
891 1520 1115 1551 Meinhardum
1151 1521 1301 1551 comitem
1336 1519 1559 1562 Tyrolensem,
1596 1531 1689 1562 quem
1725 1521 1860 1552 adornat
1893 1521 2040 1562 generosi

408 1572 573 1612 sanguinis
598 1571 733 1602 altitudo
758 1583 927 1613 quemque,
952 1576 1046 1613 prout
1063 1573 1279 1613 cognovimus,
1304 1582 1343 1602 ex
1361 1572 1502 1613 preclare
1526 1573 1611 1604 fame
1628 1573 1779 1615 preconio
1797 1572 1916 1604 attollit
1934 1583 2039 1604 rerum

406 1623 575 1664 opulencia
605 1627 636 1653 et
673 1627 829 1664 potestas,
865 1624 1004 1654 infeodet
1033 1628 1064 1654 et
1095 1625 1273 1655 clarescere
1303 1624 1399 1654 faciat
1432 1624 1463 1654 in
1493 1628 1622 1655 caterva
1652 1625 1830 1667 principum
1858 1624 1979 1655 honore
2009 1628 2040 1655 et

405 1675 508 1715 gloria
541 1675 752 1716 principatus,
786 1686 843 1706 nos
873 1675 971 1706 decus
1000 1680 1032 1706 et
1056 1675 1205 1706 decorem
1238 1676 1362 1717 imperii
1392 1675 1643 1717 amplectentes,
1673 1675 1912 1707 considerantes
1938 1676 2040 1707 eciam

408 1726 490 1757 idem
515 1737 639 1757 sacrum
665 1727 831 1768 imperium
857 1728 982 1758 comitis
1007 1727 1150 1758 eiusdem
1177 1738 1272 1769 posse
1298 1727 1441 1758 serviciis
1468 1727 1626 1758 salubrius
1645 1727 1797 1765 adiuvari,
1823 1728 2039 1770 predictorum

409 1778 521 1809 ducum
553 1779 683 1809 Austrie
714 1779 864 1820 precibus
894 1780 1036 1810 inclinati
1066 1783 1208 1810 nostrum
1243 1779 1283 1810 ad
1315 1779 1374 1809 hoc
1402 1779 1585 1809 benivolum
1614 1779 1803 1810 adhibemus
1837 1789 2039 1816 consensum,

409 1830 492 1870 quod
517 1830 660 1871 prefatus
679 1841 785 1861 comes
811 1842 867 1872 per
885 1831 988 1872 ipsum
1005 1831 1167 1861 dominum
1186 1835 1329 1861 nostrum
1349 1841 1457 1871 regem
1476 1831 1656 1861 infeodetur
1680 1831 1719 1861 de
1735 1831 1853 1862 ducatu
1870 1831 2039 1862 Karinthie

407 1887 578 1923 prenotato
604 1886 634 1913 et
660 1883 827 1924 insignitus
852 1883 973 1913 honore
998 1894 1034 1913 ac
1060 1887 1196 1913 stemate
1214 1883 1412 1924 principatus
1427 1893 1560 1913 numero
1578 1882 1703 1924 imperii
1720 1883 1899 1924 principum
1925 1893 2038 1924 aggre-

408 1938 512 1974 getur.
600 1933 636 1964 In
662 1935 752 1964 cuius
777 1935 877 1964 nostri
904 1945 1077 1965 consensus
1098 1935 1228 1965 evidens
1247 1935 1464 1965 testimonium
1481 1945 1614 1976 presens
1633 1935 1785 1977 scriptum
1803 1935 1908 1976 sigillo
1933 1939 2039 1966 nostro

409 1985 540 2015 fecimus
566 1986 762 2017 communiri.

514 2035 632 2067 Datum
658 2037 879 2077 Nurenberch,
902 2038 979 2069 IIII.
1002 2038 1074 2069 Kal.
1101 2039 1229 2080 Aprilis,
1255 2050 1337 2070 anno
1362 2039 1490 2070 Domini
1516 2038 1774 2070 MCCLXXXV.

641 2182 716 2214 375.
744 2183 1067 2216 PRIVJLEGIUM
1091 2184 1232 2216 REGIS
1255 2185 1491 2216 ALTERUM.
1557 2187 1629 2219 286.
1669 2185 1760 2218 Febr.
1779 2188 1806 2216 1.

519 2243 658 2274 Contuli!
688 2245 901 2283 aalayraplmn
930 2246 1064 2276 einsdrm
1094 2245 1246 2276 tubularii
1275 2246 1347 2276 item
1375 2245 1407 2276 J.
1430 2246 1577 2276 Leehner.
1630 2245 1774 2285 Siyillzcm
1798 2245 1868 2286 fere
1897 2244 2038 2276 ‘illaesum

405 2294 517 2332 penda
540 2295 603 2333 silis
625 2296 733 2325 srriae'is
758 2296 867 2326 viridis
883 2297 1028 2335 rubeique
1043 2296 1159 2327 eoloris.
1209 2298 1295 2336 Quae
1313 2298 1501 2328 concordant
1517 2309 1586 2328 cum
1609 2308 1657 2330 nr.
1675 2300 1747 2335 373,
1772 2298 1854 2337 typis
1870 2297 2040 2328 minoribus

408 2347 587 2377 carcnclenda
611 2349 798 2378 ceu-avimus.
828 2368 863 2370 m
889 2349 1033 2387 Bolum»,
1058 2349 1221 2389 Ii'ey.inz)1.
1244 2349 1294 2387 ll,
1309 2351 1399 2382 1971,
1750 2350 1803 2390 (P.
1828 2350 1934 2391 deest.)

518 2425 674 2456 liudolfus
702 2426 760 2456 Dei
787 2428 893 2467 grat-ia
920 2428 1135 2459 Romanorum
1162 2439 1217 2459 rex
1243 2439 1370 2470 semper
1394 2433 1547 2469 augustus
1572 2429 1718 2460 omnibus
1742 2429 1986 2469 imperpetuum.

516 2478 562 2516 (1)
589 2477 638 2507 Ex
663 2479 839 2517 augustalis
865 2480 1078 2510 bonivolciitie
1108 2481 1255 2520 largitate
1280 2481 1454 2521 procedere
1472 2482 1648 2516 consuevit,
1671 2480 1942 2511 benemeritorum
1961 2478 2037 2509 fide-

409 2529 484 2559 lium
511 2540 637 2559 suorum
658 2530 802 2570 preclara
828 2532 940 2561 urerita
957 2532 1108 2571 graciosis
1128 2532 1276 2573 amplecti
1295 2533 1459 2562 favoribus
1484 2537 1516 2563 et
1535 2533 1702 2573 condignis
1720 2532 1875 2563 honorum
1893 2531 2037 2571 insigniis

413 2582 560 2612 munifice
586 2583 762 2623 prcmiarc,
793 2594 853 2623 11110
879 2585 1028 2625 exemplo
1053 2585 1151 2614 ceteri
1177 2585 1337 2625 provocati
1363 2585 1402 2615 ad
1426 2585 1628 2616 devotionem
1653 2585 1786 2627 imperio
1811 2583 1952 2614 debitam
1976 2582 2037 2612 fer-

412 2633 610 2663 ventioribus
635 2635 748 2665 animis
774 2646 807 2664 sc
833 2634 1013 2676 disponunt.
1102 2637 1148 2673 (2)
1173 2635 1352 2678 Eaproptcr
1376 2638 1499 2668 noverit
1525 2647 1655 2679 presens
1687 2641 1755 2667 etas
1786 2640 1817 2667 et
1841 2635 1938 2666 futuri
1963 2638 2038 2664 tem—

410 2685 493 2725 poris
526 2686 708 2716 successiva
740 2689 946 2727 posteritasn,
983 2687 1066 2728 quod
1103 2688 1242 2719 illustres
1273 2688 1424 2719 Albertus
1454 2694 1486 2720 ct
1514 2688 1672 2720 Rudolfus
1711 2688 1809 2719 duces
1844 2687 1974 2718 Austrie
2007 2689 2038 2716 et

513 2762 576 2788 3715.
597 2762 619 2795 ¹¹)
639 2765 737 2788 sterium
756 2765 781 2788 in
800 2774 894 2789 rasura
913 2775 949 2790 ω’.

2066 812 2090 831 10

2067 1118 2090 1136 15

2067 1374 2091 1394 20

2067 1635 2090 1654 25

2066 1893 2091 1912 30

2063 2537 2086 2556 ⁴0
