2259 3164
83 726 107 744 10

84 983 105 1001 1⁵

82 1242 106 1261 20

82 1499 104 1518 25

81 1756 104 1775 30

81 2432 104 2451 ³5

468 163 623 189 RUDOLFI
644 163 747 189 REGIS
767 163 1088 190 CONSTl'PUTlONES.
1127 166 1199 191 1277.
1238 166 1283 191 Nr.
1301 167 1354 192 141.
1373 168 1424 192 142.
1702 172 1755 200 137

134 261 243 292 garum
276 249 442 281 commodo
467 249 618 280 sederent
642 250 772 291 pacifice
798 253 829 280 ct
853 251 971 291 quiete.
1061 251 1108 291 (4)
1134 250 1175 281 Et
1205 262 1279 281 ecce
1309 256 1342 282 ut
1374 253 1403 283 in
1436 254 1586 295 predictis
1611 254 1756 285 omnibus

134 303 223 334 nobis
247 302 364 333 veritas
388 302 593 342 suffragetur,
624 312 664 332 ex
693 301 893 333 evidentibus
918 302 1062 343 poteritis
1088 303 1240 343 colligere
1267 305 1474 344 argumentis.
1522 305 1602 336 Nam
1627 306 1754 336 domino

133 354 170 386 F.
192 354 259 384 viro
284 353 384 384 nobili
407 353 598 394 burcgravio
622 353 660 384 (le
684 353 876 394 Nurenberg
899 354 984 395 apud
1014 364 1071 384 nos
1097 355 1127 384 in
1153 354 1276 395 Opavia
1306 357 1475 386 constituto
1510 358 1591 387 inter
1615 358 1756 398 singulas

133 405 265 446 graciaS,
289 415 367 446 quas
391 415 449 446 per
464 404 567 446 ipsum
591 415 610 435 a
626 408 733 435 vestra
750 405 950 436 excellencia
975 406 1042 436 sine
1066 406 1188 436 lesione
1206 407 1329 448 imperii
1348 408 1545 448 petebamuS,
1570 409 1628 439 hoc
1653 410 1755 450 preci-

133 467 227 499 puum
252 460 284 488 et
306 457 409 498 magis
433 457 606 497 gratuitum
630 457 723 487 nobis
747 457 929 498 petivimus,
954 460 989 488 ut
1013 458 1186 488 servitores
1211 459 1308 488 nostri
1333 460 1441 489 intacti
1466 471 1484 490 a
1509 471 1640 501 coi-porc
1666 461 1755 501 regni

134 508 234 539 nostri
258 508 349 539 nobis
374 511 406 539 et
429 509 546 539 nostris
571 508 743 539 heredibus
767 509 969 549 integraliter
992 512 1211 547 remanerent,
1237 510 1379 550 quolibet
1403 512 1560 542 scismatis
1584 512 1623 542 acl
1647 523 1754 553 perso-

131 571 203 591 nam
218 560 312 591 aliam
328 560 476 601 scrupulo
493 560 637 601 relegato
650 560 668 591 ¹.
757 560 805 600 (5)
827 560 874 590 Ac
891 560 1017 591 demum
1036 560 1149 591 eodem
1167 560 1295 591 domino
1313 561 1348 593 F.
1366 562 1555 603 burcgravio
1574 564 1612 594 de
1630 564 1754 594 Nuren-

131 612 209 653 berg
232 622 303 642 cum
327 611 455 642 domino
480 611 547 642 viro
577 611 676 642 nobili
701 612 816 642 comite
841 612 881 642 de
905 612 1130 653 Vurstenberg
1160 613 1200 643 ad
1230 624 1287 643 nos
1316 614 1437 644 iteratis
1463 614 1583 644 vicibus
1608 616 1756 646 veniente

131 664 277 705 Pragam,
303 663 445 694 eiusdem
469 663 660 694 intencionis
685 663 802 694 suimus
827 664 909 695 sieut
932 664 1033 705 prius,
1059 665 1101 694 ita
1126 664 1210 705 quod
1235 664 1274 695 ad
1299 665 1403 695 onmia
1427 665 1568 696 tenenda
1592 677 1647 707 pro
1672 670 1755 697 statu

133 714 297 746 concordie
332 715 416 746 inter
450 725 506 745 vos
545 718 577 745 et
609 725 667 745 nos
702 726 739 746 ac
770 715 946 746 amicabilis
981 715 1107 746 unionis
1140 726 1199 746 nos
1231 716 1438 746 astrinximus
1470 718 1664 755 iuramento,
1700 729 1755 749 ex-

132 766 286 808 cipientes
304 766 399 808 pleno
424 776 477 797 ore
494 766 715 808 principaliter
739 770 835 808 atque
851 767 964 808 primo,
989 767 1072 808 quod
1091 768 1190 798 nostri
1207 767 1351 798 homines
1370 779 1439 798 cum
1459 772 1637 799 nostrarum
1655 772 1755 799 terra-

132 828 199 849 rum
229 818 350 849 iuribus
375 817 465 848 nobis
495 822 699 849 remanerent
724 819 840 859 integri
869 822 901 849 et
931 830 994 849 non
1025 819 1148 850 scissi2.
1238 819 1285 859 (6)
1310 819 1560 861 Vcrumptamen
1589 821 1675 857 illos7
1706 822 1757 861 qui

131 880 205 911 erga
228 881 283 901 nos
308 870 490 901 excessisse
519 869 673 901 abusione
705 871 848 912 qualibet
875 871 1080 909 videbantur,
1110 871 1193 901 omni
1222 871 1406 902 dicebamus
1435 872 1529 902 vostri
1560 873 1676 902 intuitu
1700 883 1757 902 nos

132 921 212 952 velle
236 924 268 952 et
291 921 410 952 debere
435 922 585 963 prosequi
609 922 717 963 gracia
742 925 773 953 et
796 923 914 960 favore,
941 926 1050 953 nostre
1075 923 1181 963 gracie
1207 923 1326 963 gremio
1351 926 1505 964 perpetuo
1531 927 1758 965 reassumptos⁷

132 973 175 1004 ita
198 972 283 1014 quod
311 972 349 1004 de
374 973 514 1014 ipsorum
539 983 675 1004 excessu
704 974 792 1004 nulla
823 974 974 1016 deinceps
1007 974 1093 1016 apud
1123 985 1181 1004 uos
1212 978 1366 1016 perpetuo
1395 975 1433 1005 ad
1459 979 1563 1006 vestre
1591 975 1758 1016 peticionis

132 1025 319 1056 instanciam
342 1025 466 1056 mencio
483 1025 688 1056 haberetur³.
767 1025 814 1067 (7)
833 1026 939 1061 Quare
957 1026 1060 1057 adhuc
1078 1027 1260 1057 serenitatis
1278 1030 1382 1057 vestre
1401 1026 1653 1057 benivolenciam
1669 1027 1755 1058 omni

133 1080 164 1108 et
186 1076 302 1107 devota
324 1087 457 1118 precum
480 1077 639 1108 instancia
656 1077 843 1119 suppliciter
861 1088 1044 1116 exoramus,
1069 1081 1226 1118 quatenus
1252 1078 1334 1108 circa
1351 1082 1476 1109 nostros
1494 1078 1640 1109 homines
1666 1089 1757 1109 omne

133 1129 192 1168 ius,
215 1128 298 1170 quod
323 1128 421 1159 nostri
438 1128 660 1170 progenitores
678 1129 835 1159 hactenus
852 1129 1042 1167 habuerunt5
1068 1140 1125 1159 nos
1151 1129 1271 1160 habere
1290 1130 1396 1160 velitis
1414 1130 1549 1167 illesum,
1576 1141 1635 1160 non
1653 1134 1757 1161 atten-

132 1179 243 1211 dentes
268 1180 411 1210 sinistras
440 1180 665 1221 persuasiones
696 1180 953 1211 adversariorum
983 1183 1176 1219 nostrorum,
1214 1181 1267 1221 qui
1299 1181 1519 1212 condicionem
1555 1185 1696 1212 nostram
1728 1185 1758 1212 ct

131 1234 307 1262 nostrorum
336 1231 489 1263 heredum
515 1232 633 1263 vellent
666 1232 884 1273 multipliciter
912 1233 1094 1263 vulnerare.
1193 1233 1239 1273 (S)
1272 1232 1343 1263 Non
1377 1234 1460 1263 enim
1490 1233 1690 1271 admisimus,
1726 1237 1759 1263 ut

131 1284 274 1325 superius
298 1284 473 1325 tetigimus,
498 1284 581 1325 quod
606 1284 687 1315 tales
709 1284 934 1325 composicioni
958 1285 1045 1325 pacis
1063 1287 1168 1315 vestre
1194 1295 1250 1325 per
1269 1295 1476 1326 quoscunque
1500 1285 1613 1315 inclusi
1631 1285 1757 1316 fuerint.

132 1335 223 1371 Quod
247 1335 273 1366 si
298 1346 391 1366 secus
416 1336 524 1366 extitit
547 1335 742 1373 ordinatum,
774 1335 813 1366 ad
837 1335 868 1366 id
899 1336 1006 1366 sciatis
1035 1346 1091 1366 nos
1123 1336 1220 1366 nichil
1250 1339 1357 1367 nostre
1388 1336 1585 1367 consciencie
1610 1338 1660 1367 vel
1685 1348 1757 1367 eon—

131 1398 243 1418 sensus
267 1387 448 1428 aliqualiter
471 1387 669 1429 prestitisse,
695 1387 733 1418 de
757 1391 865 1418 vestra
889 1388 1086 1429 benignitate
1110 1388 1232 1418 firmam
1258 1398 1348 1429 spem
1373 1390 1404 1418 et
1428 1387 1657 1418 confidenciam
1683 1389 1756 1419 reti-

130 1442 252 1477 nentes,
277 1439 361 1480 quod
379 1439 581 1470 condiciones
606 1440 720 1470 iurium
738 1442 916 1469 nostrarum
934 1442 1101 1476 terrarum,
1126 1449 1187 1480 que
1210 1450 1228 1469 a
1246 1439 1363 1469 nostris
1382 1439 1638 1480 progenitoribus
1656 1451 1756 1481 usque

131 1491 170 1522 ad
193 1502 250 1522 nos
274 1491 413 1522 deducta
437 1495 520 1531 sunt,
545 1492 699 1533 ampliare
724 1502 819 1533 quam
844 1491 1013 1522 debilitare
1038 1492 1149 1533 pocius
1176 1491 1337 1529 debeatis,
1368 1492 1535 1531 presertim
1565 1502 1634 1521 cum
1661 1492 1758 1521 simus

129 1553 227 1573 unum
252 1542 290 1574 de
309 1542 450 1574 menbris
472 1543 606 1585 imperii,
633 1543 663 1573 in
689 1544 778 1574 cuius
803 1543 969 1574 debilitate
996 1553 1058 1573 non
1076 1554 1271 1580 accrescere,
1296 1543 1392 1573 immo
1417 1542 1601 1573 decrescere
1626 1543 1757 1584 imperio

130 1594 230 1635 magis
261 1597 377 1636 potest.
468 1594 515 1636 (9)
540 1594 691 1626 Ceterum
721 1598 756 1625 ut
779 1594 822 1625 H.
848 1594 997 1625 Pruzlino
1026 1595 1056 1624 in
1091 1594 1195 1624 causis
1227 1594 1265 1625 cle
1291 1594 1549 1635 possessionibus
1575 1595 1639 1624 suis
1664 1595 1758 1635 plena

129 1646 254 1676 iusticia
277 1647 393 1677 vestris
417 1646 614 1678 iussionibus
640 1650 843 1688 procuretur7
872 1657 929 1688 pro
955 1647 1138 1687 gratissimo
1163 1648 1362 1686 reputamus,
1392 1656 1484 1686 quem
1516 1646 1627 1676 libenti
1651 1646 1756 1676 animo

130 1697 359 1728 destinabimus
383 1698 424 1728 ad
447 1698 706 1739 persequendum
731 1701 763 1729 et
786 1698 1021 1739 assequendum
1050 1709 1106 1729 sue
1140 1697 1264 1728 iusticie
1290 1697 1568 1738 complementum.
1616 1697 1756 1738 Dignum

131 1749 229 1780 eciam
254 1752 312 1788 est,
337 1749 420 1791 quod
443 1749 528 1780 idem
551 1750 593 1781 H.
617 1749 656 1781 de
681 1760 714 1780 se
739 1749 980 1791 querelantibus
1003 1749 1080 1780 iuris
1105 1749 1260 1780 exhibeat
1283 1749 1445 1780 talionem.

233 1809 307 1842 Dat.
332 1810 364 1841 in
387 1809 566 1849 Podebrad,
590 1809 633 1841 II.
651 1809 767 1841 Kalen.
790 1809 992 1840 Novembris,

302 2142 393 2193 142.
433 2139 993 2194 CONFIRMATIO
1030 2137 1573 2191 IMMUNITATIS

654 2215 1228 2270 EPISOOPORUM.

789 2319 894 2354 1e77.
940 2318 1011 2353 Mai
1037 2318 1096 2353 es,

236 2418 445 2457 Proponimus
468 2431 505 2450 ea:
527 2420 646 2451 duobus
661 2419 872 2459 ‹cictrtylt·‹cplct's,
896 2429 974 2457 qima
997 2421 1070 2448 smel
1100 2418 1127 2455 1)
1150 2417 1300 2448 tabularii
1318 2416 1470 2456 acuendis
1493 2416 1579 2455 φ’(γμιί
1595 2415 1756 2445 lma-ami

133 2468 351 2500 ‘Kaisersalelct
374 2471 542 2511 Nachtray'
567 2474 649 2508 The,
675 2471 830 2510 carrmplar
854 2471 1052 2502 l'rcmrimsc,
1077 2469 1158 2507 qnod
1181 2469 1305 2498 minime
1328 2471 1490 2498 arandam
1516 2469 1559 2496 vs!
1585 2467 1613 2496 [12
1639 2466 1755 2495 ranal-

133 2518 214 2550 laria
236 2522 332 2560 rafsti&
354 2522 489 2561 sigillum
507 2534 624 2561 parum
649 2522 766 2553 [caesum
788 2522 897 2560 penda
920 2521 983 2559 silis
1005 2521 1131 2557 scricis;
1154 2520 1281 2550 caulam
1306 2520 1421 2551 Herse:
1453 2522 1483 2551 21
1510 2518 1658 2547 {alacheris
1685 2517 1755 2546 ΗΜΛ

133 2570 324 2610 dobonensis,
362 2576 396 2603 m
430 2574 597 2612 opinamm·
631 2574 786 2612 egremfflar
815 2573 1052 2612 salzburgense,
1091 2572 1259 2602 secundam
1289 2571 1449 2601 castium-m
1488 2570 1574 2607 amul
1597 2568 1755 2598 susacim!-

134 2621 254 2661 Dopsch
276 2624 499 2663 ‘Ausyewc'ildtc
527 2625 696 2657 Urlnmdmz
725 2635 782 2656 ,z'ur
811 2623 1186 2663 l'crsassunysycscliiclzffc'
1205 2634 1238 2661 p.
1260 2624 1316 2652 110
1340 2633 1386 2652 nr.
1405 2623 1443 2650 2315
1469 2623 1623 2659 paralum.
1670 2620 1753 2657 Agm—

84 2688 107 2706 40
129 2674 249 2712 §rapha
270 2676 468 2714 vzeqleximas.
497 2695 530 2699 -
556 2677 700 2714 Brilamcr,
725 2677 797 2716 Itey.
818 2677 886 2715 imp.
912 2675 962 2712 1⁷1,
981 2678 1049 2705 760.
1485 2672 1538 2710 (Ι),
1571 2673 1649 2706 illi.)

233 2769 257 2801 1)
280 2768 318 2802 Cf.
338 2777 423 2802 supra
441 2778 482 2795 nr.
497 2774 542 2796 139
561 2778 580 2796 c.
598 2774 615 2795 7.
704 2772 730 2803 2)
749 2778 768 2795 c.
784 2774 804 2796 1.
891 2770 916 2800 3)
935 2777 954 2794 c.
970 2774 990 2794 11.

231 2829 266 2846 LL.
278 2829 487 2847 CONSTITUTIONES
500 2830 533 2847 111.
836 2840 839 2844 ν
1523 2815 1552 2839 ¹5
