2259 3116
421 135 481 165 314
764 130 919 157 RUDOLFI
939 130 1044 157 REGIS
1063 130 1381 156 CONSTITUTIONES.
1420 130 1492 156 1283.
1529 129 1576 155 Nr.
1591 130 1650 156 322.
1663 129 1721 158 323.

421 220 575 250 sonaliter
604 222 635 250 et
666 218 908 260 presencialiter
939 218 1059 249 factum
1091 220 1189 249 esset.
1234 217 1271 247 In
1302 217 1390 248 euius
1422 217 1467 248 rei
1497 215 1715 247 testimonium
1745 216 1885 258 sigillum
1914 219 2057 248 nostrum

420 272 625 313 presentibus
651 270 803 302 duximus
828 270 1067 312 apponendum.

529 323 650 355 Datum
678 325 709 353 et
733 324 841 353 actum
866 321 951 364 apud
974 321 1170 363 Aquianum,
1194 320 1271 351 Idus
1296 321 1380 359 Iulii,
1406 331 1489 351 anno
1513 319 1641 351 Domini
1664 319 1883 351 MCCLXXX
1906 320 2057 352 secundo.

531 393 665 424 Constat
688 391 727 423 de
752 392 875 423 duabus
900 392 1148 423 interlineaturis
1174 391 1297 422 scilicet
1322 390 1427 422 ‘aliud⁷
1454 393 1485 422 et
1509 389 1679 421 ‘faciendi⁷.

525 445 646 476 Datum
668 446 703 474 ut
726 444 814 486 prius
826 445 845 475 ¹.
2097 452 2108 471 5

469 557 544 589 322.
569 555 808 589 LITTERAE
830 554 1043 587 RUDOLFI
1062 554 1207 585 REGIS
1228 554 1294 585 AD
1319 553 1541 585 COMITEM
1564 553 1919 585 GEBENNENSEM
1941 554 2009 586 DE

862 606 1016 638 HOSTE
1036 605 1289 637 FACIENDA.
1338 607 1429 636 1283.
1469 605 1543 636 Ian.
1560 607 1611 636 22.

526 670 578 701 Ea:
595 670 690 701 Libro
706 669 883 700 litterarum
903 666 1109 706 imperialium
1126 666 1178 704 fol.
1199 667 1268 696 190.
1312 664 1359 703 Cf.
1377 666 1528 696 mcmaelattt
1551 665 1670 697 similia
1693 676 1791 705 supra
1813 677 1862 698 nr.
1880 667 2058 700 188—191.

418 740 458 744 —
482 722 627 760 Bmmwr,
653 722 727 762 Rcy.
746 722 817 760 imp.
838 720 892 757 VJ,
911 720 1002 750 1793.
1768 718 1822 758 (P.
1845 718 1952 759 deest.)

526 815 685 847 Rudolfus
708 815 770 847 Dei
794 815 898 857 gratia
922 815 1139 846 Romanorum
1164 824 1222 845 rex
1255 823 1382 855 semper
1412 815 1569 854 augustus
1601 813 1698 845 nobili
1723 813 1791 844 viro
1817 814 1924 846 comiti
1949 814 2057 847 Gebe-
2086 825 2109 844 ιο

419 868 510 899 nensi
537 868 653 899 dilecto
678 867 765 899 fideli
788 878 844 898 suo
868 866 1006 908 gratiam
1030 876 1121 896 suam
1145 868 1177 896 ct
1201 876 1294 896 omne
1321 865 1450 896 bonum.

525 920 678 951 Volentes
704 920 773 950 iura
799 922 831 950 et
855 918 940 949 bona
972 917 1111 959 imperii,
1144 928 1205 959 que
1236 917 1410 948 iandudum
1447 928 1555 948 comes
1580 916 1742 949 sabaudie
1773 917 1926 949 iniuriose
1957 918 2060 950 tenuit

419 974 585 1014 occupata,
610 972 775 1003 retrahere
799 970 839 1002 ad
863 973 1005 1001 nostram
1030 972 1062 1000 ct
1086 969 1188 1010 ipsius
1210 969 1337 1011 imperii
1354 972 1562 1011 potestatem,
1589 972 1698 1000 contra
1715 969 1820 1011 ipsum
1842 970 2058 1011 processimus

420 1035 491 1055 cum
515 1024 647 1066 copiosa
670 1023 788 1054 milicie
812 1023 972 1059 comitiva,
997 1024 1032 1052 ut
1056 1021 1152 1052 etiam
1176 1021 1371 1052 ulciscamur
1395 1021 1527 1052 iniurias
1552 1021 1669 1052 nostris
1686 1021 1869 1052 hominibus
1886 1022 2052 1064 irrogatas.

419 1075 512 1106 Unde
539 1086 610 1106 cum
635 1075 674 1106 ab
699 1075 827 1117 incepto
852 1084 949 1116 opere
974 1084 1037 1104 non
1060 1073 1209 1104 volumus
1232 1073 1415 1114 aliqualiter
1437 1072 1572 1112 resilire,
1596 1072 1656 1103 nisi
1680 1073 1768 1114 prius
1785 1076 1927 1105 nostram
1945 1084 2058 1106 conse-
2086 1087 2108 1105 ιε

419 1139 554 1169 quamur
582 1127 763 1158 omnimode
792 1126 854 1157 Dei
886 1125 1025 1167 presidio
1049 1125 1258 1163 voluntatem,
1283 1124 1474 1156 fidelitatem
1507 1127 1595 1155 tuam
1627 1135 1778 1165 rogamus
1812 1128 1844 1156 et
1868 1126 2057 1167 requirimus

418 1179 604 1221 plenissimo
634 1190 705 1210 cum
736 1179 868 1216 affectu,
901 1177 1052 1219 quatinus
1077 1177 1233 1208 collocato
1268 1187 1325 1218 pre
1358 1176 1476 1215 oeulis,
1506 1176 1643 1218 qualiter
1676 1176 1767 1207 nobis
1802 1179 1834 1207 et
1859 1177 1994 1219 imperio
2025 1188 2058 1209 es

420 1231 587 1270 astrictus,
612 1232 657 1262 sic
688 1235 719 1262 te
744 1241 897 1272 prepares
922 1235 954 1262 et
977 1231 1144 1272 accinges,
1177 1230 1260 1272 quod
1284 1241 1342 1272 pro
1366 1229 1596 1272 recuperandis
1624 1229 1715 1261 bonis
1744 1230 1913 1261 memorati
1934 1229 2060 1272 imperii

420 1286 452 1313 et
482 1283 603 1314 nostris
633 1286 665 1313 et
688 1282 852 1313 hominum
883 1285 1065 1314 nostrorum
1096 1282 1221 1313 iniuriis
1252 1282 1458 1313 ulsciscendis
1489 1284 1615 1323 gratum
1648 1281 1740 1313 nobis
1765 1282 1875 1313 valeas
1906 1282 2059 1312 auxilium

420 1335 585 1376 impertiri.
622 1334 689 1365 Nos
714 1334 811 1365 etiam
835 1337 866 1365 te
892 1335 923 1365 in
947 1337 1002 1365 tua
1026 1334 1153 1365 iusticia
1170 1334 1353 1365 nullatenus
1378 1333 1575 1372 deseremus,
1600 1333 1686 1365 unde
1703 1333 1837 1365 viriliter
1861 1332 2057 1375 aggrediaris
2084 1345 2107 1364 20

419 1388 599 1428 negotium,
636 1389 668 1418 et
695 1387 752 1417 tibi
779 1389 908 1418 centum
938 1387 1054 1418 milites
1089 1386 1114 1417 si
1138 1385 1314 1427 indigueris
1346 1386 1618 1425 transmittemus,
1650 1396 1710 1417 nec
1738 1396 1851 1427 pacem
1879 1395 1951 1417 cum
1974 1385 2057 1417 dicto

421 1439 537 1470 comite
562 1439 728 1478 faciemus,
752 1439 814 1469 nisi
839 1449 910 1469 cum
934 1439 997 1470 tuis
1021 1438 1145 1469 iuribus
1170 1441 1202 1469 et
1226 1438 1354 1469 iusticia
1378 1438 1422 1469 sis
1447 1437 1601 1469 inclusus.

526 1490 647 1522 Datum
670 1491 702 1521 in
726 1490 838 1521 castris
862 1493 936 1521 ante
962 1490 1199 1531 Paterniacum,
1224 1490 1264 1521 X.
1282 1489 1357 1522 Kal.
1381 1489 1466 1530 Iulii,
1490 1490 1581 1532 regni
1604 1489 1707 1522 nostri
1730 1500 1813 1521 anno
1838 1489 1972 1521 decimo.

667 1636 743 1668 223.
768 1637 862 1668 PAX
889 1637 992 1669 CUM
1013 1637 1193 1669 COMITE
1212 1637 1495 1669 SABAUDIAE.
1543 1638 1635 1668 1283.
1676 1636 1749 1668 Dec.
1766 1636 1818 1668 27.

526 1697 579 1727 Er
602 1697 797 1737 auwympho
822 1697 973 1727 ‘Tratlali
996 1697 1111 1727 ‹lirersi
1134 1697 1245 1728 Blaeso
1262 1699 1275 1726 1
1300 1707 1347 1729 ην.
1366 1697 1398 1727 (i'
1422 1697 1556 1737 siquato,
1580 1698 1672 1728 cuius
1694 1696 1831 1736 siqillum
1854 1696 2055 1727 desideratur.
2083 1707 2106 1726 25

421 1750 521 1780 quta
544 1751 687 1780 servatur
711 1751 939 1780 traussmnlam
963 1749 1098 1780 eiusdem
1121 1749 1310 1789 autogyraplzi
1333 1760 1362 1780 α.
1381 1749 1473 1780 1283.
1497 1749 1546 1780 die
1574 1749 1731 1780 Illercurii
1747 1751 1821 1788 post
1842 1748 1956 1788 festum,
1979 1747 2058 1779 beati

428 1801 584 1832 Viamxnlli
601 1806 655 1840 (z
674 1803 765 1832 1254.
784 1801 854 1832 Ian.
872 1802 929 1838 226)
949 1800 1086 1832 Clcillonc
1104 1811 1163 1840 per
1186 1801 1362 1839 episcopani
1377 1800 1604 1840 Auyastcasem
1627 1803 1654 1832 et
1677 1800 1874 1832 Wilhelmum
1897 1800 1933 1831 de
1955 1798 2056 1831 Bello-

417 1852 499 1893 forti
523 1852 668 1883 clericmn
690 1853 816 1893 reyiuao
838 1853 997 1883 Frcmcictc
1016 1853 1150 1894 factam.
1176 1871 1216 1875 —
1240 1852 1383 1890 Balanos,
1409 1853 1482 1892 Rey.
1499 1852 1572 1892 imp.
1594 1852 1646 1891 VI,
1664 1852 1757 1885 1305.
1789 1852 1843 1893 (P.
1866 1851 1953 1891 443.)

530 1938 718 1980 Rud(olt'us)
743 1938 805 1970 Dei
829 1940 938 1980 gracia
961 1940 1179 1971 Romanorum
1211 1950 1269 1970 rex
1297 1949 1425 1981 semper
1453 1943 1609 1980 augustus
1641 1939 1798 1970 universis
1822 1938 1904 1969 sacri
1934 1936 2057 1979 imperii

422 1991 560 2021 Romani
584 1991 731 2022 fidelibus
755 1994 923 2032 presentes
949 1992 1073 2023 litteras
1102 1991 1296 2033 inspecturis
1320 1991 1461 2032 graciam
1484 2002 1574 2022 suam
1599 1994 1629 2022 ct
1654 2002 1747 2022 omne
1772 1990 1900 2022 bonum.
2082 1997 2106 2017 ³⁰

528 2043 579 2074 Ad
615 2046 753 2074 vestram
783 2043 935 2074 noticiam
966 2043 1111 2085 cupimus
1143 2043 1330 2085 pervenire,
1366 2043 1449 2084 quod
1484 2054 1543 2073 nos
1579 2053 1650 2073 cum
1683 2042 1782 2073 nobili
1814 2042 1880 2072 viro
1909 2040 2056 2082 Philippo

421 2095 538 2126 comite
562 2095 722 2126 Sabaudie
748 2095 864 2125 bonam
889 2106 1002 2136 pacem
1027 2098 1059 2126 ct
1083 2095 1206 2126 firmam
1232 2105 1328 2136 super
1352 2105 1478 2136 guerra,
1504 2105 1565 2136 que
1590 2094 1673 2126 inter
1697 2105 1755 2126 nos
1780 2097 1811 2125 et
1827 2093 1932 2136 ipsum
1950 2095 2053 2124 verte-

422 2146 525 2186 batur,
551 2147 683 2177 fecimus
707 2147 737 2177 in
762 2147 846 2177 hunc
872 2146 1017 2177 modum:

530 2201 555 2228 1.
579 2198 721 2229 Primum
746 2198 829 2240 quod
854 2199 914 2240 ipsi
939 2198 1087 2240 Philippo
1116 2198 1223 2229 comiti
1250 2197 1412 2229 Sabaudie
1438 2201 1471 2229 ct
1494 2198 1642 2229 omnibus
1667 2209 1704 2229 ac
1729 2197 1863 2239 singulis
1887 2196 1953 2228 suis
1976 2196 2054 2227 vali-

423 2251 544 2281 toribus
569 2254 601 2281 et
626 2250 827 2281 adiutoribus
852 2254 883 2280 et
908 2251 1092 2292 specialiter
1112 2249 1235 2281 civibus
1258 2250 1297 2280 (lc
1314 2249 1440 2281 Morato
1465 2253 1497 2281 et
1514 2250 1704 2282 contamino
1729 2250 1856 2288 bonam,
1880 2248 2054 2291 perfectam
2081 2257 2104 2276 εει

423 2306 453 2332 et
479 2302 627 2332 stabilem
646 2313 757 2343 pacem
775 2302 888 2333 (lamus
913 2305 945 2333 et
963 2302 1096 2332 facimus
1115 2304 1146 2332 et
1164 2312 1291 2332 omnem
1312 2301 1581 2343 indignacionem,
1599 2303 1690 2341 iram,
1708 2312 1872 2333 rancorem
1890 2305 1923 2332 ct
1939 2300 2054 2340 odium,

422 2364 500 2394 quas
527 2357 558 2384 et
583 2365 643 2395 quc
670 2358 778 2384 contra
803 2355 888 2395 ipsos
914 2354 1094 2387 habuimus,
1120 2364 1197 2395 puro
1223 2353 1321 2385 corde
1347 2358 1378 2384 et
1402 2354 1486 2385 bona
1509 2353 1571 2385 fide
1596 2354 1641 2385 eis
1666 2353 1858 2384 remittimus
1877 2353 1999 2394 integre
2023 2353 2054 2383 et

423 2405 598 2436 liberaliter
622 2405 823 2447 indulgemus
836 2406 858 2436 ².

530 2459 558 2487 2.
584 2458 665 2488 Item
692 2457 795 2488 dictus
821 2468 928 2488 comes
954 2456 1046 2487 nobis
1071 2456 1218 2487 restituet
1243 2459 1274 2487 et
1292 2456 1397 2487 tradet
1414 2456 1573 2487 Moratum
1599 2460 1630 2488 et
1648 2457 1873 2488 Contaminum
1898 2459 1930 2487 ct
1954 2454 2052 2496 resig-

422 2508 511 2539 nabit
536 2506 742 2540 advocaciam
767 2513 798 2540 et
824 2508 974 2550 quicquid
999 2508 1074 2538 iuris
1100 2508 1198 2539 habet
1222 2508 1253 2538 in
1277 2508 1498 2540 Paterniano&
2078 2513 2102 2532 ⁴⁰

532 2562 558 2591 3.
589 2560 668 2591 ltem
694 2561 816 2591 civibus
832 2561 948 2591 Mra-ati
973 2563 1005 2591 ct
1023 2560 1204 2591 Contamini
1229 2560 1317 2590 nulla
1341 2560 1478 2602 dampna
1502 2571 1558 2591 seu
1582 2560 1769 2602 gravamina
1793 2560 1973 2598 inferemus,
1997 2568 2052 2601 pro
2166 2560 2170 2613 J

423 2622 460 2643 co
486 2612 570 2653 quod
595 2612 678 2643 (licto
704 2612 809 2643 omniti
835 2612 1040 2649 adheserunt,
1064 2614 1120 2644 sed
1145 2624 1198 2645 cos
1223 2614 1254 2644 in
1278 2614 1399 2645 iuribus
1419 2614 1493 2653 suis,
1518 2613 1778 2655 possessionibus
1804 2615 1835 2645 et
1851 2611 2052 2644 libertatibus

423 2662 627 2704 dignabimur
651 2664 873 2695 conscrval'e2.

2172 2474 2173 2478 „
2173 2439 2175 2443 ⁴
2173 2037 2188 2426 ἡᾺ-Ὰὶ
2188 1956 2191 1972 ᾔ

527 2750 550 2781 1)
573 2749 612 2781 (Υ.
633 2750 706 2781 insm
725 2750 762 2775 «ul
782 2758 820 2775 nr.
835 2754 891 2776 335.
979 2752 1003 2782 2)
1025 2751 1065 2785 (ιγ’,
1087 2750 1150 2784 lt'cy.
1164 2751 1223 2784 imp.
1242 2751 1284 2784 VJ,
1297 2754 1369 2777 1806.
1392 2755 1460 2777 1807.
1549 2752 1575 2783 3)
1596 2750 1637 2784 Cf.
1658 2758 1698 2776 nr.
1712 2753 1769 2777 324.
