2259 3116
402 122 463 153 318
653 119 811 147 RUDOLFI
830 121 933 148 REGIS
953 121 1274 150 GONS'I'ITUTIONES.
1311 123 1384 151 1282.
1423 124 1494 151 1284.
1531 124 1579 151 Nr.
1593 125 1651 152 330.
1664 124 1722 152 331.
1736 125 1792 153 332.

499 327 751 379 330—332.
789 325 1238 380 REVOCATIO
1277 326 1945 383 CONSTITUTIONIS

654 403 1172 459 VIOARIORUM
1215 405 1786 459 IMPERIALIUM.

883 509 990 545 lQSQ.
1028 509 1110 545 Mai.
1138 510 1377 546 15.—10284.
1419 510 1498 544 Iun.
1521 509 1554 544 7.

690 606 766 640 330.
790 609 1029 640 LITTERAE
1049 609 1420 642 REVOCATORIAE.
1468 609 1559 641 1282.
1599 609 1683 642 Mai.
1701 609 1751 642 15.

505 667 603 699 Dedit
629 668 678 699 vir
700 669 729 700 cl.
761 669 874 701 Bruns
902 681 940 701 esc
968 671 1161 711 (cutoyraplco
1191 671 1344 703 tabularii
1375 670 1511 701 civitatis
1538 669 1726 701 Lubecensis
1754 670 1857 701 ‘To-ese
1883 671 2037 703 Caesarea
2076 687 2087 706 5

397 730 445 750 ην.
465 720 530 750 19’.
568 719 713 760 Βίρῖῖἰτιυι
733 721 849 761 pendet
873 722 936 754 loro
964 723 1205 755 membranaceo.
1254 723 1303 761 Cf.
1326 733 1426 762 supra
1453 733 1502 753 ην.
1526 723 1598 753 180.
1622 723 1694 754 236.
1722 741 1759 745 -
1783 722 1933 762 Βόἷιυιθν,
1965 723 2040 764 Rey.

399 771 473 812 imp.
494 771 548 810 VI,
562 773 654 803 1653.
1750 774 1803 815 (P.
1828 774 1935 814 deest.)

507 858 665 890 Rudolfus
699 859 761 892 Dei
796 861 903 902 gracia
933 861 1152 892 Romanorum
1187 872 1246 892 rex
1283 871 1410 903 semper
1446 863 1603 903 augustus
1636 860 1849 903 prudentibus
1878 861 1953 893 viris
1984 862 2040 893 ad-

397 912 527 949 vocato,
562 912 748 943 consulibus
772 916 804 943 et
826 913 986 944 universis
1011 914 1134 945 civibus
1159 913 1412 951 Lubicensibus,
1443 913 1592 945 fidelibus
1623 914 1688 944 suis
1721 913 1862 954 dilectis,
1899 913 2041 956 graciam

397 971 486 992 suam
514 964 546 992 et
569 972 662 994 omne
686 963 815 994 bonum.
2068 982 2091 1000 ιο

503 1012 567 1044 Pro
593 1015 826 1056 tranquillitate
850 1018 960 1046 vestra
984 1018 1016 1046 et
1040 1016 1195 1058 ampliore
1221 1016 1395 1047 securitate
1414 1027 1469 1048 vos
1495 1019 1527 1048 et
1544 1017 1705 1048 civitatem
1727 1017 1941 1049 Lubicensem
1964 1018 2039 1049 illu-

398 1064 519 1095 stribus
544 1065 689 1105 Iohanni,
715 1066 861 1097 Conrado
886 1070 919 1098 et
942 1066 1053 1098 Ottoni
1077 1068 1230 1099 fratribus
1255 1068 1515 1109 marchionibus,
1540 1069 1737 1111 principibus
1761 1070 1878 1100 nostris
1902 1069 2038 1111 dilectis,

396 1116 436 1147 de
466 1116 723 1149 Brandenburch
752 1118 957 1149 meminimus
991 1119 1203 1151 commisisse.
1242 1119 1364 1151 Verum
1394 1121 1468 1162 quia
1500 1121 1613 1152 eadem
1646 1121 1827 1152 commissio
1861 1121 1950 1152 vobis
1979 1132 2038 1153 nec

395 1169 483 1199 utilis
508 1180 567 1201 nec
585 1170 762 1211 expediens
780 1173 957 1212 reputatur,
983 1171 1087 1213 ipsam
1112 1171 1319 1213 presentibus
1343 1182 1542 1212 revocamus,
1567 1183 1623 1204 vos
1648 1184 1667 1204 a
1683 1172 1857 1205 devocione
1881 1173 2038 1204 dictorum

396 1221 632 1260 marchionum,
657 1225 812 1263 quantum
837 1225 886 1253 est
911 1233 952 1254 ex
986 1226 1078 1264 parte
1107 1224 1342 1255 commissionis
1373 1224 1532 1266 predicte,
1568 1224 1793 1256 nichilominus
1817 1225 2035 1257 absolventes.
2066 1241 2088 1260 15

397 1272 564 1304 Mittentes
592 1273 648 1304 has
673 1274 796 1305 litteras
820 1275 911 1306 vobis
937 1275 968 1305 in
993 1275 1213 1306 testimonium
1238 1286 1335 1317 super
1359 1287 1405 1307 eo.

502 1325 621 1356 Datum
648 1326 776 1366 Ulmee,
800 1326 877 1358 Idus
901 1326 989 1366 Maii,
1014 1338 1096 1359 anno
1120 1326 1251 1359 Domini
1275 1327 1538 1369 MCCLXXXII,
1563 1329 1655 1370 regni
1679 1329 1782 1361 nostri
1806 1340 1890 1361 anno
1914 1329 1972 1361 IX.

544 1471 622 1504 331.
647 1472 924 1504 MANDATUM
946 1473 1306 1506 LUBECENSIBUS
1328 1474 1588 1507 DIRECTUM.
1635 1475 1727 1507 1282.
1773 1475 1848 1508 Dec.
1866 1477 1895 1507 7.

503 1533 585 1564 Item
608 1545 646 1564 ex
669 1534 862 1573 (cido-‹Jraplco
886 1545 934 1566 ur.
951 1535 1002 1566 23.
1052 1534 1113 1566 Cui
1141 1535 1328 1575 'inscriptum
1357 1539 1416 1567 esf:
1448 1536 1665 1568 Prudentibus
1690 1536 1766 1568 viris
1797 1536 1982 1568 consulibus
2007 1540 2038 1569 et

397 1586 554 1617 universis
579 1586 702 1617 civibus
728 1587 983 1625 Lubieensibus,
1008 1587 1132 1618 dilectis
1161 1589 1277 1619 nostris
1302 1588 1464 1620 fidelibus.
1508 1589 1702 1629 Fraymenta
1725 1589 1835 1629 siyilli,
1858 1589 1942 1629 quod
1963 1589 2035 1621 olim
2062 1604 2086 1623 20

396 1638 518 1669 litteras
540 1638 662 1671 clausit.
686 1638 812 1671 adsunt.
862 1638 912 1680 (7.
937 1640 1027 1677 infra
1049 1650 1098 1672 m.
1115 1640 1188 1671 361.
1214 1658 1254 1663 —
1277 1640 1423 1678 Bo'hmer,
1448 1640 1522 1681 Rey.
1542 1641 1613 1680 imp.
1636 1640 1689 1679 VI,
1704 1642 1796 1672 1736.

1745 1692 1798 1733 (P.
1823 1692 1929 1734 deest.)

504 1742 664 1773 liudolfus
688 1742 750 1774 Dei
773 1744 882 1784 gracia
898 1743 1118 1775 Romanorum
1142 1755 1200 1775 rex
1225 1755 1354 1787 semper
1378 1747 1536 1786 augustus
1559 1744 1770 1787 prudentibus
1795 1745 1871 1776 viris
1895 1745 2033 1776 consuli-

396 1794 455 1825 bus
480 1798 511 1825 et
534 1795 693 1826 universis
718 1795 840 1826 civibus
864 1796 1120 1836 Lubicensibus,
1151 1796 1278 1828 dilectis
1308 1798 1374 1828 suis
1406 1797 1571 1835 fidelibus,
1605 1797 1746 1838 graciam
1771 1807 1861 1828 suam
1886 1801 1918 1828 et
1941 1807 2034 1828 omne

396 1846 525 1877 boumn.
2060 1861 2083 1880 2⁵

485 1898 705 1939 ingredientes
730 1903 836 1931 vestre
860 1901 993 1942 querele
1017 1901 1108 1932 nobis
1133 1904 1281 1943 porrecte
1306 1900 1450 1931 crebrius
1474 1900 1514 1931 de
1539 1901 1716 1932 illustribus
1734 1901 1971 1932 marchionibus
1995 1900 2034 1932 de

396 1951 649 1982 Brandenburch
675 1952 792 1982 Ottone
823 1955 854 1982 et
885 1951 1032 1983 Cunrado
1065 1952 1234 1991 fratribus,
1264 1953 1391 1984 dilectis
1423 1954 1542 1984 nostris
1572 1954 1791 1996 principibus,
1824 1958 1933 1986 nostra
1961 1965 2033 1996 pre-

396 2003 505 2033 cordia
533 2006 565 2033 ot
588 2014 646 2033 nos
671 2004 808 2034 feliciter
837 2008 1079 2044 ammonentes,
1116 2005 1155 2035 ad
1187 2005 1323 2036 salutem
1359 2008 1498 2036 vestram
1531 2008 1563 2036 ct
1595 2005 1797 2036 commodum
1826 2017 1883 2038 nos
1907 2006 2033 2038 favora-

396 2055 504 2085 biliter
528 2055 730 2093 inclinarunt,
754 2055 840 2087 unde
864 2056 1016 2097 predictis
1040 2056 1277 2087 marchionibus
1303 2067 1399 2098 super
1424 2057 1647 2089 commissione
1672 2057 1751 2099 ipsis
1776 2057 1815 2089 de
1834 2058 1924 2089 vobis
1948 2057 2033 2089 facta

397 2107 444 2137 eis
470 2107 591 2137 litteras
610 2108 826 2139 revocatorias
843 2108 1039 2149 dirigentes¹
1064 2112 1095 2139 et
1111 2119 1166 2139 vos
1188 2108 1367 2140 illustribus
1385 2108 1518 2140 ducibus
1536 2108 1680 2140 Saxonie
1697 2109 1833 2140 Iohanni
1849 2112 1881 2141 et
1897 2109 2031 2141 Alberto
2058 2123 2081 2142 ³0

395 2158 563 2197 fratribus⁷
594 2159 793 2200 principibus
827 2161 943 2191 nostris
975 2160 1117 2200 dilectis,
1146 2160 1337 2202 propensius
1361 2161 1613 2199 connuittentes,
1645 2160 1792 2192 fidelitati
1815 2164 1922 2192 vestre
1946 2171 2030 2192 com-

396 2210 551 2240 mittimus
578 2214 609 2240 et
626 2211 815 2241 mandamus
832 2211 957 2252 precise
977 2212 1130 2251 volentes,
1155 2212 1305 2253 quatinus
1328 2212 1448 2243 eisdem
1467 2212 1602 2243 ducibus
1627 2212 1768 2244 Saxonie
1786 2213 1901 2245 devote
1917 2222 2030 2255 parere

393 2264 425 2291 et
450 2261 615 2293 intendere
642 2262 798 2293 studeatis
826 2263 855 2293 in
881 2263 1027 2293 omnibus
1053 2267 1216 2305 tamquam
1241 2264 1343 2295 nobis.

502 2313 619 2344 Datum
645 2314 845 2355 I‘Iagenowe,
871 2315 946 2346 Vll.
964 2315 1041 2346 Idus
1066 2315 1268 2353 Decembris,
1293 2316 1382 2357 regni
1407 2326 1482 2347 vero
1506 2316 1605 2347 nostri
1629 2326 1712 2347 anno
1737 2315 1777 2348 X.

570 2457 645 2489 332.
670 2458 837 2490 MANDA
848 2459 948 2490 TlfM
969 2459 1021 2490 m
1026 2459 1049 2489 '(
1058 2460 1084 2490 'I
1103 2460 1344 2492 SAXONIAE
1364 2460 1555 2493 MISSUM.
1604 2464 1694 2494 1:384.
1735 2462 1810 2494 Iun.
1828 2465 1858 2493 7.
2053 2475 2076 2494 ³⁵

502 2518 581 2549 Ilrm
604 2530 642 2549 es
658 2507 835 2560 (zfmyraplto
858 2521 1114 2551 1·0««=v00ins‹lem
1133 2521 1286 2551 tabularii
1308 2532 1355 2552 nr.
1373 2523 1425 2553 30.
1450 2540 1489 2544 —
1514 2521 1657 2555 Balaam,
1682 2521 1756 2561 Regl.
1774 2522 1846 2561 imp.
1868 2521 1920 2559 VI,
1935 2521 2026 2551 1836.

1741 2573 1793 2613 (P.
1817 2573 1922 2613 deest.)

499 2630 656 2661 liudolfus
673 2631 733 2663 Dei
751 2634 860 2673 gracia
877 2633 1091 2664 Romanorum
1110 2645 1167 2665 rex
1185 2645 1313 2676 semper
1330 2638 1485 2676 augustus
1503 2634 1618 2666 illustri
1635 2635 1769 2666 Alberto
1787 2634 1858 2665 duci
1877 2632 2024 2671 Saxonie‚

392 2681 526 2723 principi
551 2686 582 2713 et
607 2684 670 2713 lilio
693 2695 750 2714 suo
775 2685 952 2725 karissimo,
977 2687 1117 2727 graciam
1144 2697 1233 2717 suam
1259 2690 1290 2717 ct
1314 2698 1406 2718 omne
1431 2687 1558 2718 bonum.

497 2752 521 2783 1)
540 2751 629 2783 Supra
648 2760 689 2779 nr.
704 2756 758 2779 3:50,
2049 2766 2074 2786 ⁴⁰
