2259 3116
447 125 508 154 200
787 123 944 150 RUDOLFI
965 123 1068 149 REGIs
1087 121 1408 149 CONsTlTUTIONEs.
1447 121 1518 147 1278.
1556 121 1602 147 Nr.
1616 121 1673 146 216.
1686 120 1744 146 217.

449 211 595 241 celeriori
625 212 851 253 premissorum
882 210 1105 252 expeditione,
1138 209 1281 252 predicto
1311 209 1485 241 Gottifrido
1515 208 1555 238 ad
1586 211 1617 239 te
1649 206 1688 238 ad
1713 217 1849 249 presens
1874 217 1945 238 cum
1970 208 2083 240 eodem

450 263 571 294 decano
602 264 753 303 remisso,
783 263 961 305 predictum
990 263 1121 293 fratrem
1152 261 1335 292 Conradum
1370 261 1401 291 in
1432 260 1578 291 Romana
1608 259 1696 290 curia
1726 259 1917 299 retinemus,
1952 262 1988 290 ut
2016 260 2082 301 ipse

451 318 622 346 tractatum
648 315 731 346 inter
754 319 785 347 te
811 319 841 346 et
866 315 1065 346 carissimum
1088 314 1119 344 in
1139 313 1268 344 Christo
1290 314 1391 344 filium
1416 315 1559 343 nostrum
1584 311 1625 343 K.
1649 321 1759 351 regem
1784 310 1893 341 Sicilie
1916 311 2083 350 illustrem,

449 371 543 409 prout
580 368 702 409 negotii
742 368 879 409 qualitas
919 367 1080 408 exegerit,
1113 368 1326 407 prosequatur
1356 375 1509 406 prospera
1549 363 1645 394 dante
1680 362 1817 393 Domino
1861 363 2083 405 prosecutione

449 419 681 460 complendum.
771 420 817 460 (5)
848 418 892 449 Ut
922 419 1019 460 igitur
1049 418 1184 448 affectus
1215 421 1268 448 tue
1299 416 1496 451 devotionis,
1533 425 1628 457 quem
1658 415 1703 445 sic
1734 417 1902 456 gratanter
1933 414 2081 447 inherere

449 471 597 501 sensibus
622 471 740 502 nostris
761 471 958 513 inspicimus.
983 470 1013 500 in
1032 470 1180 500 effectum
1199 468 1342 510 perfecte
1360 467 1528 498 soliditatis
1545 469 1702 508 appareat
1727 468 1759 497 et
1775 465 1916 497 residere
1941 466 1973 496 in
1999 469 2085 499 omni

449 523 588 565 puritate
614 523 768 565 probetur
798 526 829 553 et
852 526 886 553 ut
909 521 1107 563 prosperitas
1132 524 1257 551 tuorum
1283 530 1508 557 successuum,
1535 519 1686 549 videlicet
1711 517 1749 548 de
1773 518 1934 549 hostiumb
1959 521 2083 550 tuorum

448 575 656 617 depressione
688 575 837 606 victoria.
873 585 952 616 qnos
982 573 1095 604 diebus
1120 573 1190 603 istis
1223 573 1254 602 in
1281 571 1428 602 manibus
1457 571 1519 602 tuis
1544 571 1640 602 divini
1665 570 1774 602 iudicii
1803 570 1893 612 virga
1921 571 2084 610 conclusit,

449 628 479 658 in
503 627 757 658 mansuetudinis
782 627 894 668 gratia,
920 636 981 667 que
1005 628 1077 666 post
1101 624 1294 666 triumphum
1319 624 1447 664 regales
1484 625 1575 654 actus
1602 622 1750 662 adornat,
1783 625 1814 653 te
1844 622 1935 654 nobis
1959 625 2085 664 gratum

449 682 482 710 ct
506 679 577 710 aliis
608 682 810 721 representet
843 681 1011 719 acceptum
1040 687 1076 708 ac
1102 676 1141 707 dc
1166 677 1255 717 regia
1281 675 1479 717 gratitudine
1506 678 1578 716 post
1602 674 1791 705 felicitatem
1816 674 1969 705 maiorem
1994 675 2084 706 nobis

450 734 481 762 et
516 730 619 762 eidem
655 731 791 762 ecclesie
827 732 997 761 mansueta
1032 729 1183 770 presagia
1218 728 1420 769 repromittat
1457 730 1489 758 et
1522 727 1703 757 successive
1736 737 1793 757 nos
1818 725 1933 757 reddat
1959 726 1998 758 de
2031 730 2086 759 tua

449 783 633 814 sinceritate
659 783 768 813 maiori
793 782 991 824 perfectione
1010 791 1150 815 securos,
1178 780 1385 811 serenitatem
1402 779 1527 820 regiam
1546 789 1696 820 rogamus
1722 781 1753 809 et
1771 778 1936 810 hortamur
1952 781 2084 818 attente,

448 835 598 876 quatinus
631 834 744 866 eadem
777 834 946 876 privilegia
983 834 1073 864 iuxta
1102 833 1313 864 intentionem
1344 834 1504 866 nostram,
1537 841 1631 872 quam
1666 830 1770 861 dictus
1799 830 1940 861 decanus
1963 830 2020 862 tibi
2044 841 2085 861 ex

448 890 538 928 parte
563 889 670 917 nostra
695 886 868 928 explicabit
892 886 1045 926 apertius,
1070 884 1221 926 suppleas
1247 887 1277 914 et
1301 883 1411 925 perfici
1436 883 1534 913 facias
1560 886 1591 913 et
1615 893 1779 924 procureS,
1804 881 1887 924 quod
1905 882 2084 924 principum

448 938 629 970 Alamanie.
656 938 770 979 quibus
789 948 886 979 super
909 937 968 967 hoe
987 936 1190 974 seribimns¹,
1215 936 1254 966 ad
1280 935 1309 965 id
1336 935 1469 966 accedat
1486 945 1648 972 assenSUS,
1672 934 1717 965 ita
1741 934 1824 976 quod
1843 934 1963 966 eisdem
1987 934 2084 976 privi-

449 991 542 1031 legiis
567 990 599 1020 in
629 990 714 1020 omni
744 989 886 1020 claritate
916 1000 952 1020 ac
985 988 1147 1019 soliditate
1179 987 1343 1029 perfectis,
1381 987 1521 1028 ipsorum
1551 996 1635 1017 nova
1670 986 1745 1017 data
1781 986 2021 1028 suppletiones⁰
2054 989 2086 1018 et

450 1042 665 1083 perfectiones
695 1040 877 1071 huiusmodi
906 1039 1159 1082 comprehendat
1192 1043 1222 1070 et
1246 1050 1304 1069 nos
1330 1050 1365 1069 ae
1391 1038 1503 1069 cadem
1538 1038 1675 1069 eeclesia
1703 1038 1840 1075 fructus,
1871 1047 1950 1079 quos
1975 1048 2084 1080 repro-

451 1094 549 1124 mittis
575 1093 605 1123 in
630 1093 771 1131 floribus,
796 1092 995 1134 perfectione
1016 1092 1143 1122 sincera
1168 1092 1258 1121 iuxta
1276 1095 1384 1121 nostra
1408 1090 1571 1121 desideria
1589 1090 1779 1131 colligamus
1804 1092 1836 1120 et
1853 1089 1969 1121 exinde
1993 1090 2084 1121 nobis

452 1149 483 1176 et
507 1145 563 1175 tibi
589 1145 705 1185 quictis
729 1144 891 1175 arrideant
915 1145 1126 1175 incrementa.
1173 1142 1278 1184 Super
1301 1142 1465 1183 premissis
1497 1145 1605 1173 autem
1630 1153 1688 1183 per
1712 1141 1894 1184 predictum
1918 1141 2085 1181 decanum,

452 1197 490 1227 de
517 1197 604 1227 euius
630 1196 784 1227 fidelitate
809 1207 846 1226 ae
871 1195 1156 1237 circumspectione
1174 1194 1373 1229 confidimus,
1398 1194 1522 1235 plenius
1541 1194 1703 1225 informari
1728 1197 1760 1225 et
1784 1194 1852 1225 eius
1870 1194 2084 1225 instructioni-

452 1249 511 1280 bus
536 1248 701 1290 percipere
725 1248 854 1289 poteris.
879 1247 962 1288 quod
987 1258 1118 1289 presens
1143 1247 1305 1287 negotium
1331 1257 1371 1276 ex
1396 1246 1548 1276 eminenti
1574 1257 1632 1277 sna
1656 1246 1811 1288 qualitate
1837 1245 1980 1287 requirit.

558 1300 631 1330 Dat.
655 1299 767 1334 Rome,
791 1299 864 1330 XV.
888 1299 1052 1330 Kalendas
1077 1298 1277 1337 Decembris,
1302 1298 1504 1339 pontificatus
1530 1298 1629 1328 nostri
1653 1309 1735 1329 anno
1760 1299 1873 1340 primo.

628 1427 702 1459 217.
727 1428 965 1459 LITTEJME
985 1427 1206 1458 EIUSDEM
1223 1427 1289 1458 AI)
1314 1426 1489 1458 REGEM
1507 1427 1721 1459 SICILIAE.
1767 1427 1844 1459 Nou.
1861 1429 1913 1459 22.

561 1489 742 1527 Iltpaelinms
765 1489 943 1525 alifiomnn„
976 1500 1070 1527 qnam.
1088 1489 1219 1527 pararit
1242 1488 1498 1519 Ix'ctllc·};bt·mmm·
1521 1488 1744 1519 ‘lelctenstiz'clcae'
1763 1500 1796 1528 2).
1816 1489 1876 1518 1:34
1900 1499 1949 1520 nr.
1966 1490 2026 1519 139
2049 1500 2086 1520 ea:

453 1541 554 1571 rodem
578 1541 721 1579 Iteglistro
745 1539 799 1577 sol.
818 1542 867 1569 43⁴
889 1540 1078 1578 profluam?
1803 1540 1857 1580 (P.
1874 1541 1980 1577 deest.)

556 1617 706 1648 Nicolaus
732 1618 900 1659 episeopus
930 1621 991 1648 etc.
1018 1618 1183 1648 carissimo
1215 1618 1245 1648 in
1272 1618 1399 1648 Christo
1424 1618 1488 1648 filio
1515 1641 1546 1648 ..
1572 1618 1640 1658 regi
1666 1618 1777 1649 Sicilie
1810 1618 1927 1649 illustri
1951 1619 2086 1650 salutem

452 1673 483 1700 et
507 1669 716 1711 apostolicam
741 1669 1008 1700 benedictionem.

558 1721 645 1751 ,lntcr
676 1725 800 1751 ceteras
831 1721 1077 1756 sollicitudines.
1108 1732 1168 1763 quc
1193 1722 1371 1752 Romanam
1395 1725 1518 1763 angunt
1543 1722 1714 1753 ecelesiam
1739 1725 1770 1753 et
1794 1732 1850 1753 nos
1875 1721 1987 1753 maiori
2011 1731 2087 1753 cura

452 1773 683 1814 perstringunt,
712 1772 751 1802 ad
782 1773 850 1803 illas
880 1773 1045 1814 potissime
1076 1774 1234 1814 cogitatus
1265 1777 1390 1804 nostros
1416 1774 1635 1812 extendimuS,
1665 1773 1779 1814 quibus
1804 1774 1888 1805 inter
1911 1773 2104 1815 catholicos⁴

453 1825 537 1855 orbis
567 1828 650 1855 terre
679 1824 866 1865 magnificos
901 1825 1063 1866 principes
1098 1825 1266 1866 provenire
1302 1825 1443 1866 auspicia
1477 1825 1601 1856 sincere
1638 1825 1781 1856 caritatis
1816 1825 2018 1867 inspicimus,
2054 1826 2086 1855 et

453 1876 567 1917 quibus
599 1876 645 1906 eis
676 1876 829 1906 mentium
861 1877 1053 1907 serenitates
1083 1876 1260 1908 arrideant.
1294 1877 1389 1907 iidem
1422 1877 1685 1918 conglutinentur
1709 1877 1912 1919 amplexibus
1938 1880 1970 1908 ct
1991 1886 2086 1927 reges

453 1940 488 1958 ae
519 1938 618 1967 regna
648 1928 820 1968 tranquille
852 1928 939 1968 pacis
972 1929 1101 1969 vigeant
1133 1929 1290 1959 ubertate.
1338 1928 1388 1959 Ad
1419 1929 1477 1959 hec
1507 1930 1614 1970 itaque
1645 1929 1805 1960 continuis
1835 1929 1953 1970 vigiliis
1979 1930 2086 1959 nostra

453 1979 558 2009 studia
583 1983 819 2016 convertentes,
845 1983 949 2010 certos
974 1984 1129 2010 tractatus
1154 1980 1267 2011 diebus
1294 1981 1363 2011 istis
1388 1980 1472 2022 apud
1498 1980 1607 2012 sedem
1633 1981 1842 2022 apostolicam
1867 1990 1938 2011 cum
1962 1979 2086 2011 nunciis

453 2031 613 2061 karissimi
652 2031 681 2061 in
715 2031 842 2061 (Ἧι-1510
879 2032 931 2062 tilii
967 2032 1064 2062 nostri
1100 2032 1134 2062 u.
1171 2033 1254 2073 regis
1282 2032 1498 2063 Romanorum
1534 2033 1666 2063 illustris
1703 2036 1734 2063 et
1768 2032 1831 2063 tuis
1859 2031 2086 2073 assumpsimus

453 2087 483 2113 ct
509 2082 538 2112 in
564 2092 673 2112 eornm
698 2083 924 2123 prosecutione
950 2094 1006 2113 nos
1031 2088 1061 2115 et
1086 2084 1200 2115 fratres
1234 2085 1334 2115 nostri
1365 2087 1522 2126 oportuna
1551 2084 1778 2123 sollicitudine,
1813 2087 1965 2126 qnantum
1996 2083 2085 2114 nobis

454 2144 491 2164 ex
517 2134 581 2163 alto
606 2134 814 2174 permittitur.
845 2135 1025 2175 vigilamus.
1056 2139 1090 2165 nt
1115 2135 1230 2165 exinde
1256 2135 1399 2176 placidus
1424 2135 1504 2168 Dee.
1534 2136 1626 2167 nobis
1651 2139 1803 2178 acceptus
1828 2139 1860 2167 et
1884 2134 2084 2166 extollendus

454 2186 484 2215 in
522 2185 670 2225 gentibus
707 2185 813 2215 exitus
849 2188 1071 2227 subsequatur.
1123 2186 1243 2217 Verum
1280 2188 1354 2228 qnia
1387 2187 1417 2218 in
1451 2188 1564 2218 horum
1597 2188 1756 2229 aliquibus
1788 2187 1972 2229 specialiter
2000 2190 2084 2218 tuam

454 2236 681 2277 presentialcm
707 2237 973 2268 consultationem
999 2241 1154 2268 tractatus
1179 2239 1238 2279 ipsi
1257 2239 1430 2279 requirnnt,
1455 2244 1489 2269 nt
1514 2239 1630 2270 clarius
1657 2242 1688 2270 ct
1713 2239 1844 2270 solidius
1861 2239 1932 2270 Deo
1948 2238 2084 2280 propitio

455 2287 493 2318 ad
529 2287 654 2317 landem
693 2289 740 2318 sui
776 2290 913 2319 nominis
950 2294 1192 2323 consumentur,
1227 2290 1450 2321 celsitudinem
1487 2292 1609 2332 regiam
1643 2292 1834 2333 requirimus
1864 2294 1895 2322 et
1923 2290 2086 2322 hortamur

455 2343 585 2370 attente.
610 2340 759 2380 quatinus
779 2340 807 2370 in
833 2341 992 2381 aliquibus
1018 2341 1106 2381 regni
1132 2342 1176 2371 tui
1194 2342 1272 2372 loeis
1291 2342 1369 2373 prbi
1390 2342 1500 2373 vicinis
1519 2347 1549 2373 tc
1567 2343 1658 2374 nobis
1676 2343 1824 2374 celeriter
1840 2342 2085 2384 appropinques,

456 2395 488 2420 nt
513 2391 543 2420 in
569 2390 628 2420 hiis
654 2401 709 2431 per
734 2391 855 2421 litteras
881 2397 912 2422 et
937 2393 1068 2423 nuncios
1094 2393 1291 2434 frequentius
1317 2396 1348 2424 et
1373 2393 1585 2433 commodius,
1611 2395 1692 2425 sicut
1716 2393 1886 2436 expediet,
1917 2393 2086 2435 requiraris

456 2447 486 2472 et
512 2452 567 2482 pes
591 2441 650 2471 hoc
676 2442 835 2472 salubrius
860 2454 896 2473 ac
926 2444 1064 2474 celerius
1097 2444 1170 2485 ipsis
1202 2445 1392 2475 tractatibus
1423 2446 1620 2479 consulatur,
1653 2446 1744 2477 nobis
1775 2449 1902 2488 sperate
1926 2444 2085 2487 prosperi·

457 2494 532 2524 tatis
557 2493 758 2523 dulcedinem
784 2503 815 2524 ct
840 2495 942 2525 eidem
967 2496 1033 2535 regi
1059 2499 1089 2526 et
1114 2496 1171 2526 tibi
1196 2496 1318 2527 fructus
1342 2496 1458 2528 uberes
1483 2497 1695 2539 producturis,

563 2544 638 2576 Dat.
664 2545 764 2575 Rome
799 2546 882 2587 apud
915 2548 1067 2577 Sanctum
1100 2547 1245 2579 Petrum.
1280 2548 1320 2579 X.
1344 2548 1508 2580 Kalendas
1534 2549 1732 2589 Decembris,
1758 2549 1964 2591 pontificatus
1986 2545 2085 2579 nostri

457 2607 538 2627 anno
564 2607 672 2637 pruno.

541 2673 605 2698 21⁴3.
627 2674 650 2706 ¹¹)
670 2675 760 2698 ostium
781 2685 798 2698 r.
888 2680 910 2701 (1
930 2677 1115 2708 stimulet-tiones
1135 2687 1153 2700 ι’.

565 2735 586 2758 l·
607 2733 685 2766 111]ιά
708 2742 745 2759 nr.
760 2739 815 2759 23:30.
903 2737 918 2760 '..'
950 2736 989 2767 (Υ.
1012 2735 1089 2759 Ιίικτὴ·
1107 2736 1247 2761 ‘Analecta
1269 2736 1404 2762 Vuliuum'
1424 2744 1534 2765 1112941,

2112 684 2135 703 10

2111 949 2134 968 15

2111 1207 2136 1226 20

2112 1836 2136 1855 30

2112 2093 2135 2113 ³⁵

2110 2357 2134 2375 40

2111 2613 2134 2632 ⁴⁵
