2259 3116
441 123 499 153 180
819 118 976 145 RUDOLFI
998 118 1101 144 REGIS
1121 116 1441 143 (JONsTJ'rU'rIONES.
1480 116 1553 142 1278.
1589 116 1707 142 N1=.193.

439 218 477 239 ea
504 208 610 239 onmia
628 206 784 248 corporali
800 206 935 248 prestito
954 206 1133 236 iuramento
1150 204 1315 236 firmando,
1401 203 1448 244 (6)
1466 203 1508 234 Et
1525 203 1599 244 quia
1616 202 1734 233 dudum
1752 203 1874 243 absque
1899 203 1972 241 tuiS,
1997 203 2078 234 sicut

440 261 609 301 opinamur
634 262 666 289 et
690 258 864 297 credimus,
897 269 1073 293 consensu,
1103 257 1299 288 conscientia
1323 256 1372 286 vel
1398 254 1547 286 mandato
1573 254 1689 285 dictusi
1714 254 1926 285 cancellarius
1951 253 2035 297 [tuus
2059 267 2077 287 a

440 311 565 342 civibus
595 310 866 348 Bononiensibus,
897 310 1133 347 Imolensibus,
1163 307 1397 348 Faventinus),
1432 307 1705 345 Forliviensibus,
1736 306 2077 348 Foropopuliensibus,

443 363 670 402 Cesanatibus,
695 362 949 400 Ravennatibus,
974 361 1246 400 Ariminensibus,
1271 359 1483 390 Urbinatibus
1508 369 1632 389 necnon
1658 361 1690 389 et
1711 359 1782 389 aliis
1806 359 1941 389 aliarum
1965 359 2077 390 civita-

440 418 507 445 tum
533 415 658 445 illarum
684 415 821 456 partium
846 413 950 455 adque
979 414 1138 452 locorum,
1170 423 1231 453 que
1262 412 1362 453 ipsius
1394 411 1531 441 ecclesie
1562 411 1638 440 iuris
1664 409 1855 452 existunt,]k
1885 410 2077 442 huiusmodii
2117 422 2127 440 ⁵

440 466 635 497 iuramenta¹
660 466 792 497 nomine
817 469 870 496 tuo
894 465 1029 507 recepit,
1053 468 1087 495 tu
1112 466 1237 495 mature
1263 463 1465 504 conspiciens
1490 461 1520 492 id
1545 462 1576 492 in
1601 462 1811 503 preiudicium
1835 462 1912 493 iuris
1937 462 2080 494 eiusdem

442 518 582 549 ecclesie
608 518 831 555 subsecutum,
866 516 1017 559 quicquid
1047 527 1104 557 per
1132 515 1270 546 eundem
1294 514 1520 545 cancellarium
1554 524 1612 544 seu
1641 524 1877 555 quemcumque
1906 514 2003 545 alium
2026 518 2079 546 tuo

441 570 570 600 nomine
598 570 630 600 in
653 570 807 611 predictis
835 569 1018 600 civitatibus
1044 568 1094 599 vel
1118 568 1189 598 aliis
1214 567 1290 598 locis
1316 570 1348 597 et
1372 566 1466 597 terris
1489 576 1547 607 per
1570 565 1717 596 homines
1740 566 1881 607 ipsorum
1907 567 2080 605 civitatum,

444 625 603 653 terrarum
629 622 734 663 adque
758 622 901 653 locorum
928 624 1052 657 actum,
1084 622 1226 661 gestum,
1259 618 1481 659 recongnitum
1506 617 1614 648 extitit
1638 618 1704 648 sive
1729 617 1882 657 iuratum,
1911 618 2081 659 remittasi,

442 684 586 710 revoces,
611 685 731 711 casseS,
757 673 913 712 annulles,
938 673 1057 711 irritos,
1081 682 1208 702 cassum
1234 674 1265 701 et
1289 671 1410 700 irritum
1436 669 1564 700 nunties
1590 679 1626 699 ae
1651 668 1799 699 omnibus
1815 669 1934 700 viribus
1951 680 2077 708 vacueS,
2108 683 2131 701 ιο

444 729 592 757 statuens
626 730 657 757 et
691 736 846 767 expresse
879 725 1096 764 consentiens,
1129 723 1214 765 quod
1243 733 1299 764 per
1328 722 1388 753 hoc
1428 721 1549 752 nullum
1586 721 1633 751 ius
1667 721 1725 751 tibi
1755 725 1919 752 accrescat
1942 722 1995 753 vel
2022 721 2082 764 ipsi

445 778 584 809 ecclesie
609 777 765 819 depereat
788 780 854 808 tam
880 778 963 807 circa
980 776 1220 818 possessionem
1245 785 1339 815 quam
1365 774 1450 804 circa
1467 773 1696 814 proprietatem
1721 773 1753 803 in
1772 773 1965 812 civitatibus,
1990 774 2082 805 terris

444 833 475 860 et
504 830 584 860 locis
616 829 738 860 eisdem
771 840 806 860 ac
838 828 1038 868 hominibus,
1070 827 1191 858 iuribus
1223 830 1255 857 et
1284 825 1559 856 iurisdictionibus
1588 823 1786 855 eorumdem.
1875 825 1923 867 (7)
1947 826 1989 857 Et
2013 826 2085 867 quia

445 881 539 912 decet
559 882 686 922 regales
704 884 796 912 actus
813 881 843 911 in
861 881 946 911 omni
963 880 1108 911 claritate
1126 878 1312 920 procedere,
1330 880 1365 907 ut
1383 887 1510 908 omnem
1529 876 1769 916 obscuritatem,
1787 888 1881 918 quam
1899 877 2085 919 frequenter

447 934 645 975 generalitas
670 933 837 964 consuevit
862 932 1028 971 inducere,
1059 932 1150 962 tollat
1181 930 1298 971 regalis
1324 929 1491 971 expressio
1528 939 1564 960 ac
1593 929 1663 960 iura
1692 929 1829 960 ecclesie
1857 929 2002 971 predicte
2027 940 2082 972 per
2110 945 2131 963 ιε»

447 990 535 1016 tuam
560 985 824 1021 declarationem,
849 995 944 1026 quam
968 984 1124 1015 decernas
1149 993 1219 1014 esse
1239 985 1438 1024 perpetuam,
1463 981 1606 1022 plenarie
1624 981 1811 1021 solidentur,
1836 991 2083 1023 recongnoscas,

450 1037 582 1068 fatearis
618 1040 650 1067 et
686 1037 817 1078 speciali
853 1037 957 1068 edicto
988 1036 1028 1067 ad
1059 1038 1249 1077 perpetuam
1281 1034 1470 1065 memoriam
1505 1033 1637 1064 studeas
1669 1033 1850 1073 declarare,
1885 1034 2083 1073 Ravennam,

446 1089 609 1127 Emiliani,
634 1088 789 1128 Bobium,
815 1088 988 1127 Cesenam,
1011 1086 1260 1128 Forumpopuli,
1285 1085 1538 1124 Forumlivium,
1563 1085 1767 1125 Faventiam,
1789 1085 1954 1125 Ymolam,
1979 1085 2084 1117 Bono—

448 1141 545 1181 niam,
571 1140 762 1179 Ferrariam,
788 1140 985 1180 Com-aelam,
1009 1138 1143 1170 Adriani
1167 1138 1271 1179 adque
1297 1136 1481 1175 Gabellum,
1506 1137 1703 1175 Ariminum,
1728 1137 1901 1176 Urbinum,
1926 1137 2083 1169 Montem-

447 1193 616 1231 feretrum,
642 1193 837 1223 territorium
861 1192 1025 1223 Balnense
1050 1201 1121 1222 cum
1146 1190 1293 1221 omnibus
1318 1189 1450 1228 finibus,
1480 1189 1647 1220 territoriis
1681 1189 1785 1231 adque
1808 1190 1922 1221 insulis
1946 1190 1978 1220 in
2001 1193 2085 1221 terra
2111 1201 2136 1221 ρο

450 1245 595 1286 marique
621 1245 661 1276 ad
690 1245 836 1276 civitates
862 1247 893 1275 et
918 1244 988 1275 loca
1012 1242 1157 1285 predicta
1181 1252 1305 1283 quoquo
1331 1241 1424 1272 modo
1455 1241 1691 1282 pertinentibus
1720 1241 1761 1272 ad
1793 1242 1924 1273 beatum
1956 1242 2085 1273 Petrum

449 1297 580 1328 celestis
607 1297 696 1338 regni
726 1297 920 1338 clavigerum
947 1300 978 1327 et
1009 1295 1049 1326 ad
1074 1306 1130 1325 nos
1155 1306 1192 1326 ac
1217 1304 1421 1325 successores
1447 1296 1575 1324 nostros
1599 1293 1762 1324 Romanos
1790 1293 1956 1335 pontifices
1986 1297 2018 1325 et
2046 1294 2086 1325 ad

449 1349 552 1390 ipsam
570 1348 747 1380 Romanam
767 1349 936 1380 ecclesiam
961 1348 1056 1390 pleno
1082 1348 1151 1378 iure
1169 1347 1293 1387 integre
1312 1346 1343 1376 in
1361 1345 1583 1386 spiritualibus
1601 1349 1633 1376 et
1649 1346 1880 1387 temporalibus
1903 1346 1935 1376 in
1952 1346 2086 1377 solidum

449 1401 614 1441 pertinere
633 1411 668 1431 ac
686 1401 785 1431 nostri
803 1404 834 1432 et
851 1401 951 1442 ipsius
969 1399 1105 1431 ecclesie
1123 1399 1207 1440 pleni
1225 1397 1454 1428 iurisdictionis
1472 1407 1508 1428 ae
1525 1397 1722 1439 principatus
1740 1398 1892 1429 existere.
1982 1397 2029 1440 (8)
2045 1397 2087 1429 Et

448 1452 488 1483 ad
514 1463 638 1483 onmem
664 1452 873 1483 dubitationis
891 1452 1075 1493 scrupulum
1095 1451 1125 1481 in
1144 1454 1309 1492 posterum
1327 1449 1519 1480 abolendum
1545 1452 1576 1480 et
1600 1453 1634 1480 ut
1658 1453 1712 1480 tua
1731 1449 1859 1481 devotio
1885 1460 1962 1491 erga
1985 1450 2086 1492 ipsam
2112 1460 2135 1480 25

451 1504 622 1535 ecclesiam
649 1504 765 1535 clarius
791 1505 957 1541 enitescat,
982 1503 1126 1545 predicta
1151 1502 1258 1533 onmia
1283 1505 1314 1532 et
1338 1502 1474 1543 singula,
1498 1505 1594 1542 prout
1618 1502 1733 1533 melius
1759 1504 1791 1533 et
1815 1502 1978 1533 efficacius
2002 1502 2087 1534 valet

451 1556 605 1597 intelligi,
631 1556 723 1586 nobis
748 1560 780 1587 et
805 1567 861 1598 per
884 1566 941 1586 nos
967 1555 1208 1586 successoribus
1240 1554 1355 1585 nostris
1380 1554 1534 1586 Romanis
1566 1553 1771 1595 pontificibus
1801 1557 1832 1585 et
1860 1554 1920 1595 ipsi
1952 1554 2086 1585 ecclesie

452 1607 491 1638 de
516 1618 599 1638 novo
624 1607 784 1646 distincte,
809 1608 921 1645 libere,
946 1608 1088 1649 plenarie
1113 1610 1145 1637 et
1169 1617 1323 1648 expresse
1348 1605 1516 1644 concedas,
1542 1605 1688 1636 conferas
1713 1610 1743 1636 et
1768 1605 1879 1646 dones,
1904 1608 1938 1636 ut
1962 1605 2087 1636 sublata

454 1660 558 1690 omnis
584 1660 796 1690 contentionis
821 1664 852 1690 et
876 1659 1083 1690 dissentionis
1101 1659 1237 1690 materia
1261 1659 1352 1689 firma
1376 1669 1440 1699 pax
1465 1661 1496 1689 et
1521 1658 1617 1699 plena
1635 1657 1806 1689 concordia
1822 1658 1905 1689 inter
1922 1657 2088 1689 ecclesiam

455 1714 487 1741 et
512 1712 677 1752 imperinm
703 1714 950 1753 perseverent¹¹¹.
977 1722 1048 1741 cnm
1073 1721 1111 1741 ea
1136 1710 1242 1741 omnia
1275 1713 1307 1741 et
1336 1710 1463 1751 singula
1487 1720 1528 1740 ex
1551 1710 1726 1751 privilegiis
1756 1713 1788 1741 et
1818 1709 2088 1741 declarationibus
2114 1724 2138 1743 30

453 1763 721 1804 predecessorum
740 1767 867 1793 tuorum
884 1763 1102 1793 Romanorum
1120 1762 1350 1804 imperatorum
1369 1761 1454 1792 clare
1470 1772 1507 1792 ac
1521 1761 1668 1792 distincte
1683 1763 1843 1803 pertinere
1861 1761 1900 1793 ad
1913 1761 2090 1792 Romanam
2105 1800 2107 1802 η

453 1815 624 1845 ecelesiam
648 1815 881 1845 dinoscantur1.
975 1815 1022 1855 (9)
1048 1814 1089 1845 Et
1113 1818 1147 1844 ut
1165 1814 1324 1855 premissa
1348 1813 1454 1843 omnia
1471 1813 1562 1844 nobis
1587 1816 1619 1843 et
1643 1813 1765 1845 eisdem
1790 1813 2032 1845 successoribus
2054 1822 2090 1844 ac

457 1867 592 1897 ecclesie
610 1877 665 1908 per
683 1871 713 1898 te
731 1872 787 1898 acn
813 1871 884 1898 tuos
903 1877 1108 1898 successores
1127 1866 1343 1897 Romanorum
1362 1876 1455 1906 reges
1480 1869 1512 1896 et
1529 1866 1740 1907 imperatores
1757 1868 1924 1896 serventur
1939 1866 2091 1916 firmaque

460 1929 585 1960 semper
610 1922 642 1949 et
666 1919 852 1949 inconvulsa
877 1922 1099 1961 permaneant,
1123 1922 1176 1949 tue
1201 1917 1462 1958 recongnitioniS,
1488 1917 1715 1948 declarationis
1741 1921 1772 1948 et
1789 1917 1969 1948 donationis
1993 1916 2090 1958 privi-
2231 1929 2234 1943 ·

458 1971 563 2011 legia⁰
588 1981 683 2012 super
706 1971 767 2001 hiis
792 1971 830 2001 de
850 1975 904 2001 tua
922 1970 1119 2001 conscientia
1145 1973 1176 2000 et
1193 1979 1348 2010 expresso
1366 1969 1517 2000 mandato
1536 1969 1736 2011 conscriptap
1760 1969 1858 2000 facias
1884 1980 1981 2000 aurea
2004 1968 2090 2000 bulla
2116 1982 2138 2002 35

460 2023 586 2063 typario
612 2026 666 2053 tue
691 2023 866 2053 maiestatis
896 2023 1052 2063 impressa
1076 2022 1191 2052 muniri
1220 2032 1256 2052 ae
1280 2022 1373 2062 ipsa*l
1397 2020 1436 2051 ad
1460 2026 1648 2062 perpetuam
1681 2021 1875 2053 soliditatem
1900 2024 1931 2052 et
1963 2020 2090 2051 certitu-

460 2074 564 2105 dinem
591 2075 768 2116 pleniorem
794 2075 885 2105 nobis
911 2078 942 2105 et
972 2074 1033 2115 ipsi
1059 2073 1219 2104 ecclesie*-
1244 2073 1421 2103 liberaliter
1451 2072 1608 2103 exhiberi.
1699 2072 1767 2113 (10)
1792 2072 1835 2103 Et
1858 2072 2091 2110 nichilominus,

458 2130 492 2156 nt
528 2130 582 2157 tua
612 2126 737 2157 devotio
770 2127 915 2157 claritate
945 2126 1103 2167 refulgeat
1133 2129 1164 2156 et
1190 2126 1286 2166 longe
1317 2125 1446 2166 lateque
1478 2124 1517 2155 ad
1549 2124 1684 2155 aliorum
1723 2125 1869 2155 notitiam
1905 2123 2090 2162 deducatur,

459 2179 717 2217 revocationem,
753 2179 980 2214 cassationem,
1017 2178 1264 2217 anullationem,
1300 2177 1525 2216 irritationem,
1563 2177 1644 2207 cassi
1678 2180 1710 2207 et
1740 2177 1819 2207 irriti
1849 2176 2092 2213 nuntiationem,

459 2231 692 2269 vacuationem,
718 2231 974 2261 constitutionem
1000 2234 1031 2261 et
1056 2240 1249 2261 consensum
1275 2240 1311 2259 ac
1336 2229 1400 2260 alia
1422 2228 1608 2270 supradicta
1625 2228 1778 2270 predictis
1804 2231 1835 2258 ct
1859 2228 1928 2259 aliis
1952 2227 2089 2269 partium
2115 2240 2139 2259 4⁰

459 2282 634 2313 earundem
661 2294 716 2323 per
741 2282 897 2323 speciales
922 2283 1044 2312 litteras
1070 2286 1100 2312 et
1126 2282 1254 2312 nuntios
1279 2281 1403 2320 fideles,
1428 2281 1523 2311 utiles
1549 2284 1580 2311 et
1598 2285 1689 2321 aptos
1714 2280 1752 2311 ad
1778 2280 1863 2317 talia,
1888 2281 1940 2321 qui
1958 2279 2093 2310 fideliter

457 2338 489 2364 et
521 2335 605 2365 clare
637 2339 730 2376 prout
759 2334 851 2365 <lecet
883 2335 1053 2375 expediant
1085 2345 1141 2365 nce
1174 2334 1351 2368 involvant,
1378 2332 1508 2364 studeas
1534 2333 1720 2373 expressius
1746 2332 1905 2370 nuntiare,
1931 2330 2092 2362 liberalius

562 2429 587 2455 v²)
616 2429 641 2453 in
669 2429 787 2460 maraine
812 2429 952 2453 addantur
977 2428 1053 2453 leuce:
1082 2428 1132 2453 snb
1157 2428 1260 2455 ferinis.
1289 2437 1356 2460 quas
1385 2436 1432 2461 per
1460 2427 1575 2453 cundem
1604 2428 1715 2453 fratrem
1744 2426 1896 2453 Conradnin
1926 2425 1977 2451 tibi
2006 2426 2092 2451 trans-

555 2470 569 2482 *
611 2472 770 2498 uenimus?

2225 2533 2228 2575 i

563 2559 625 2584 193.
647 2559 663 2585 ί)
684 2570 762 2592 supra
784 2561 874 2584 lint-«1111
896 2561 956 2584 add.
971 2570 990 2584 ν.
1071 2559 1095 2588 ¹³)
1115 2560 1255 2583 oblitterata
1276 2564 1332 2583 snut
1352 2560 1375 2583 in
1397 2569 1425 2585 ι’..
1444 2561 1516 2584 rev-lm
1536 2560 1652 2591 adposito
1672 2563 1790 2584 va—cat.
1816 2559 1856 2591 Us.
1873 2560 1955 2590 2›.175¹
1973 2553 2091 2582 no!‹wn³⁴³.
2117 2560 2140 2579 ⁴5»
2225 2579 2227 2588 Α

459 2602 476 2629 ¹>
496 2604 607 2634 st'rsttiltsr
628 2605 755 2628 fidelitatis
775 2605 941 2627 uldam-aram
962 2614 981 2627 ι’.
1054 2604 1084 2633 ¹¹¹)
1104 2604 1214 2634 sarsaer'lw·
1234 2603 1362 2635 presertim
1383 2604 1550 2627 oblitteratum
1571 2612 1591 2627 c.
1666 2605 1690 2634 ¹¹)
1711 2612 1776 2627 corr.
1795 2610 1825 2626 cuz·
1843 2606 1868 2626 et
1886 2610 1906 2625 c.
1985 2600 2008 2633 ι“)
2027 2608 2091 2625 corr.
2225 2633 2227 2636 Ι

458 2656 487 2671 ca:
508 2647 715 2678 privilegium
735 2658 754 2672 ν,
845 2652 866 2678 ¹¹)
887 2657 952 2671 «Ἧι-Γ.
972 2656 1009 2672 (s.
1029 2648 1244 2678 conscriptam
1263 2656 1282 2671 c.
1372 2652 1394 2677 ¹1)
1413 2656 1478 2671 verr.
1493 2656 1521 2671 ιιι·
1543 2647 1640 2679 ipsnnl
1659 2656 1678 2670 e.
2226 2643 2227 2646 ¹

564 2733 587 2763 l)
616 2732 642 2757 Γ.
665 2732 738 2766 infru
760 2740 799 2757 ην.
818 2736 866 2757 ml.
955 2734 980 2763 22)
1004 2733 1042 2764 (γ’.
1065 2732 1139 2765 ins'ra
1158 2740 1199 2758 nr.
1218 2736 1259 2757 [5¹7
1275 2734 1296 2756 (Ἰ
1317 2736 1466 2758 Ἀιιιῐῖἒυν.

2223 2796 2225 2810 l

2224 2836 2225 2845 i
