2259 3164
465 175 620 201 nUl)OLFl
642 175 747 201 REGIS
768 176 1090 204 eeNs'rl'rU'rloNhts.
1132 180 1201 208 1275,
1242 180 1284 205 Nr.
1303 181 1356 208 174,
1375 182 1427 207 1123.
1704 186 1753 214 161

133 267 164 295 et
187 262 373 294 deducendo
398 262 554 303 prolocuti
574 263 745 297 fueramus,
771 263 853 303 quod
878 264 1038 294 011111111(10
1058 266 1147 295 vobis
1172 277 1213 297 cx
1242 270 1349 296 nostra
1377 269 1534 299 relacione
1566 270 1757 307 constiterit,

135 315 210 346 satis
236 314 376 345 contenti
400 314 499 351 critis,
525 314 662 344 Domino
687 315 893 351 concedente,
919 317 993 356 qnia
1019 320 1092 347 tunc
1118 318 1224 358 aliqua
1249 318 1320 348 inde
1345 319 1434 349 vobis
1459 331 1668 361 exponemus,
1693 331 1754 361 que

133 366 246 397 nuncio
271 366 321 397 vel
350 366 503 407 scripture
529 366 656 396 minime
682 367 953 397 committeremus
978 367 1016 397 ad
1042 379 1186 409 presens.
1233 369 1330 399 l'orro
1356 374 1493 401 vestram
1519 373 1755 412 paternitatem,

132 418 170 449 de
195 429 256 459 qua
279 417 511 459 specialissime
537 417 735 455 confidimus,
761 418 930 449 affectione
956 430 1017 459 qua
1040 430 1210 460 possumus
1233 422 1422 461 requirimus
1448 426 1479 452 et
1496 433 1655 463 rogamus,
1680 434 1756 465 qua-

93 477 103 495 1·
131 474 221 501 tenus
245 469 412 510 negocium
430 469 631 506 matrimonii,
657 468 740 510 quod
766 470 847 500 inter
871 470 1012 501 nobilem
1030 471 1236 502 domicellum
1256 472 1490 504 l‘lartumunum
1516 475 1647 505 illustris
1673 476 1757 515 rogis

82 739 104 757 10

79 1095 99 1112 15

77 1412 101 1432 20

77 1670 99 1690 25

76 1929 99 1947 30

75 2186 98 2205 35

75 2443 99 2461 ⁴10

75 2724 98 2742 ⁴5

129 521 342 552 Romanorum
368 521 466 551 filium
492 524 524 551 et
547 520 726 551 Iohannam
752 521 847 551 filiam
873 525 1015 552 nostram
1040 533 1096 563 per
1126 534 1180 553 vos
1214 525 1303 564 quasi
1335 525 1374 554 ab
1405 525 1496 555 inicio
1522 526 1626 556 fuerat
1651 527 1755 566 prelo-

131 576 253 611 cutum,
286 572 392 603 taliter
423 572 550 603 effectui
579 573 685 602 votivo
717 573 892 614 mancipari
924 575 1113 614 procuretis,
1148 575 1231 615 quod
1263 575 1290 605 id
1324 576 1361 605 ad
1394 581 1534 606 nestrum
1561 580 1592 606 ot
1617 581 1756 607 vestrum

129 625 279 655 honorem
305 627 400 665 atque
425 624 525 665 ipsius
548 624 726 661 domicelli,
757 635 851 665 quem
876 624 979 655 dictus
1004 636 1061 656 rex
1086 630 1178 667 pater
1208 637 1283 656 suus
1315 627 1354 657 ad
1382 627 1464 657 idem
1491 629 1656 668 negocium
1682 640 1755 659 con-

130 675 349 706 summandum
373 675 412 706 ad
437 687 495 706 nos
520 676 714 706 transmittet
738 676 797 706 hiis
822 676 951 711 diebus,
977 677 1082 707 valeat
1106 678 1135 707 111
1160 682 1324 719 posterum
1351 679 1538 715 redundare,
1565 684 1597 709 et
1622 691 1668 716 ea,
1695 691 1755 721 que

130 729 160 758 in
184 728 252 758 aliis
275 727 390 758 litteris
415 728 529 758 nostris
553 738 631 768 quas
656 728 744 758 vobis
774 728 927 758 mittimus
960 728 1197 771 [continentm·],
1228 733 1379 770 quantum
1405 731 1435 760 111
1461 731 1551 761 vobis
1577 735 1623 761 est
1648 733 1756 763 taliter

129 779 304 821 expleatis,
334 779 416 820 quod
447 779 519 810 inde
550 780 580 809 in
605 779 743 810 adventu
768 784 889 816 vestro,
914 791 1009 821 quem
1034 781 1136 811 modis
1162 782 1310 812 omnibus
1344 783 1500 813 festinetis
1532 787 1566 813 ut
1598 794 1755 824 rogamus,

129 832 168 862 ad
197 832 326 873 plenum
351 842 408 862 nos
440 832 568 873 possitis
602 832 737 863 reddere
769 833 933 864 certiores.
980 833 1041 863 Pro
1078 844 1138 874 quo
1174 834 1262 864 vobis
1294 837 1412 874 quanto
1447 834 1552 864 arcius
1587 845 1754 875 possumus

128 883 258 924 astringi
281 883 428 914 volumus
451 884 483 914 111
507 884 660 914 futurum.

231 934 305 966 Dat.
330 938 364 965 ut
388 936 514 977 supra¹⁴

415 1079 488 1112 155.
518 1081 664 1112 ALIAE
684 1081 921 1112 LITTERAE
942 1082 1167 1113 EIUSDEM*
1216 1084 1306 1114 127⁸.
1344 1083 1420 1114 Nor.
1439 1084 1467 1113 8.

230 1141 283 1172 ΕΑ,-
305 1142 405 1172 codem
430 1142 544 1173 Rotulo
568 1153 616 1173 ην.
633 1145 662 1172 ὁ.
708 1142 923 1181 Inyrosscctzcm
946 1142 1077 1173 alterius
1099 1143 1219 1180 formae
1244 1154 1267 1173 υ.
1292 1143 1379 1182 testard
1401 1143 1516 1183 Rymer
1539 1143 1557 1173 l.
1575 1154 1598 1172 ¹3.

1466 1195 1518 1234 (P.
1543 1195 1649 1235 (locst.)

230 1245 301 1275 Rex
325 1244 428 1275 eidem
454 1245 591 1276 salutem
617 1248 648 1276 et
673 1246 796 1277 sincere
820 1246 1000 1277 dilectionis
1025 1256 1153 1287 semper
1176 1248 1394 1286 augmentum.

231 1296 309 1327 Cum
334 1297 558 1328 serenissimus
586 1297 734 1339 princeps
758 1298 797 1328 R.
821 1309 879 1329 rex
903 1298 1120 1328 Romanorum
1149 1308 1277 1338 semper
1308 1300 1463 1338 augustus
1488 1298 1627 1328 nobilem
1652 1298 1752 1329 domi-

126 1348 239 1380 cellum
256 1348 494 1379 Hartmannum
511 1349 609 1379 filium
635 1360 727 1380 suum
751 1349 790 1380 ad
814 1350 973 1390 prelocuti
990 1349 1192 1387 matrimonii,
1217 1349 1255 1379 de
1281 1360 1342 1390 quo
1368 1349 1467 1386 scitis,
1496 1351 1751 1380 consummacio-

125 1411 197 1431 nem
221 1400 402 1432 faciendam
425 1401 465 1431 ad
490 1412 547 1432 nos
565 1402 692 1432 mittere
710 1406 866 1443 proponat
890 1402 951 1432 hiis
976 1401 1100 1439 diebus,
1127 1402 1208 1431 sicut
1233 1412 1290 1441 per
1306 1401 1430 1431 litteras
1456 1404 1487 1432 et
1504 1402 1635 1432 nuncios
1662 1401 1753 1432 nobis

125 1463 224 1494 nuper
247 1452 467 1492 demandavit,
497 1456 529 1484 et
561 1454 591 1483 in
623 1453 716 1484 corde
745 1457 855 1484 nostro
888 1464 1014 1495 quoquo
1047 1453 1142 1483 modo
1172 1453 1341 1494 concipere
1366 1463 1428 1483 non
1460 1453 1636 1494 possimus⁷
1668 1453 1753 1494 quod

125 1504 292 1545 negocium
316 1504 404 1543 illud,
429 1504 512 1546 quod
538 1505 627 1545 quasi
651 1516 708 1546 per
733 1516 787 1535 vos
813 1505 920 1535 extitit
944 1505 1138 1542 inchoatum,
1166 1505 1196 1534 in
1223 1504 1369 1535 absentia
1387 1507 1495 1534 vestra
1519 1504 1634 1541 valcat,
1659 1508 1753 1545 prout

125 1554 232 1593 decet,
262 1555 341 1586 adeo
372 1559 405 1586 ut
435 1556 590 1587 vellemus
622 1556 760 1587 feliciter
792 1557 954 1598 expediri,
985 1556 1211 1598 paternitatem
1236 1560 1376 1587 vestram
1407 1566 1557 1596 rogamus
1582 1556 1752 1586 affectione

125 1617 186 1648 qua
212 1617 381 1648 possumus
411 1607 572 1649 ampliori,
609 1612 766 1649 quatenus
799 1608 887 1639 vobis
913 1619 1010 1649 grave
1040 1619 1100 1638 non
1137 1609 1176 1638 sit
1211 1618 1266 1638 seu
1301 1607 1467 1638 molestum
1507 1610 1629 1637 vestros
1661 1608 1752 1637 nobis

125 1659 312 1690 acomodare
344 1659 470 1690 labores
501 1663 690 1690 consuetosa
721 1664 753 1690 et
782 1664 817 1690 ut
850 1660 1031 1690 huiusmodi
1063 1660 1255 1690 matrimonii
1289 1659 1519 1696 celebracioni,
1550 1662 1643 1699 prout
1667 1659 1751 1689 (lesi-

125 1710 284 1749 deramus,
319 1711 475 1742 interesse
505 1712 647 1753 possitis,
680 1712 740 1742 iter
775 1712 915 1753 arripere
942 1711 1047 1742 velitis
1079 1711 1118 1741 ad
1144 1714 1252 1752 partes
1278 1710 1422 1751 Angl(ie)
1448 1711 1478 1740 in
1503 1711 1652 1740 comitiva
1675 1710 1750 1740 dicti

125 1761 298 1799 domicelli,
335 1763 361 1793 si
395 1762 462 1793 fieri
486 1763 600 1804 possit,
633 1762 789 1793 veniendi.
836 1762 930 1797 Quod
963 1763 989 1792 si
1013 1762 1095 1793 forte
1121 1762 1226 1792 facere
1252 1762 1434 1802 nequeatiS,
1470 1764 1544 1792 tunc
1571 1772 1664 1802 quam
1691 1762 1751 1792 cito

124 1814 268 1856 poteritis
303 1815 474 1846 adventum
510 1818 651 1845 vestrum
688 1815 847 1845 festinetis
883 1818 914 1844 et
950 1814 1008 1844 1100
1044 1814 1126 1844 sicut
1156 1813 1194 1844 (10
1233 1814 1342 1843 innata
1376 1816 1407 1843 ct
1442 1816 1576 1854 experta
1613 1813 1752 1843 amicitia

125 1869 241 1906 vestra,
265 1865 303 1897 de
330 1876 391 1907 qua
415 1877 471 1907 pre
496 1867 609 1897 ceteris
634 1866 781 1896 amicitiis
805 1866 988 1907 specialiter
1012 1868 1043 1896 et
1068 1866 1179 1895 intime
1205 1865 1403 1898 confidimus,
1429 1865 1515 1894 nullo
1542 1864 1633 1894 modo
1659 1865 1750 1895 omit-

125 1917 208 1955 tatis,
233 1917 272 1948 ad
297 1918 483 1948 memoriam
509 1921 707 1954 revocantes,
733 1917 871 1957 qualiter
900 1927 1067 1958 personam
1094 1919 1234 1947 nostram
1260 1920 1291 1946 et
1314 1920 1441 1946 nostros
1452 1915 1475 1952 b,
1505 1915 1589 1956 quod
1624 1916 1751 1956 sepiusc

125 1969 246 2009 experti
271 1980 380 1999 sumus
405 1980 445 2000 cx
469 1980 581 2011 opere,
612 1969 766 1999 hactenus
796 1969 953 1999 dilexistis
983 1972 1014 1999 ct
1043 1969 1073 1998 in
1104 1979 1233 1998 recessu
1258 1972 1363 1998 vestro
1388 1978 1405 1997 a
1430 1967 1572 2008 partibus
1599 1966 1748 2007 Angl(ie)

124 2020 214 2051 nobis
238 2021 444 2062 promisistis,
474 2021 557 2062 quod
586 2032 641 2062 pro
666 2020 828 2051 voluntate
854 2023 962 2050 nostra
987 2020 1027 2050 ad
1050 2030 1107 2050 nos
1133 2019 1281 2050 rediretis
1316 2022 1348 2049 et
1373 2030 1411 2049 ca
1436 2029 1563 2059 semper
1587 2018 1748 2054 faceretis,

125 2082 184 2113 que
214 2072 325 2103 honori
354 2076 461 2103 nostro
489 2073 577 2113 regio
603 2076 635 2103 et
659 2082 776 2103 corone
801 2072 947 2112 Angl(ie)
979 2071 1150 2102 crederetis
1175 2071 1357 2101 convenire.
1399 2070 1651 2110 Verumptamen
1677 2069 1750 2109 quia

125 2122 162 2154 de
187 2123 339 2154 extenta2
362 2134 419 2155 seu
442 2124 688 2165 appreciacioue
706 2127 861 2154 terrarum
886 2123 960 2154 dicti
984 2123 1146 2154 domicelli
1171 2133 1227 2153 seu
1252 2133 1372 2159 earum,
1397 2132 1458 2162 que
1483 2121 1547 2151 filie
1572 2124 1689 2157 nostre,
1716 2124 1750 2150 ut

125 2176 280 2214 convenit,
305 2176 432 2207 nomine
458 2176 539 2206 dotis
563 2176 719 2216 assignari
744 2175 872 2211 debent,
898 2174 981 2205 sicut
1005 2175 1116 2210 nostis,
1141 2174 1284 2214 quamvis
1310 2183 1406 2214 super
1431 2173 1489 2202 1100
1514 2182 1571 2213 per
1588 2171 1748 2201 dominum

124 2225 274 2257 Iacobum
305 2228 434 2258 fratrem
464 2231 605 2259 vestrum
640 2230 671 2258 ct
695 2227 871 2257 Iohannem
896 2226 934 2256 de
960 2226 1094 2259 MounZ,
1131 2226 1212 2255 sicut
1245 2236 1302 2255 nos
1333 2224 1501 2255 mandasse
1536 2223 1747 2259 meminimus,

125 2278 309 2309 certioratos
344 2290 401 2309 nos
437 2279 536 2309 fuisse
572 2278 817 2314 crediderimus,
847 2277 941 2307 nichil
977 2280 1098 2307 certum
1129 2276 1285 2306 hactenus
1316 2276 1512 2316 accepimus,
1546 2274 1748 2304 dilectionem

124 2331 260 2359 vestram
285 2330 488 2371 aggredimur
513 2334 702 2363 exorantes,
732 2329 816 2370 quod
841 2329 879 2360 de
904 2328 1084 2359 huiusmodi
1109 2331 1242 2358 extenta
1266 2331 1296 2358 et
1320 2327 1565 2368 appreeiacione
1591 2329 1746 2355 terrarum

124 2380 335 2421 predictarum
360 2382 449 2412 iuxta
473 2386 612 2413 vestram
638 2382 868 2412 discrecionem
894 2381 1064 2420 diligenter
1088 2380 1205 2420 inquiri
1230 2378 1395 2420 faofi-atis),
1420 2381 1513 2419 prout
1538 2377 1616 2407 alias
1642 2376 1747 2406 extitit

125 2432 338 2472 prelocutum,
370 2434 415 2464 ita
442 2433 525 2474 quod
560 2443 617 2464 nos
649 2434 678 2463 iu
709 2436 815 2464 vestro
844 2432 983 2463 adventu
1013 2431 1085 2462 inde
1115 2431 1244 2472 possitis
1269 2430 1404 2460 reddere
1436 2428 1560 2469 plenius
1584 2428 1745 2457 certiores.

125 2483 314 2514 Huiusmodi
338 2488 446 2515 autem
470 2484 728 2515 incertitudinem
753 2485 846 2525 longe
872 2484 1071 2524 equanimius
1103 2483 1316 2515 sustinemus,
1350 2492 1387 2511 eo
1420 2479 1500 2520 (111011
1536 2482 1746 2509 memoratum

125 2545 232 2575 regem
257 2539 289 2566 et
312 2537 478 2567 consilium
505 2547 594 2567 suum
625 2536 708 2566 bona
731 2536 793 2566 fide
818 2546 895 2576 erga
919 2546 976 2565 nos
1001 2535 1031 2564 in
1056 2535 1115 2564 hac
1140 2537 1229 2575 parte
1254 2533 1359 2573 egisse
1385 2531 1559 2561 credimus,
1594 2529 1745 2570 quemad-

123 2586 248 2617 modum
272 2598 328 2618 nos
354 2588 412 2618 sibi
437 2588 466 2618 in
492 2588 639 2618 omnibus
664 2587 758 2618 fidem
784 2588 929 2617 volumus
955 2586 1137 2616 observare.

228 2638 298 2669 Dat.
324 2642 358 2669 ut
382 2639 508 2680 supral.

225 2714 285 2740 175.
306 2717 328 2746 ³)
348 2721 500 2741 consuetuos
520 2722 548 2742 (r.
638 2717 660 2748 l’)
680 2718 790 2748 sequitur
809 2717 917 2741 deletam
936 2717 1056 2740 hacteuus
1071 2724 1168 2747 semper
1187 2719 1217 2737 [ι’.
1306 2712 1327 2743 c)
1347 2720 1425 2741 ,susam
1446 2711 1538 2735 linem
1561 2714 1590 2733 [ι’.

225 2783 248 2815 l')
273 2783 394 2809 Videlicet
415 2792 455 2809 nr.
471 2788 522 2809 173.
611 2786 638 2815 2)
659 2785 673 2810 i.
688 2792 707 2810 c.
727 2784 878 2809 (ιεείίηιιιίίυ.

224 2842 259 2860 m„
274 2843 481 2861 CONSTlTUTIONES
495 2844 527 2861 111.
1510 2828 1538 2853 21
