2259 3164
112 859 135 877 1⁰

114 1124 136 1142 15

115 1380 138 1398 20

117 1895 141 1912 30

120 2154 141 2171 35

121 2409 144 2426 ¹¹0

532 205 689 232 RUDOLFI
711 205 815 231 REGIS
834 205 1156 232 CONsTl'rU'rloNEs.
1194 208 1267 234 1257.
1304 209 1349 234 Nr.
1364 210 1421 235 402,
1737 214 1796 243 385

160 351 235 384 402.
258 351 495 383 LITTERAE
509 351 687 382 LEGATI
701 350 978 382 APOSTOLICI
998 352 1262 383 PRAEJATJS
1280 353 1599 385 ALEMANNIAE
1616 356 1795 386 JJIssAE.

907 403 985 442 Asu:
1005 404 1053 432 15.

265 463 318 493 Ex
344 462 536 502 cczctoqrapho
564 463 716 493 {abedarii
743 463 920 493 Montensis
948 463 1134 494 ιΤνόεοιῑψῖσ
1162 464 1214 494 des
1243 464 1371 495 duales*
1400 477 1446 496 ην.
1471 468 1531 496 143
1565 467 1796 505 ‹lcsrffrt'ltst'mns.

161 515 275 546 Pendet
297 514 434 553 siyillwn
459 514 597 544 rubrum.
645 514 685 545 Ιιι
706 514 795 553 plica
822 525 842 544 (ι
865 517 955 552 parte
978 515 1088 544 (burli-(c
1112 514 1273 553 legszmtm:
1304 516 1351 546 Gra
1381 517 1419 547 de
1449 518 1598 548 mandato
1624 519 1674 549 dni
1702 518 1795 549 Card.

161 566 199 598 G.
215 566 312 603 Bou.-
335 566 369 596 in
391 576 494 596 verso:
518 566 722 606 generaliter.
768 566 885 596 Editur:
907 568 980 596 sant
1007 566 1067 596 iam
1091 566 1179 604 ‹tfflnl
1202 567 1347 597 Illarliwec
1378 571 1404 597 ct
1433 569 1573 599 Duraml
1604 570 1798 600 *lesmcrzcs

161 617 385 649 anecdotorum*
414 617 440 653 I,
466 617 557 647 1210.
608 617 748 648 Celerwn
771 618 813 657 cf.
833 618 1074 656 protestationes
1097 620 1204 647 contra
1228 618 1320 657 hyali
1352 619 1472 649 listerus
1495 620 1632 657 habitus,
1661 632 1795 659 (seuerum

161 668 353 708 (cutoyraphcc
369 670 534 699 servantur
551 668 583 698 in
599 668 755 699 tabulario
772 668 924 699 Ιιιειιίιωιο
941 669 1000 708 (St.
1019 669 1134 699 Gcnois
1151 669 1348 700 ‘anmwts
1364 672 1500 701 maffeus*
1518 673 1543 707 I,
1563 675 1624 702 1-21’5'
1647 683 1695 704 w:
1710 674 1795 713 41²2),

161 724 189 752 et
211 731 307 759 supra
330 730 378 751 nr.
396 720 466 750 395.
484 720 555 751 3902
1506 723 1557 761 (P.
1584 723 1690 759 deest.)

267 798 429 829 Iohannes
453 798 660 829 miseratione
679 798 785 829 divina
803 798 1007 829 Tusculanus
1032 799 1200 840 episcopus
1219 800 1395 840 apostolice
1414 800 1498 831 sedis
1518 801 1643 841 legatus
1661 812 1795 832 venera-

162 850 277 882 bilibus
300 850 332 881 in
357 849 484 880 Christo
508 849 654 890 patribus
679 850 837 880 universis
863 874 869 880 .
888 874 894 880 .
920 850 1172 891 archiepiscopis
1198 854 1229 881 et
1253 851 1409 892 episcopis
1435 862 1470 882 ac
1496 852 1621 882 dilectis
1648 852 1738 883 nobis
1766 853 1794 883 in

163 901 287 933 Christo
311 926 317 932 .
343 925 349 932 .
375 900 546 932 abbatibus
579 901 759 942 ceterisque
790 901 997 931 ecclesiarum
1028 901 1159 942 prelatis
1187 912 1244 942 per
1276 906 1386 943 partes
1411 902 1580 933 Alamanie
1605 904 1797 941 constitutis,

162 953 201 984 ad
225 963 302 994 quos
324 952 430 983 littere
455 955 625 994 presentes
650 953 867 994 pervenerint,
891 953 1028 983 salutem
1053 952 1084 982 in
1109 952 1259 985 Domino.

268 1013 479 1054 Omnipotens
503 1012 592 1043 Deus
618 1013 774 1043 ineffabili
798 1011 1002 1053 providentia
1027 1013 1177 1043 universa
1207 1012 1381 1054 disponens
1410 1013 1449 1044 ad
1475 1015 1738 1046 sustentationem
1767 1018 1798 1046 et

162 1065 303 1106 regimen
320 1064 506 1106 populorum
525 1063 605 1095 duos
630 1064 765 1105 gladios,
783 1063 933 1095 videlicet
958 1064 1159 1105 spiritualem
1184 1067 1215 1094 et
1232 1065 1453 1106 temporalem,
1470 1066 1692 1107 principaliter
1716 1066 1796 1096 ordi<

163 1116 264 1155 navit,
289 1120 323 1147 ut
346 1126 418 1147 cum
442 1126 522 1157 opus
548 1119 643 1154 esset,
669 1116 751 1146 alter
775 1116 908 1146 alterius
937 1116 1050 1146 auxilii
1077 1116 1254 1146 ministerio
1279 1117 1453 1147 uteretur1.
1501 1118 1607 1152 Quare
1633 1118 1796 1148 excellen-

163 1167 302 1198 tissimus
327 1178 363 1198 ac
387 1168 611 1199 serenissimus
636 1168 785 1209 princeps
810 1167 957 1198 dominus
982 1166 1142 1197 Rudolfus
1167 1166 1228 1198 Dei
1262 1168 1364 1208 gratia
1390 1168 1608 1199 Romanorum
1640 1179 1713 1206 rex,
1745 1169 1797 1209 qui

164 1219 371 1261 dispositione
397 1219 503 1250 divina
532 1219 631 1250 habet
655 1220 842 1260 temporalis
873 1218 972 1260 gladii
1002 1222 1216 1260 potestatem,
1246 1220 1401 1260 premissa
1432 1219 1603 1260 diligenter
1629 1220 1797 1250 attendens

164 1281 182 1301 a
204 1271 296 1302 nobis
321 1281 390 1301 cum
415 1271 570 1302 instantia
593 1270 779 1312 postulavit,
804 1274 838 1301 ut
862 1281 933 1301 cum
958 1271 1025 1311 ipse
1045 1274 1154 1301 contra
1172 1271 1342 1301 nonnullos
1366 1271 1404 1301 de
1430 1282 1526 1311 regno
1546 1271 1715 1302 Alamanic
1742 1282 1797 1302 sue

164 1323 331 1364 temporali
364 1322 575 1353 iurisdictioni
606 1322 767 1353 subiectos
797 1325 929 1363 propter
959 1332 1068 1352 eorum
1101 1322 1313 1352 rebellionem
1340 1326 1371 1353 et
1395 1323 1628 1353 contumaciam
1654 1322 1798 1362 aliosque

164 1374 300 1415 ipsorum
315 1384 468 1404 excessus
484 1374 625 1404 notorios
643 1374 704 1404 iam
719 1373 837 1404 dudum
856 1384 911 1404 sue
925 1373 1065 1414 gladium
1082 1373 1254 1404 vibraverit
1272 1374 1451 1414 potestatis,
1469 1374 1554 1414 ipsos
1571 1373 1798 1414 proscribendo

164 1425 283 1456 iustitia
307 1425 478 1465 suadente,
503 1436 539 1456 ac
564 1425 623 1466 ipsi
648 1436 709 1456 non
735 1426 798 1456 sint
823 1425 969 1456 conversi
994 1424 1033 1455 ad
1058 1426 1292 1466 percutientem
1318 1435 1351 1455 se
1364 1424 1387 1459 ²,
1413 1425 1469 1455 sed
1494 1426 1524 1455 in
1549 1436 1605 1455 sua
1623 1425 1798 1455 rebellione

164 1478 269 1518 potius
286 1476 447 1515 obstinati,
472 1487 535 1508 nou
553 1480 702 1507 curantes
727 1477 766 1507 ad
792 1477 892 1518 ipsius
911 1477 995 1517 regis
1019 1476 1123 1507 redire
1148 1476 1308 1513 mandata,
1334 1487 1390 1517 per
1414 1487 1532 1507 annum
1558 1476 1744 1517 etamplius
1769 1476 1798 1506 in

164 1529 394 1570 proscriptione
411 1528 592 1559 huiusmodi
609 1529 831 1570 perstiterunt,
855 1528 1010 1559 adversus
1035 1528 1164 1559 eosdem
1191 1528 1365 1568 spiritualis
1389 1528 1486 1568 gladii
1511 1528 1664 1557 exercitio
1690 1530 1797 1557 utere-

165 1590 244 1618 mur,
268 1591 304 1610 ac
321 1583 463 1611 nostrum
482 1591 579 1622 super
596 1580 655 1611 hoc
673 1580 827 1611 auxilium
846 1579 1038 1610 fiducialiter
1055 1579 1247 1620 imploravit.
1326 1579 1394 1609 Nos
1420 1580 1527 1620 itaque
1547 1579 1690 1609 volentes
1715 1579 1798 1609 dieto

165 1631 232 1672 regi
253 1631 342 1662 iuxta
366 1631 455 1662 offitii
479 1632 579 1662 nostri
604 1631 746 1662 debitum
772 1634 883 1661 contra
906 1631 1104 1672 proscriptos
1128 1630 1308 1661 huiusmodi
1332 1631 1488 1661 auxilium
1514 1630 1682 1669 exhibere,
1709 1631 1797 1660 vobis

166 1682 311 1713 omnibus
336 1686 367 1713 et
391 1683 524 1724 singulis
549 1683 608 1714 sub
637 1693 721 1724 pena
752 1682 1110 1719 excommunicationis,
1143 1692 1237 1723 quam
1268 1692 1324 1712 vos
1357 1683 1503 1712 volumus
1535 1682 1696 1712 incurrere
1730 1682 1819 1725 ipso.

166 1734 262 1772 facto,
290 1734 349 1765 nisi
378 1734 499 1776 absque
525 1745 610 1765 more
636 1734 803 1775 dispendio
835 1745 852 1764 a
876 1737 1020 1775 tempore
1051 1734 1298 1775 presentationis
1324 1734 1522 1775 presentium
1547 1734 1688 1764 feceritis
1714 1733 1798 1773 quod

166 1785 362 1826 mandamus,
387 1797 448 1827 qua
472 1786 633 1827 fungimur
650 1786 839 1816 auctoritate
858 1786 1063 1827 precipimus,
1089 1786 1239 1826 quatinus
1256 1785 1414 1825 predictos
1432 1785 1629 1825 proscriptos
1655 1785 1685 1814 in
1711 1784 1798 1822 locis,

166 1836 197 1866 in
220 1837 331 1877 quibus
356 1837 509 1879 expedire
535 1837 679 1868 videritis
705 1842 736 1868 ct
760 1838 799 1868 de
826 1838 941 1878 quibus
966 1848 984 1867 a
1008 1838 1110 1867 latore
1136 1837 1332 1878 presentium
1362 1837 1489 1867 fueritis
1523 1837 1684 1878 requisiti,
1719 1836 1799 1866 infra

168 1888 317 1919 terminos
341 1893 448 1920 nostre
473 1890 641 1930 legationis
667 1890 863 1930 generaliter
893 1899 929 1919 ac
959 1889 1086 1930 publice
1117 1900 1158 1919 ex
1190 1892 1282 1929 parte
1311 1892 1422 1919 nostra
1453 1899 1581 1919 monere
1606 1888 1740 1922 curetis,
1765 1892 1799 1917 ut

168 1939 247 1970 iufra
271 1939 349 1971 duos
378 1951 506 1971 menses
538 1944 611 1982 post
640 1941 849 1971 monitionem
881 1943 1039 1977 nostram,
1072 1950 1151 1980 quos
1182 1941 1227 1970 eis
1257 1950 1313 1980 pro
1338 1940 1458 1980 primo,
1483 1939 1624 1970 secundo
1650 1942 1681 1969 et
1706 1939 1799 1969 tertio

168 1991 299 2021 termino
324 1993 538 2034 peremptorio
564 1993 783 2033 assignamus,
816 1992 898 2022 dicto
924 1992 991 2032 regi
1017 1995 1048 2022 et
1073 1991 1160 2021 curie
1186 2002 1242 2022 sue
1267 2001 1364 2032 super
1388 1991 1466 2028 hiis,
1499 2002 1555 2032 pro
1586 1990 1700 2031 quibus
1725 2001 1797 2021 sen-

167 2043 341 2073 tentialiter
365 2047 437 2074 sunt
460 2044 645 2086 proscripti,
675 2055 788 2085 parcre
821 2046 1002 2085 procurent.
1050 2042 1143 2077 Quod
1174 2043 1200 2073 si
1230 2044 1260 2073 in
1291 2043 1376 2073 dicta
1401 2042 1575 2073 rebellione
1605 2052 1662 2072 seu
1687 2045 1798 2071 contu-

168 2094 267 2124 macia
290 2098 360 2136 post
384 2095 482 2126 dictos
508 2106 636 2127 menses
666 2107 724 2137 per
748 2099 819 2125 octo
850 2095 919 2125 dies
949 2095 1054 2125 animo
1086 2095 1287 2135 perstiterint
1317 2094 1481 2131 indurato,
1517 2094 1634 2133 singuli
1660 2096 1799 2122 vestrum

169 2144 293 2175 eosdem
322 2147 513 2188 proscriptos
545 2151 679 2186 extunc,
715 2158 793 2188 quos
825 2157 950 2177 exnunc
985 2146 1301 2176 excommunicamus
1341 2146 1372 2175 in
1403 2145 1464 2175 hiis
1500 2145 1642 2186 scriptis,
1676 2154 1747 2174 cum
1783 2154 1800 2173 a

168 2196 267 2227 latore
291 2199 486 2238 presentium
512 2199 635 2229 fueritis
660 2199 814 2239 requisiti,
839 2198 1036 2238 generaliter
1061 2201 1092 2227 et
1117 2197 1187 2227 illos
1213 2208 1253 2227 ex
1285 2197 1348 2235 cis,
1382 2197 1420 2227 dc
1453 2206 1584 2237 quorum
1617 2195 1798 2225 nominibus

168 2246 256 2277 vobis
290 2259 346 2289 per
379 2260 546 2290 processus
580 2253 611 2280 et
638 2250 831 2280 sententiam
862 2249 937 2280 dicti
968 2249 1053 2289 regis
1084 2251 1116 2279 et
1145 2249 1230 2278 curie
1267 2259 1322 2278 sue
1355 2248 1569 2285 0011stit01·it³³,
1610 2246 1797 2276 nominatim

168 2297 298 2339 singulis
323 2299 434 2330 diebus
458 2300 624 2332 dominicis
649 2305 680 2331 et
704 2301 829 2331 festivis
854 2300 988 2341 pulsatis
1015 2300 1177 2340 campanis
1203 2303 1234 2330 et
1253 2299 1395 2330 candelis
1414 2299 1558 2329 accensis
1579 2297 1798 2328 excommuni—

169 2352 253 2380 catos
276 2351 401 2391 publice
419 2352 571 2383 nuntietis
596 2356 628 2383 et
652 2363 717 2388 cos,
742 2355 776 2382 ut
800 2352 839 2382 ad
857 2351 1074 2382 obedientiam
1100 2354 1131 2381 et
1148 2350 1351 2381 devotionem
1371 2351 1447 2381 dicti
1473 2351 1555 2391 regis
1582 2353 1613 2380 et
1631 2349 1716 2379 curic
1742 2359 1798 2378 sue

172 2399 310 2437 redeant,
334 2412 389 2443 per
413 2414 580 2434 censuram
605 2404 858 2434 ecclesiasticam
884 2403 1096 2444 compellatis.

273 2460 389 2492 Datum
414 2462 616 2505 Ilomburgh,
641 2464 750 2495 XVM.
770 2463 841 2494 Kal.
869 2463 952 2495 Maii.
980 2462 1183 2503 pontificatus
1209 2462 1328 2492 domini
1349 2461 1481 2492 Honorii
1508 2472 1589 2502 pape
1617 2460 1689 2490 llll.
1716 2470 1798 2488 anuo

171 2511 317 2543 secundo.

272 2803 295 2835 l)
317 2803 356 2836 Cs'.
375 2812 497 2837 arenywn
515 2813 598 2837 supra
618 2813 658 2832 nr.
671 2810 727 2832 396,
816 2807 842 2834 2»
865 2807 904 2839 (If.
925 2806 958 2833 Is.
973 2810 994 2837 ἐν,
1008 2808 1042 2830 13.
1131 2807 1156 2835 3)
1178 2804 1217 2835 Cf.
1239 2803 1301 2836 Res).
1318 2803 1376 2834 imp.
1397 2802 1438 2833 Vl,
1454 2804 1556 2827 2078—-
1569 2803 1611 2827 '90-

269 2862 304 2879 ιι.
315 2862 524 2882 εοΝετιΤυΤιοΝΕε
537 2865 570 2882 ιιι.
898 2851 900 2855 ’
1563 2851 1594 2876 49
