2259 3164
192 767 216 785 10

192 1021 214 1039 15

189 1298 214 1317 20

190 1565 214 1584 25

189 1821 214 1841 30

189 2077 213 2096 35

186 2342 211 2360 40

188 2600 210 2617 15

416 207 713 233 sUPPLEMENTUM
734 207 782 233 AD
802 207 959 233 RUDOLFI
980 208 1081 234 REels
1102 209 1424 236 CONs'l‘iTL'T[ONHs.
1462 211 1535 238 1287,
1573 212 1618 238 Nr.
1633 213 1690 238 665.
1817 217 1873 244 651

237 293 331 323 batur
354 294 436 323 inter
452 297 641 331 castrenses,
665 293 783 323 milites
808 298 839 324 et
862 294 943 323 filios
968 294 1100 325 militum
1128 305 1167 325 ex
1192 306 1252 326 una
1279 300 1310 325 et
1335 297 1419 326 cives
1438 296 1734 338 Oppcnlieimenses
1757 304 1880 330 nostros

237 344 372 375 dilectos
397 355 437 375 ex
461 348 552 385 parte
577 344 688 383 altera,
713 355 775 384 qua
800 345 901 375 eciam
927 344 967 375 de
992 356 1087 375 causa
1112 347 1196 376 cives
1222 347 1340 377 ibidem
1357 347 1557 380 destituimus
1581 350 1621 379 ab
1641 351 1751 381 officiis
1776 351 1878 381 scabi-

236 399 328 426 natus
353 399 384 426 et
408 396 599 430 consulatus,
624 396 667 426 ita
692 395 777 436 quod
800 406 858 426 nec
883 396 1028 426 consules
1052 397 1103 427 vel
1127 398 1246 428 scabini
1271 409 1342 428 esse
1367 400 1537 436 debebant,
1561 401 1723 432 mediante
1747 413 1823 432 sano
1849 406 1880 432 et

235 450 360 477 maturo
385 447 515 477 consilio
540 448 717 487 principum
742 450 774 477 et
797 447 931 478 aliorum
955 448 1097 479 fidelium
1121 454 1299 480 nostrorum
1325 455 1356 481 et
1379 451 1503 492 imperii
1527 452 1726 483 decernimus
1750 458 1880 494 propter

236 498 440 528 commodum
464 498 615 539 generale
641 502 673 529 et
697 509 897 529 communem
922 499 1093 530 utilitatem
1118 505 1182 530 tam
1207 502 1425 539 castrensium,
1450 504 1585 533 militum
1610 507 1642 534 et
1665 505 1797 534 aliorum
1823 516 1879 534 no-

235 549 345 580 bilium
369 560 464 590 quam
490 550 605 580 civium
629 550 860 590 predictorum,
892 561 930 581 ne
956 551 1104 581 ammodo
1130 552 1180 582 vel
1204 553 1332 583 inantea
1356 554 1438 584 inter
1465 565 1519 584 eos
1547 555 1650 595 aliqua
1677 555 1879 586 dissensionis

233 601 285 631 vel
309 600 466 631 discordie
483 602 618 631 materia
635 601 742 632 valeat
758 602 904 637 suboriri,
929 603 1030 643 regali
1048 602 1152 633 edicto
1178 614 1235 634 seu
1258 604 1408 635 mandato
1430 608 1616 645 statuentes,
1640 607 1725 646 quod
1749 607 1880 637 ulterius

234 653 458 693 inperpetuum
497 652 636 683 sedecim
676 653 760 683 cives
790 664 860 683 cum
891 653 1031 684 sedecim
1060 654 1229 689 militibus,
1266 656 1318 695 qui
1348 667 1428 686 nunc
1459 660 1530 687 sunt
1560 658 1590 687 in
1621 658 1765 692 consilio,
1800 659 1881 689 sicut

235 703 425 744 quandoque
442 704 508 734 sive
525 705 691 734 retroactis
710 705 908 745 temporibus
925 705 1062 745 fuerunt,
1081 705 1201 736 debent
1218 706 1305 747 fungi
1323 708 1427 737 officio
1446 708 1635 739 consulatus.
1703 709 1877 740 Statuimus

234 755 470 794 nichilominus,
510 755 595 796 quod
632 756 715 786 inter
753 757 837 786 cives
872 756 1033 797 predictos
1072 757 1101 787 in
1141 758 1286 788 consules
1322 759 1441 789 electos
1480 763 1512 789 et
1543 759 1713 800 deputatos
1749 765 1872 801 septem

235 806 356 837 debent
390 817 460 837 esse
495 806 631 846 scabini,
667 808 711 837 ita
746 808 831 848 quod
867 808 1121 849 quandocunque
1154 809 1236 839 inter
1271 809 1400 845 milites,
1440 811 1492 850 qui
1524 811 1644 841 scabini
1679 816 1762 847 sunt,
1798 823 1878 842 unus

234 858 372 889 decedat
399 869 456 889 seu
484 859 654 893 moriatur,
691 858 776 899 quod
811 869 890 889 unus
919 860 1034 890 civium
1063 859 1220 890 subintret
1251 860 1354 890 locum
1387 861 1468 891 illius
1498 862 1684 892 decedentis
1713 863 1743 893 in
1772 863 1877 894 officio

233 909 430 949 scabinatus,
463 913 495 940 et
527 909 587 940 hoc
617 913 682 940 tam
710 909 764 940 diu
795 910 866 949 fiat,
902 921 1066 951 quousque
1105 921 1254 941 numerus
1284 916 1407 952 septem
1438 913 1552 943 civium
1588 914 1640 954 qui
1665 914 1783 944 debent
1808 925 1877 945 esse

236 961 356 991 scabini
380 961 588 1002 compleatur,
613 962 656 991 sic
682 961 767 1002 quod
790 965 914 1002 septem
940 962 979 992 de
1004 962 1125 993 civibus
1150 973 1232 1003 eque
1257 963 1435 994 efficiantur
1458 964 1579 994 scabini
1603 968 1635 994 et
1659 969 1877 1005 permaneant.

235 1014 315 1044 sicut
339 1016 371 1043 et
394 1016 519 1053 septem
547 1012 587 1043 de
617 1012 769 1043 militibus
797 1013 927 1044 stabunt
951 1019 983 1044 et
1006 1014 1240 1054 permanebunt
1263 1015 1293 1044 in
1318 1014 1395 1045 sede
1420 1018 1452 1045 et
1475 1016 1578 1045 officio
1603 1016 1792 1047 scabinatus.

340 1084 368 1111 2.
393 1081 571 1122 Propterea
588 1086 706 1118 autem,
733 1082 828 1124 quiab
853 1082 954 1113 dictos
971 1083 1056 1113 cives
1073 1083 1373 1124 Oppenheimenses
1398 1084 1592 1114 restituimus
1616 1085 1674 1114 ad⁰
1698 1085 1877 1115 consulatus

234 1136 267 1163 et
290 1133 471 1164 scabinatus
496 1133 600 1164 officia
624 1135 820 1175 supradicta.
850 1134 1073 1175 obligaverunt
1096 1145 1130 1165 se.
1155 1136 1240 1165 cives
1265 1135 1304 1165 de
1330 1134 1533 1175 Oppenheim
1557 1136 1693 1166 universi
1718 1140 1782 1166 tam
1807 1147 1878 1177 pre-

233 1187 339 1214 sentes
364 1195 458 1225 quam
483 1186 602 1225 posteri
626 1196 681 1216 seu
706 1186 815 1225 futuri,
847 1186 931 1227 quod
956 1187 1017 1226 ipsi
1040 1197 1099 1216 nec
1125 1196 1234 1217 eorum
1260 1197 1460 1218 successores
1485 1187 1525 1217 ad
1551 1186 1798 1218 destructionem
1823 1199 1878 1218 seu

233 1235 487 1267 devastationem
511 1237 608 1267 nostri
626 1239 719 1268 castri
744 1241 776 1268 et
792 1238 917 1278 imperii
941 1239 971 1268 in
989 1237 1192 1278 Oppenheim
1212 1248 1372 1279 nunquam
1390 1238 1556 1269 intendere
1575 1238 1714 1269 debeant
1738 1239 1878 1274 consilio,

234 1287 338 1318 studio
364 1288 413 1318 vel
440 1288 560 1319 labore.

341 1349 368 1378 3.
392 1347 611 1378 Promiserunt
635 1351 667 1378 et
684 1348 907 1388 obligaverunt
931 1348 984 1379 se‘¹
1002 1349 1131 1389 insuper
1154 1349 1195 1379 ad
1220 1349 1278 1379 hoc
1304 1350 1388 1379 cives
1407 1350 1575 1390 prenotati,
1600 1350 1624 1379 si
1648 1353 1719 1390 post
1742 1353 1878 1380 mortem

233 1402 374 1430 nostram
398 1400 566 1440 contigerit
590 1409 704 1430 vacare
728 1400 907 1430 Romanum
932 1401 1101 1441 imperium
1126 1412 1144 1431 a
1169 1400 1401 1441 gubernatione
1426 1401 1557 1431 alterius
1580 1401 1664 1441 regis
1688 1408 1719 1431 et
1743 1403 1785 1431 sic
1810 1402 1877 1441 ipso

233 1454 365 1481 vacante
390 1452 550 1492 principes
567 1451 724 1481 electores
741 1452 866 1492 imperii
890 1452 972 1482 inter
995 1462 1029 1482 se
1054 1453 1085 1481 in
1102 1452 1260 1482 electione
1287 1452 1370 1492 regis
1387 1452 1607 1482 discordantes
1623 1453 1704 1482 forte
1723 1452 1878 1492 elegerint

233 1502 313 1532 duos
337 1513 440 1543 reges,
465 1503 549 1543 quod
574 1503 633 1543 ipsi
657 1503 697 1532 ad
722 1506 866 1533 neutram
891 1507 1016 1543 partem
1040 1503 1201 1533 declinare
1227 1503 1368 1534 debeant
1386 1504 1506 1534 auxilio
1531 1504 1580 1534 vel
1605 1504 1713 1534 favore
1738 1514 1795 1534 nec
1819 1504 1876 1534 ali-

234 1564 329 1594 quem
354 1554 510 1585 dictorum
533 1564 645 1594 regum
670 1554 721 1584 vel
744 1554 884 1595 aliquem
908 1554 1042 1585 aliorum
1067 1554 1266 1585 dominorum
1291 1556 1321 1584 in
1345 1565 1434 1585 suam
1460 1555 1670 1585 intwmittere
1695 1560 1877 1595 presumant

232 1608 288 1635 aut
312 1604 453 1636 debeant
476 1606 653 1642 civitatem,
676 1606 735 1636 nisi
759 1605 799 1636 de
824 1607 982 1636 communi
1007 1606 1153 1644 consilio,
1178 1607 1257 1636 scitu
1282 1610 1313 1636 et
1338 1606 1500 1637 voluntate
1525 1606 1733 1636 castrensium
1757 1606 1875 1637 ibidem

233 1660 265 1686 et
284 1656 447 1687 consulum
465 1658 518 1698 qui
536 1660 607 1687 sunt
623 1657 740 1687 milites
759 1656 985 1697 predictorum.
1119 1657 1151 1687 Si
1171 1661 1280 1688 autem
1299 1668 1390 1687 secus
1415 1658 1508 1697 fierit,
1532 1657 1682 1687 videlicet
1699 1657 1782 1698 quod
1800 1657 1876 1688 dicti

233 1709 318 1739 cives
335 1708 441 1749 aliquo
459 1718 533 1738 casu
547 1708 755 1749 infringerent
768 1709 932 1749 premissa,
950 1709 979 1738 in
998 1720 1186 1750 quacunque
1205 1712 1294 1749 parte
1313 1709 1371 1749 ipsi
1390 1719 1426 1739 ea
1441 1709 1650 1749 infringerent
1667 1712 1697 1738 et
1712 1709 1875 1743 violarent,

235 1759 315 1789 tales
331 1759 508 1789 violatores
520 1759 735 1800 predictorum
760 1763 792 1790 et
816 1760 867 1790 alii
894 1760 939 1790 eis
957 1760 1141 1790 assistentes
1166 1761 1196 1790 in
1221 1760 1276 1790 tali
1295 1760 1390 1793 facto.
1415 1760 1524 1790 favore
1542 1759 1592 1790 vel
1609 1761 1739 1791 consilio
1757 1760 1876 1791 debent

234 1811 366 1842 iudicari
390 1822 446 1842 seu
470 1812 635 1851 nominari,
659 1811 754 1842 fidem
780 1815 812 1842 et
834 1812 989 1842 honorem
1013 1823 1075 1842 non
1099 1812 1265 1851 habentes,
1290 1812 1408 1853 periuri
1437 1816 1469 1842 et
1492 1812 1633 1842 innodati
1658 1812 1874 1842 excommuni-

231 1864 355 1893 catione.
380 1863 487 1904 papali
512 1866 544 1893 et
568 1863 798 1904 proscriptione
822 1864 948 1904 imperii
973 1875 1034 1904 que
1058 1864 1151 1894 achte
1176 1864 1299 1894 dicitur.
1325 1868 1356 1894 et
1380 1875 1420 1894 ex
1445 1864 1499 1894 tali
1523 1864 1606 1894 facto
1631 1867 1874 1904 presumptuose

231 1915 447 1955 possessiones
482 1925 592 1945 eorum
628 1915 657 1944 in
693 1914 783 1945 bonis
818 1915 1033 1945 immobilibus
1068 1926 1124 1945 seu
1160 1915 1330 1946 mobilibus
1368 1916 1397 1945 iu
1440 1915 1680 1955 quibuscunque
1715 1915 1792 1945 locis
1824 1914 1874 1944 vel

231 1966 372 1996 terminis
401 1967 460 1996 site
488 1969 579 1996 erunt
606 1965 646 1996 ad
677 1966 845 2006 imperium
875 1966 1034 1997 devolute.
1082 1966 1177 1996 Tales
1201 1970 1324 1999 autem,
1364 1967 1417 2007 qui
1447 1967 1522 2006 ipsis
1550 1967 1580 1996 iu
1611 1966 1667 1996 tali
1699 1966 1783 1996 facto
1812 1977 1873 1996 non

231 2018 380 2047 assistunt
403 2028 461 2048 nec
485 2018 667 2055 astiterunt,
701 2017 742 2047 ad
771 2028 886 2058 penam
914 2018 1102 2058 premissam
1130 2029 1191 2048 non
1221 2021 1369 2048 tenentur
1395 2028 1452 2048 nec
1477 2017 1596 2048 debent
1621 2018 1649 2048 ei
1674 2018 1874 2057 ali‹jplatenus

237 2068 413 2099 subiacere.

336 2132 363 2159 4.
388 2129 544 2159 Preterea
568 2129 782 2168 promiserunt
805 2133 836 2159 et
860 2128 1082 2169 obligaverunt
1110 2139 1144 2158 se
1169 2129 1289 2158 scabini
1322 2132 1353 2159 et
1378 2128 1523 2159 consules
1547 2128 1663 2159 milites
1688 2129 1871 2160 existentes.

230 2183 407 2210 castrenses
431 2184 462 2210 et
479 2181 616 2210 universi
640 2179 763 2210 nobiles
788 2191 824 2210 ac
841 2180 958 2210 milites
983 2179 1022 2210 de
1041 2180 1243 2221 Oppenheim
1262 2181 1421 2221 prenotati
1438 2181 1505 2210 vice
1523 2190 1624 2216 versa,
1649 2180 1734 2220 quod
1758 2180 1781 2209 si
1804 2184 1873 2220 post

229 2235 364 2262 mortem
388 2235 528 2261 nostram
553 2232 722 2272 contigerit
746 2242 859 2262 vacare
876 2231 1056 2262 Romanum
1082 2233 1249 2272 imperium
1274 2243 1290 2262 a
1317 2232 1548 2272 gubernatione
1567 2231 1697 2262 alterius
1722 2232 1814 2271 regis.
1840 2237 1872 2260 ut

230 2283 445 2324 supradictum
471 2286 528 2323 est,
554 2287 586 2314 et
609 2284 652 2313 sic
677 2284 745 2323 ipso
762 2288 896 2314 vacante
914 2284 1072 2324 principes
1090 2283 1246 2314 electores
1264 2284 1388 2324 imperii
1412 2284 1493 2313 inter
1510 2293 1543 2313 se
1569 2283 1597 2312 in
1616 2282 1771 2313 electione
1790 2283 1872 2322 regis

230 2334 448 2365 discordantes
478 2335 560 2365 forte
585 2336 741 2376 elegerint
772 2334 850 2365 duos
875 2345 977 2375 reges,
1003 2335 1087 2375 quod
1111 2336 1170 2376 ipsi
1193 2335 1235 2365 ad
1252 2338 1396 2365 neutram
1414 2338 1536 2375 partem
1555 2334 1714 2364 declinare
1733 2334 1872 2364 debeant

229 2386 347 2417 auxilio
366 2386 415 2416 vel
433 2386 542 2417 favore
561 2397 619 2417 nec
636 2387 775 2427 aliquem
793 2387 949 2417 dictorum
967 2397 1075 2427 regum
1095 2387 1145 2417 vel
1162 2387 1301 2427 aliquem
1320 2386 1518 2416 dominorum
1537 2386 1669 2415 alim-um
1689 2386 1717 2414 iu
1736 2389 1869 2415 castrum

229 2438 280 2468 vel
303 2438 333 2468 in
358 2438 519 2468 civitatem
545 2437 748 2478 Oppenheim
773 2438 982 2468 intromittere
1007 2437 1147 2468 debeant
1170 2442 1225 2468 aut
1249 2442 1443 2478 presumant,
1467 2437 1526 2467 nisi
1551 2436 1590 2467 de
1615 2436 1771 2466 communi
1797 2447 1870 2465 con-

230 2489 310 2528 silio,
335 2490 415 2520 scitu
437 2493 469 2520 et
490 2490 654 2520 voluntate
671 2490 889 2519 universorum
907 2490 1020 2519 civium
1039 2489 1078 2519 de
1097 2489 1299 2529 Oppenheim
1314 2489 1538 2529 predictorum.
1628 2487 1720 2521 Quod
1738 2487 1762 2515 si
1779 2498 1869 2516 secus

230 2541 335 2579 tieret,
370 2541 520 2571 videlicet
548 2541 573 2571 si
608 2541 834 2581 infringeretur
868 2540 952 2581 quod
988 2540 1164 2581 predictum
1201 2545 1249 2571 est
1283 2540 1323 2570 ab
1354 2540 1512 2580 aliquibus
1542 2539 1590 2569 vel
1619 2539 1658 2568 ab
1694 2539 1799 2578 aliquo
1830 2538 1868 2567 de

230 2592 376 2627 scabinis,
402 2592 595 2631 consulibus,
621 2592 835 2623 castrensibus
859 2596 914 2622 aut
934 2592 1093 2622 nobilibus
1116 2592 1167 2622 vel
1188 2592 1340 2622 militibus
1364 2591 1544 2625 antedictis,
1574 2590 1616 2619 illi
1642 2590 1691 2619 vel
1721 2589 1772 2618 illc
1798 2599 1868 2629 pre-

231 2644 326 2673 missa
350 2643 505 2674 violantes
530 2646 562 2674 et
579 2654 688 2674 omnes
713 2644 758 2673 eis
775 2644 1014 2674 consencientes
1032 2654 1146 2683 penam
1164 2644 1308 2684 superius
1326 2644 1505 2683 impositam
1524 2642 1643 2672 cixibus
1660 2640 1867 2672 sustinebunt.

230 2694 300 2725 aliis
325 2696 370 2726 eis
393 2705 455 2725 non
479 2695 754 2725 consencientibus
779 2694 916 2725 exclusis
940 2706 955 2724 a
982 2705 1062 2735 pena
1089 2694 1254 2735 prchabita
1282 2699 1313 2725 et
1337 2695 1502 2734 exemptis.

331 2779 397 2805 665·
428 2780 451 2811 b)
474 2781 541 2812 (iffi-'d
566 2790 586 2804 C—
691 2784 713 2809 ς)
734 2790 800 2804 svm·-
820 2789 896 2811 &uper
920 2781 944 2803 iu
969 2781 1047 2805 deleas
1067 2790 1085 2804 r.
1196 2780 1219 2806 ⁴¹>
1240 2785 1377 2811 ›vqrnmtrrr
1398 2780 1476 2803 sltlrfa
1498 2780 1565 2801 viu-s
1585 2778 1614 2801 de
1633 2777 1790 2809 Uppenlieiui
1813 2777 1867 2800 uui-

229 2823 294 2847 versi
314 2827 365 2847 tam
385 2828 513 2855 presentes
533 2832 609 2854 quam
631 2824 723 2855 posteri
744 2832 788 2847 seu
808 2824 886 2847 futuri
907 2832 926 2847 c.
