2259 3116
345 236 362 249 C.

378 232 397 250 4.

409 141 468 171 364
783 142 939 169 RUDOLFI
958 142 1061 170 REGIS
1081 142 1400 170 CONSTITUTIONES.
1438 143 1510 169 1286.
1547 142 1595 169 Nr.
1608 142 1666 169 382.

516 232 543 260 4.
568 234 679 268 Supra
702 235 809 261 etiam
832 235 1005 262 denominati
1029 235 1058 262 in
1081 235 1200 268 Swevia,
1225 235 1248 261 si
1271 235 1372 269 quid*
1395 236 1493 265 contra
1516 243 1612 268 pacem
1635 234 1819 268 delinquitur,
1843 235 2035 263 reformabunt

408 287 437 312 61
460 286 601 320 corrigent
624 293 682 323 per
706 293 739 313 se
763 283 862 324 ipsos,
888 286 920 314 et
943 284 969 314 si
994 283 1052 314 hoc
1077 294 1140 314 non
1164 286 1305 324 possent,
1330 283 1483 313 auxilium
1501 283 1640 313 omnium
1657 282 1819 321 nobilium,
1843 283 2036 315 ministeria-

407 334 500 371 lium,
527 334 676 371 militum,
711 335 875 365 civitatum
907 339 938 366 et
969 335 1118 375 aliorum,
1151 335 1204 376 qui
1234 335 1265 365 in
1294 335 1433 376 ipsorum
1462 333 1741 364 denominatorum
1771 334 1884 365 officiis
1910 335 2035 375 fuerint,

408 386 622 418 advocabunt.
670 385 711 416 Et
735 387 797 417 illis
822 397 884 417 non
909 387 1143 418 sufficientibus
1168 387 1207 417 ad
1233 385 1552 418 animadvertendum
1576 386 1607 416 in
1631 396 1697 425 eos,
1721 396 1778 416 nos
1801 396 1859 417 rex
1877 386 2035 418 Rudolfus

409 448 534 468 omnem
559 441 701 469 nostram
726 439 903 480 potentiam
929 438 1153 471 extendemus.

515 509 543 537 5.
567 506 605 536 In
629 516 763 547 quorum
787 507 883 538 etiam
909 507 1139 538 emendacione
1165 517 1220 538 seu
1245 507 1456 547 correctione,
1486 507 1568 537 sicut
1598 510 1777 548 pretactum
1812 510 1876 546 est,
1905 508 1931 538 si
1956 508 2037 538 alter

410 561 552 589 nostrum
576 558 627 588 vel
652 558 783 589 alterius
808 562 951 589 nostrum
977 559 1072 590 electi
1097 563 1342 590 conservatores
1367 559 1454 600 pacis
1480 559 1545 589 sive
1577 558 1716 597 iudices,
1746 562 1915 600 postquam
1945 559 2035 590 nobis

408 611 457 641 vel
483 611 530 642 eis
555 621 612 652 per
637 610 806 641 officialem
831 611 929 648 illum,
954 611 985 641 in
1010 612 1099 641 cuius
1123 611 1228 641 officio
1253 613 1311 647 est,
1337 610 1411 651 quid
1436 610 1548 641 talium
1571 614 1790 652 perpetratum
1808 610 2035 642 denunciatum

408 663 514 700 fuerit⁷
539 663 743 703 negligentes
769 662 898 699 fuerint,
922 674 940 693 a
964 662 1049 693 facte
1073 662 1336 693 denunciaeionis
1361 666 1505 703 tempore
1529 661 1611 693 infra
1634 672 1777 693 mensem
1802 673 1859 693 nos
1876 662 2035 694 Rudolfus

407 725 464 745 rex
489 717 521 745 61
544 714 698 745 officiales
723 715 823 745 nostri
855 719 964 745 nostro
996 715 1120 745 nomine
1151 714 1189 745 ad
1221 714 1473 744 satisfactionem
1507 724 1630 751 eorum,
1661 725 1722 755 que
1752 714 1783 745 in
1809 714 1966 746 Sweviam
1991 716 2030 746 de

406 766 556 797 Bawaria
581 770 613 797 et
636 767 720 797 intra
743 767 843 807 ipsam
862 766 1019 796 Sweviam
1044 766 1149 797 eidem
1173 766 1238 796 filio
1264 770 1384 803 nostro,
1408 765 1589 795 hominibus
1614 766 1678 796 suis
1703 768 1735 797 et
1760 766 1979 806 servitoribus,
2004 771 2036 798 et

407 829 464 849 nos
490 828 595 849 comes
619 818 784 848 Palatinus
810 821 841 849 et
865 818 1018 848 officiales
1042 818 1143 848 nostri
1168 821 1276 847 nostro
1301 817 1428 847 nomine
1460 817 1499 847 ad
1530 817 1725 848 refusionem
1754 828 1877 855 eorum,
1912 828 1972 859 que
1996 819 2035 850 de

408 869 535 900 Swevia
559 870 589 900 in
614 869 794 900 Bawariam
819 880 874 910 pro
900 874 1008 911 parte,
1038 879 1098 910 que
1123 879 1196 906 nos,
1220 868 1445 899 ministeriales
1470 873 1610 903 nostros,
1635 869 1781 900 homines
1806 873 1838 901 et
1862 870 2034 901 servitores

409 921 552 962 respicit,
586 925 617 952 et
645 922 727 952 intra
757 922 857 963 ipsam
883 922 979 952 etiam
1006 921 1164 951 Sweviam
1190 920 1446 958 committuntur,
1477 920 1659 951 tenebimur
1682 925 1713 952 et
1737 922 1907 953 commissa
1930 922 2035 953 taliter

406 974 549 1014 plenarie
574 973 736 1004 resarcire.

514 1044 542 1073 6.
567 1041 773 1072 Denominati
797 1045 946 1083 preterea
971 1042 1093 1072 iudices
1118 1042 1185 1072 sive
1204 1044 1447 1071 conservatores
1471 1041 1560 1082 pacis
1584 1041 1616 1071 in
1634 1041 1761 1072 Swevia
1786 1045 1816 1073 et
1840 1043 1871 1073 in
1888 1042 2036 1074 Bawaria

407 1094 445 1124 ad
470 1093 856 1134 taliter*delinquentium
882 1093 1104 1124 refrenandam
1131 1093 1290 1123 maliciam
1315 1096 1347 1123 et
1371 1093 1528 1123 maleficia
1552 1093 1713 1134 punienda
1738 1104 1771 1124 se
1797 1094 2036 1125 coadiuvabunt

405 1151 515 1177 mutuo
554 1157 624 1176 cum
661 1146 800 1187 ipsorum
838 1146 1008 1183 nobilium,
1044 1145 1320 1183 ministerialium,
1357 1146 1505 1181 militum,
1540 1145 1705 1175 civitatum
1741 1150 1773 1176 et
1807 1146 1940 1176 aliorum
1973 1147 2035 1177 iam

405 1200 553 1239 utrinque
579 1198 794 1239 predictorum
820 1197 1034 1233 multitudine,
1060 1197 1113 1227 alii
1137 1208 1194 1238 per
1219 1197 1297 1227 alios
1322 1197 1478 1237 requisiti.
1518 1196 1654 1238 Insuper
1677 1197 1772 1228 iidem
1797 1201 1876 1237 octo,
1902 1198 2036 1239 quilibet

406 1254 515 1281 tamen
540 1251 570 1280 in
595 1250 660 1280 suis
685 1250 801 1280 finibus
826 1250 892 1279 sive
919 1250 1073 1283 terminis,
1099 1249 1295 1279 tenebuntur
1319 1259 1380 1279 non
1405 1252 1527 1279 tantum
1554 1249 1592 1280 de
1610 1249 1843 1279 committendis
1868 1250 1900 1280 in
1924 1253 2033 1291 poste—

408 1312 492 1337 rum,
527 1301 582 1332 sed
613 1306 645 1332 et
676 1301 714 1331 de
747 1301 924 1331 commissis
956 1312 973 1330 a
1007 1306 1151 1342 tempore
1182 1301 1268 1342 pacis
1298 1301 1468 1331 novissime
1494 1301 1524 1331 in
1550 1301 1678 1331 civitate
1702 1301 1903 1342 Augustensi
1928 1301 2035 1333 edite¹

409 1354 567 1394 inquirere
593 1354 772 1393 veritatem,
797 1357 828 1383 et
853 1353 891 1384 de
916 1353 985 1394 ipsa
1003 1353 1145 1394 requisiti
1165 1363 1275 1383 omnes
1301 1356 1333 1383 et
1349 1352 1483 1394 quilibet
1506 1362 1545 1382 ex
1562 1353 1638 1394 ipsis
1663 1353 1721 1384 sub
1740 1354 1909 1384 iuramenti
1926 1354 2034 1385 debito

407 1405 613 1447 respondere.

514 1477 541 1506 7.
565 1479 601 1505 Et
625 1480 698 1513 quod
722 1479 840 1513 predicti
864 1481 921 1505 tam
946 1479 975 1504 in
998 1479 1125 1505 Bawaria
1148 1479 1250 1512 quam*
1274 1478 1382 1505 Swevia
1405 1479 1540 1513 premissa
1565 1477 1596 1505 et
1620 1474 1784 1515 quodlibet
1806 1475 2033 1516 premissorum

406 1531 525 1557 fideliter
549 1533 723 1564 exequantur
747 1532 774 1557 et
798 1532 899 1557 cuncta
921 1532 1015 1564 agant,
1040 1530 1146 1556 faciant
1169 1532 1197 1557 et
1221 1530 1358 1563 ordinent,
1383 1540 1435 1564 quc
1459 1540 1508 1565 pro
1532 1539 1600 1565 pace
1623 1532 1688 1556 sunt
1711 1531 1869 1557 necessaria
1892 1533 1920 1558 et
1943 1531 2032 1564 utilia,

406 1591 488 1617 super
511 1583 611 1616 quibus
635 1582 702 1617 ipsis
727 1583 838 1617 plenam
862 1582 1060 1608 auctoritatem
1085 1583 1293 1615 committimus,
1318 1583 1401 1609 iidem
1424 1583 1608 1617 prestiterunt
1630 1583 1741 1617 publice
1766 1583 1961 1610 iuramentum.

514 1649 541 1679 8.
569 1647 601 1678 Si
634 1652 740 1678 autem
770 1647 904 1688 predicti
938 1650 1007 1678 octo
1039 1648 1122 1677 inter
1151 1658 1185 1678 se
1216 1658 1311 1688 super
1339 1647 1444 1688 aliquo
1469 1646 1651 1678 discordare
1679 1647 1822 1689 ceperint
1849 1658 1908 1679 nec
1931 1648 2034 1680 altera

407 1700 543 1740 partium
567 1699 606 1729 ad
631 1701 783 1730 maiorem
810 1710 975 1729 numerum
994 1699 1162 1740 pervenire
1180 1699 1330 1740 potuerit,
1356 1699 1564 1729 mediatorem
1583 1699 1649 1730 sive
1666 1699 1821 1730 uberman
1846 1699 1877 1730 in
1893 1700 2033 1730 animam

407 1763 496 1782 suam
523 1752 643 1792 eligent
668 1754 699 1781 61
723 1755 841 1781 extunc
864 1751 965 1781 maior
990 1751 1074 1781 intcr
1098 1762 1152 1782 eos
1177 1762 1328 1782 numerus
1354 1750 1541 1792 prevalebit.

512 1822 542 1849 9.
567 1819 607 1849 Et
631 1820 654 1849 si
680 1830 720 1849 cx
745 1820 910 1861 premissis
936 1823 1006 1850 octo
1032 1819 1146 1860 aliquis
1175 1819 1213 1850 de
1245 1819 1349 1850 medio
1382 1819 1526 1850 sublatus
1556 1819 1665 1857 fuerit,
1700 1820 1725 1850 si
1750 1820 1904 1851 Bawarus
1927 1820 2032 1858 fuerit,

406 1872 512 1902 chvi
531 1871 785 1901 denominabunt
802 1872 909 1907 alium,
935 1875 966 1902 et
990 1872 1014 1901 si
1034 1871 1166 1901 Swevus
1183 1870 1289 1907 fuerit,
1313 1870 1438 1901 Bawari
1456 1871 1575 1911 eligent
1600 1871 1695 1902 alium
1720 1872 1790 1902 loeo
1809 1871 1913 1911 huius,
1938 1882 2032 1913 quem

410 1922 448 1953 ad
475 1923 532 1952 1106
557 1923 715 1963 utrimque
742 1924 770 1953 111
796 1924 933 1953 animam
961 1934 1049 1953 suam
1074 1922 1269 1953 crediderint
1294 1923 1457 1964 expedire.

515 1993 559 2022 11),
587 1992 620 2022 si
645 2003 720 2022 vero
747 1993 860 2033 aliquis
886 2004 926 2023 cx
951 1993 1027 2034 ipsis
1052 1993 1158 2033 aliquo
1184 1993 1245 2023 alio
1262 1993 1491 2034 impedimento
1508 1993 1650 2033 legitimo
1668 1992 1818 2024 detentus
1835 1993 1945 2024 venire
1969 2003 2032 2024 non

404 2044 559 2083 potuerit,
590 2054 623 2073 so
654 2054 749 2084 super
782 2044 841 2074 hoc
872 2045 1050 2075 iuramento
1081 2045 1214 2075 alicuius
1239 2044 1355 2086 ydonei
1384 2048 1415 2075 et
1440 2044 1565 2075 honesti
1590 2045 1692 2075 nuntii
1718 2044 1884 2075 excusabit
1908 2048 1939 2076 et
1961 2045 2031 2076 loco

405 2094 488 2124 illius
513 2105 568 2135 pro
594 2095 647 2124 illo
667 2096 802 2125 termino
821 2096 887 2126 sive
905 2096 974 2126 vice
999 2096 1081 2126 alius
1099 2100 1289 2133 assumetur,
1316 2097 1368 2137 qui
1393 2100 1423 2127 61
1441 2096 1557 2127 iurabit
1582 2096 1619 2126 ad
1638 2096 1880 2137 requisicionem
1898 2107 2030 2138 presen—

404 2145 491 2183 tium,
516 2147 597 2176 sicut
621 2149 651 2176 ct
676 2147 771 2176 iidem
797 2151 892 2177 antea
917 2148 1111 2178 iuraverunt.
1158 2147 1251 2183 Quod
1275 2151 1307 2179 et
1331 2148 1427 2178 faciet
1451 2148 1481 2178 in
1505 2148 1608 2178 locum
1632 2148 1749 2178 mortui
1773 2148 1974 2180 substitutus.

512 2215 546 2245 111
572 2226 702 2256 quorum
729 2217 947 2247 testimonium
973 2217 1077 2257 sigilla
1101 2220 1210 2248 nostra
1234 2217 1436 2258 presentibus
1461 2221 1534 2247 sunt
1557 2228 1710 2258 appensa.

510 2283 583 2314 Dat.
603 2284 760 2325 Auguste,
785 2296 867 2316 aimo
891 2285 1017 2316 Domini
1043 2285 1330 2327 MCCoctogcsimo
1356 2288 1460 2324 sexto,
1485 2285 1559 2318 VII.
1578 2285 1654 2317 Idus
1678 2286 1782 2324 Febr„
1808 2285 1901 2316 indic.
1919 2284 2029 2324 XIIII,

403 2346 484 2366 anno
511 2346 585 2365 vcro
611 2337 698 2377 regui
725 2338 823 2367 nostri
850 2338 931 2377 regis
956 2337 1046 2369 XIII.

506 2750 529 2782 1)
551 2752 618 2775 1232.
639 2749 698 2775 Dec.
712 2753 748 2781 21³,
769 2757 851 2782 supra
872 2757 910 2775 nr.
926 2751 980 2776 346.

2059 729 2081 747 10

2063 989 2086 1007 15

2062 1263 2086 1282 20

2061 1538 2083 1557 25

2060 1831 2083 1850 30

2058 2111 2080 2130 ³5

2188 1803 2194 1911 1

2184 1914 2190 2028 1

2181 2032 2185 2076 1

2174 2139 2180 2230 l

2166 2244 2176 2329 1

2167 2384 2170 2418 J
