2259 3164
88 740 111 758 10

89 997 111 1016 15

87 1356 110 1375 20

87 1611 110 1630 25

88 2018 112 2038 80

89 2273 112 2293 ³5

91 2563 114 2582 40

91 2794 114 2814 4³

440 176 597 203 RUDOLFI
616 176 722 203 REGIS
742 176 1067 203 CONSTITUTIONES.
1105 177 1178 202 1281.
1216 178 1474 205 N1·.292.293.294.
1716 182 1776 212 295

141 265 352 295 memoratum
382 265 576 304 receptoque
610 262 649 293 ab
682 262 795 293 eodem
826 262 1043 304 promissionis
1073 273 1109 293 ac
1141 263 1304 294 fidelitatis
1335 269 1440 296 nostro
1474 269 1506 296 ct
1538 267 1619 297 sacri
1652 267 1777 308 imperii

140 315 268 346 nomine
299 314 393 345 solito
423 317 455 345 et
482 314 590 345 debito
620 317 837 354 sacramento,
869 314 952 355 quod
981 313 1132 345 videlicet
1163 315 1376 347 instrumenta
1406 317 1536 358 publica
1570 328 1606 348 ac
1642 318 1777 359 privata,

137 366 266 397 ultimas
290 366 484 404 voluntates,
508 375 709 407 quecumque
734 365 921 396 iudiciorum
946 368 1020 396 acta
1044 376 1169 396 necnon
1193 367 1298 397 omnia
1322 371 1353 398 et
1379 368 1517 409 singula.
1550 380 1611 409 que
1644 369 1705 399 sibi
1737 381 1777 400 ex

138 417 243 448 debito
259 417 358 458 ipsius
383 417 479 447 officii
502 417 652 448 facienda
675 417 923 447 occul-rerint³·¹
948 420 980 448 et
1006 416 1185 456 scribenda,
1211 418 1306 457 iuste,
1331 429 1409 459 pure
1429 430 1465 450 ac
1484 420 1674 461 simpliciter
1692 421 1777 451 omni

141 468 348 499 simulacione
374 479 411 499 ac
434 468 686 506 machinacione,
712 468 852 499 falsitate
877 471 908 499 et
932 467 1004 498 dolo
1023 468 1162 507 remotis,
1188 468 1315 507 scribet,
1334 470 1421 510 leget
1439 474 1470 501 et
1487 471 1584 501 faciet
1602 472 1776 512 scripturas

137 519 218 558 illas,
243 530 322 560 quas
347 519 378 550 in
402 520 566 561 publicam
583 519 732 550 debuerit
756 519 891 550 formam
917 519 1076 560 redigere,
1101 520 1131 549 in
1152 520 1345 551 membranis
1364 524 1395 551 et
1412 532 1475 552 non
1491 522 1522 552 in
1540 523 1635 552 cartis
1652 523 1777 553 abrasis

136 570 274 602 fideliter
305 571 554 607 conscribendo,
588 581 710 602 necnon
740 571 924 602 sentencias
949 574 980 601 et
1004 570 1089 602 dicta
1114 572 1259 610 testium,
1292 572 1393 603 donec
1419 573 1581 613 publicata
1605 574 1723 604 fuerint
1747 578 1778 605 et

137 626 257 664 aperta,
281 622 340 653 sub
365 626 488 654 secreto
513 623 653 654 fideliter
675 622 828 654 retinebit
852 626 883 653 et
907 623 1013 653 omnia
1038 626 1125 654 recte
1151 623 1256 661 faciet,
1281 634 1342 664 que
1367 623 1406 654 ad
1431 624 1514 655 idem
1540 625 1679 655 officium
1704 636 1776 665 per-

137 674 320 705 tinebunt2:
345 675 450 706 eidem
474 674 530 705 tali
552 674 591 705 de
610 674 715 705 officio
733 674 963 705 tabellionatus
981 677 1013 705 et
1029 674 1159 713 honore,
1175 674 1320 716 plenaria
1337 678 1498 716 potestate
1516 676 1620 717 ipsum
1638 676 1777 707 officium

138 726 330 767 ubicumque
354 726 507 764 locorum,
533 736 594 767 que
618 726 800 757 Romanum
829 726 1020 767 profitentur
1044 726 1227 767 imperium,
1257 726 1367 764 libere,
1398 727 1536 758 fideliter
1566 738 1602 758 ac
1632 728 1778 769 legaliter

138 778 319 815 exercendi,
343 780 444 809 testes
468 777 653 819 recipiendi,
678 780 760 816 acta,
790 777 1008 819 prothocolla,
1046 777 1169 808 litteras
1203 780 1235 808 et
1265 778 1477 809 instrumenta
1509 780 1715 820 exemplandi
1746 783 1778 810 et

137 829 320 870 publicandi
344 832 376 860 et
400 829 551 860 universa
576 832 608 859 et
632 829 758 870 singula
782 839 844 870 que
869 829 910 860 ad
938 829 1041 870 ipsum
1071 831 1222 870 spectant
1251 829 1390 859 officium
1420 830 1556 861 faciendi
1586 831 1776 861 auctoritate

136 880 225 922 regia
264 880 412 911 duximus
448 880 697 923 providendum,
738 881 952 911 investientes
997 880 1157 921 prefatum
1195 880 1293 911 talem
1334 891 1391 921 per
1426 892 1579 922 pennam⁷
1617 883 1777 912 calamare

136 934 231 973 atque
271 935 392 963 cartam
430 932 469 964 de
509 932 613 963 officio
651 932 820 974 prelibato.
880 931 918 962 In
957 931 1048 962 cuius
1086 931 1160 972 r(ei)
1200 932 1447 972 t(estimonium)
1484 936 1515 963 et
1551 933 1776 974 evidtenciam)

136 983 311 1025 pleniorem
335 986 395 1016 etc.

569 1085 645 1118 293,
670 1086 909 1117 LITTERAE
931 1085 1338 1118 LEGITIMATIONIS.

240 1146 295 1177 Ea:
318 1145 344 1176 E
367 1146 420 1185 fol.
440 1148 501 1177 109
525 1157 572 1177 nr.
593 1148 642 1178 50.
669 1166 706 1169 ——
732 1146 877 1184 ΒϋῘιηισν,
903 1147 976 1186 Rege.
997 1147 1068 1187 imp.
1090 1147 1144 1185 Vl,
1163 1149 1254 1178 1511.
1486 1148 1539 1188 (P.
1563 1148 1669 1183 deest.)

241 1240 313 1271 Non
336 1243 411 1272 sunt
434 1241 561 1272 omnino
586 1241 626 1273 ab
651 1244 789 1283 auguste
813 1241 1018 1273 liberalitatis
1042 1242 1151 1283 gracia
1168 1242 1365 1282 sccludendi,
1391 1243 1505 1285 quibus
1522 1243 1651 1284 proprie
1669 1243 1776 1284 probi-

135 1292 209 1323 tatis
238 1292 353 1323 merita
384 1293 617 1334 suffragantur,
646 1293 722 1324 licet
752 1293 972 1325 condicionem
1007 1304 1116 1324 eorum
1149 1294 1257 1336 aliqua
1287 1295 1419 1325 vilitatis
1450 1295 1575 1325 macula
1604 1294 1775 1325 decoloret.

136 1343 219 1376 Hinc
244 1346 293 1375 est
316 1343 399 1386 quod
423 1355 481 1376 nos
506 1346 605 1377 talem
630 1345 669 1376 de
694 1346 798 1376 soluto
822 1348 854 1376 et
878 1346 984 1376 soluta
1007 1346 1162 1386 genitum,
1189 1347 1242 1388 qui
1267 1357 1324 1378 sua
1342 1347 1456 1378 dicitur
1473 1347 1589 1377 virtute
1606 1346 1777 1384 redimere,

137 1396 221 1438 quod
245 1399 331 1427 ortus
356 1396 467 1427 odiose
492 1397 668 1428 nativitatis
693 1397 823 1436 ademit,
848 1397 1078 1438 legittimamus
1103 1401 1135 1428 et
1159 1409 1199 1429 ex
1223 1402 1311 1430 certa
1336 1398 1476 1429 sciencia
1500 1397 1539 1428 ad
1557 1408 1668 1428 omnes
1686 1401 1776 1428 actus

135 1447 306 1488 legittimos
330 1447 538 1480 habilitamus
563 1449 711 1488 eundem,
735 1452 769 1479 ut
793 1452 957 1490 tamquam
982 1449 1159 1490 legittimus
1184 1453 1215 1480 et
1239 1450 1278 1481 de
1310 1450 1400 1481 thoro
1429 1450 1588 1491 legittimo
1617 1452 1711 1480 natus
1736 1449 1776 1480 ad

137 1508 245 1530 omnes
269 1501 360 1530 actus
384 1499 545 1541 publicos,
577 1501 603 1531 si
634 1511 668 1531 se
694 1510 788 1531 casus
812 1500 996 1542 ingesserit,
1020 1500 1208 1532 admittatur
1232 1505 1264 1532 et
1288 1502 1318 1532 in
1336 1502 1459 1532 cunctis
1479 1501 1549 1532 aliis
1567 1512 1657 1532 suam
1675 1501 1775 1532 libere

136 1551 283 1592 prosequi
307 1551 416 1582 valeat
439 1552 614 1591 actionem,
639 1552 820 1583 obiectione
845 1553 942 1593 prolis
968 1553 1174 1593 illegittime3
1199 1553 1406 1594 imposterum
1431 1553 1616 1594 quiescente
1648 1555 1679 1583 et
1703 1553 1775 1592 lege

137 1601 243 1643 aliqua
272 1613 335 1633 non
364 1602 513 1634 obstante
539 1607 571 1634 et
594 1604 779 1646 specialiter
802 1604 871 1643 illa,
904 1614 965 1645 que
996 1604 1183 1645 legittimari
1214 1606 1339 1646 spurios
1373 1605 1433 1635 nisi
1458 1616 1499 1635 ex
1523 1607 1611 1635 certa
1635 1604 1776 1634 sciencia

138 1663 198 1684 non
229 1654 394 1695 permittit.
445 1654 611 1686 Adicimus
643 1656 745 1687 eciam
775 1667 816 1687 ex
846 1656 956 1697 gracia
991 1656 1141 1697 speciali,
1172 1656 1257 1697 quod
1288 1656 1453 1697 predictus
1485 1656 1587 1695 taltis)
1618 1656 1650 1685 in
1682 1655 1775 1685 bonis

137 1705 276 1746 paternis
300 1705 452 1737 succedat
476 1709 640 1748 tamquam
664 1707 840 1748 legittimus
865 1710 897 1738 et
920 1707 959 1738 de
984 1707 1075 1738 thoro
1100 1707 1258 1748 legittimo
1282 1710 1481 1749 procreatus.
1527 1708 1564 1738 In
1595 1708 1684 1738 cuius
1715 1709 1773 1737 ete.

694 1851 770 1883 294.
794 1852 944 1883 ALIAE
963 1852 1210 1884 LITTERAE.

238 1911 292 1942 Ex
315 1911 342 1942 T
367 1913 503 1943 nr.116.
553 1912 600 1950 Cf.
624 1911 769 1949 Bo‘lmzer,
795 1912 868 1951 Rey.
889 1913 960 1952 imp.
981 1912 1034 1949 I'J,
1054 1913 1136 1942 1511
1160 1915 1188 1943 et
1210 1915 1304 1944 2151.
1478 1913 1530 1953 (P.
1556 1913 1665 1955 (least)

245 2005 419 2038 Serenitati
457 2008 566 2037 nostre
606 2016 647 2037 ex
681 2009 774 2048 parte
809 2006 911 2048 t(alis)
947 2007 1113 2039 humiliter
1148 2009 1254 2039 extitit
1289 2008 1519 2050 supplicatum,
1557 2008 1641 2049 quod
1677 2019 1774 2050 super

136 2055 264 2088 defectu
288 2057 453 2096 natalium,
478 2068 573 2098 quem
598 2057 683 2089 idem
708 2059 828 2100 patitur
852 2058 890 2089 de
911 2059 1015 2090 soluto
1034 2060 1161 2100 genitus
1178 2062 1210 2091 et
1227 2059 1343 2099 soluta,
1361 2059 1565 2100 dignaremur
1581 2060 1773 2090 auctoritate

138 2107 225 2148 regia
248 2107 448 2149 dispensare.
495 2108 575 2140 Cum
604 2109 700 2151 igitur
729 2110 932 2141 maiestatem
965 2111 1087 2152 regiam
1119 2122 1183 2142 non
1214 2112 1317 2142 minus
1350 2114 1442 2142 ornet
1472 2111 1647 2142 clemencia
1677 2122 1772 2152 quam

135 2157 211 2189 iuris
235 2158 391 2191 districtio
417 2163 449 2191 et
471 2161 612 2201 rigorem
637 2161 714 2192 iuris
739 2162 890 2193 clementi
915 2166 1013 2203 atque
1039 2163 1185 2204 parcenti
1210 2162 1325 2194 deceat
1349 2163 1459 2203 gracia
1482 2166 1681 2203 temperare,
1714 2173 1772 2193 nos

138 2209 344 2242 consideratis
369 2212 453 2243 circa
478 2212 750 2253 legitimacionem
775 2214 890 2254 graciis
920 2214 1077 2245 faciendis
1109 2217 1141 2245 et
1170 2214 1309 2253 meritis,
1341 2214 1455 2255 quibus
1487 2213 1570 2244 dicto
1595 2213 1634 2244 N.
1661 2225 1678 2244 a
1704 2215 1769 2244 suis

138 2259 401 2294 intercessoribus
426 2263 589 2295 laudabile
614 2264 836 2295 testimonium
860 2265 1063 2306 perhibetur,
1095 2275 1168 2295 cum
1201 2266 1270 2306 ipso
1304 2266 1495 2296 auctoritate
1528 2265 1617 2306 regia
1647 2265 1769 2295 miseri-

139 2311 272 2344 corditer
296 2313 530 2356 dispensamus.
568 2315 780 2347 Admittimus
812 2317 920 2358 itaque
950 2316 1069 2347 dictum
1093 2316 1132 2347 N.
1162 2316 1202 2347 ad
1231 2327 1342 2348 omnes
1373 2319 1464 2347 actus
1488 2316 1650 2357 legitimos
1676 2320 1708 2347 et
1732 2317 1771 2346 ad

141 2372 188 2402 ea,
213 2374 294 2405 quae
318 2365 356 2396 de
380 2366 524 2407 legitimo
549 2367 641 2398 thoro
665 2368 748 2398 natis
779 2371 966 2409 competunt
990 2368 1150 2406 facienda,
1180 2368 1332 2409 quatinus
1357 2368 1403 2405 id,
1433 2368 1517 2409 quod
1542 2378 1599 2409 per
1622 2370 1769 2398 naturam

140 2423 200 2444 non
224 2414 336 2447 habuit
359 2420 391 2448 et
414 2417 560 2449 defectus
578 2419 733 2450 natalium
758 2419 798 2450 ab
816 2420 886 2461 ipso
910 2420 985 2450 fecit
1003 2422 1194 2451 extraneum
1218 2423 1250 2450 et
1266 2423 1434 2459 remotum,
1460 2430 1517 2460 per
1534 2424 1641 2450 nostre
1659 2419 1768 2459 benig-

143 2465 248 2497 nitatis
270 2468 356 2509 piam
382 2471 414 2499 et
437 2469 674 2501 misericordem
699 2470 953 2512 dispensacionis
978 2472 1118 2513 graciam
1144 2474 1368 2512 consequatur.

237 2559 300 2587 292.
320 2563 342 2593 ¹¹)
362 2565 534 2588 concurrerint
552 2564 582 2589 E.

242 2620 266 2652 1)
289 2620 485 2655 Cons'cre'mlum
505 2631 558 2649 esse
578 2624 761 2649 Collectariimz
781 2624 912 2649 Iohannis
931 2624 962 2648 (Ic
984 2623 1137 2649 Gelnhusen
1157 2624 1193 2649 cd.
1206 2624 1312 2655 Kuiswr,
1328 2632 1354 2655 p.
1369 2627 1398 2647 91
1418 2631 1457 2648 nr.
1472 2626 1512 2653 ἓν,
1534 2623 1632 2647 monuit
1653 2623 1768 2646 Ζωιηιιτ,

138 2659 163 2691 2)
183 2660 223 2692 Cf·
243 2661 338 2688 Ficker
356 2665 557 2699 ‘Forsehzmyen
579 2675 627 2692 :ur
652 2667 757 2692 Rez'elzs-
781 2667 839 2692 und
862 2666 1097 2698 Reelztsycschicme
1116 2667 1232 2691 Ituliens'
1252 2666 1302 2697 IV,
1325 2670 1375 2691 5051
1397 2674 1436 2691 nr.
1458 2670 1504 2691 50]
1528 2668 1549 2689 et
1575 2669 1624 2690 ,3:54
1651 2672 1689 2688 mr.
1710 2668 1767 2688 520.

139 2701 165 2733 3)
182 2702 374 2735 C'errendum
393 2716 446 2734 esse
464 2709 566 2734 litteras
579 2709 706 2735 Lmlorici
724 2710 774 2735 IV.
793 2710 860 2742 reglis
877 2712 986 2735 (ι.1329.
1005 2709 1057 2734 Oct.
1072 2713 1108 2735 23.
1123 2714 1163 2741 24,
1184 2709 1298 2735 Bolano»-
1312 2710 1387 2733 ‘Acla
1407 2709 1505 2740 imperii
1522 2709 1620 2733 „s-‹vlcme’
1637 2715 1696 2738 pay.
1712 2711 1767 2731 495².

138 2747 189 2771 500
206 2754 246 2773 nr.
262 2751 315 2775 730.
332 2752 373 2776 731
391 2751 501 2785 itemque
518 2751 702 2778 documentum
721 2762 745 2779 α,
760 2756 826 2785 1291,
845 2752 914 2785 quod
934 2752 1049 2786 vulgarit
1065 2752 1093 2778 F
1095 2752 1160 2778 ickcr
1179 2752 1384 2784 ί1”ον361ιιι)ιῃωι’
1404 2751 1454 2782 11',
1468 2755 1518 2775 500
1537 2758 1576 2775 nr.
1592 2754 1647 2780 4951,
1669 2748 1767 2773 monuit

137 2787 251 2816 Zeumer.
