2259 3164
86 764 108 782 10

86 1022 108 1040 15

87 1279 110 1298 20

89 1579 112 1598 25

91 1859 114 1879 30

93 2118 115 2137 ³5

11 2369 16 2406 ἱ,
95 2372 118 2391 40

15 2472 121 2755 l

32 3023 40 3164 l

437 198 592 224 RUDOLFI
612 197 715 224 REGIS
734 197 1052 225 CONSTITUTIONES.
1091 199 1163 225 1979.
1200 199 1247 226 Nr.
1260 200 1318 225 229.
1331 200 1388 226 230.
1401 201 1458 226 2:31.
1705 204 1765 233 219

133 286 254 318 cialiter
277 296 372 327 super
395 285 551 317 fidelitate
576 285 762 316 obedientia
790 285 1036 316 honorificentia
1068 288 1100 316 et
1129 287 1310 317 reverentia
1342 298 1398 329 per
1421 287 1606 318 Romanosa
1630 288 1765 329 impera-

133 342 217 370 tores
245 340 276 368 et
306 347 400 378 reges
428 337 584 368 Romanis
615 337 820 378 pontificibus
852 339 884 368 et
916 337 976 378 ipsi
1008 337 1145 368 ecclesie
1177 337 1400 378 impendendis
1429 350 1465 370 ac
1494 340 1763 381 possessionibus,

132 390 306 421 honoribus
331 393 363 421 et
386 389 507 420 iuribus
532 389 678 420 eiusdem
703 390 841 420 ecclesie
867 393 898 420 et
923 389 1111 420 nominatim
1130 400 1225 431 super
1242 393 1308 421 tota
1325 394 1419 429 terra,
1446 402 1505 432 que
1523 395 1572 422 est
1589 403 1607 422 a
1625 392 1763 423 Radico-

132 442 204 473 fano
227 451 329 483 usque
353 440 566 482 Ceperanum,
596 441 739 472 marchia
762 441 977 479 Aneonitana,
1007 440 1124 472 ducatu
1149 441 1334 482 Spoletano,
1360 446 1445 473 terra
1469 443 1632 474 comitisse
1658 444 1764 475 Matil-

132 493 190 532 dis,
214 493 343 524 civitate
367 492 524 524 Rauenne
548 496 580 524 et
603 493 730 529 Emilia,
756 492 870 532 Bobio,
889 492 1024 529 Cesena,
1049 492 1254 534 Foropopuli,
1278 493 1430 531 Forliuio,
1456 494 1623 531 Fauentia,
1638 496 1765 530 Ymola,

132 544 294 583 Bononia,
318 544 480 583 Ferraria,
505 543 672 576 Comaelo.
696 544 848 575 Adrianis
881 548 976 586 atque
1001 544 1152 584 Gabello,
1185 544 1344 583 Arimino,
1370 545 1508 579 Vrbino,
1534 546 1764 580 Monteferetri.

133 596 290 627 territorio
308 595 471 634 Balnensi,
497 596 651 626 comitatu
667 595 877 633 Brectenorii,
905 600 1060 627 exarcatu
1081 595 1248 633 Rauenne,
1273 597 1454 638 Pentapoli,
1479 598 1587 629 Massa
1612 598 1767 629 Trabaria

133 658 203 678 cum
226 647 444 678 adiacentibus
476 647 570 678 terris
604 650 636 678 et
664 647 810 678 omnibus
841 647 912 678 aliis
942 647 982 678 ad
1012 647 1186 688 predictam
1222 648 1391 679 ecclesiam
1417 649 1666 689 pertinentibus,
1696 661 1766 680 cum

134 698 278 730 omnibus
302 699 418 730 finibus
442 699 610 730 territoriis
635 702 731 740 atque
758 699 872 730 insulis
897 699 929 729 in
953 702 1038 730 terra
1062 700 1205 740 marique
1230 699 1269 730 ad
1294 700 1476 741 provincias
1502 701 1648 732 civitates
1673 702 1764 732 terri-

134 751 214 782 toria
237 753 269 781 et
296 750 368 781 loca
403 750 547 792 predicta
582 751 803 792 quoquomodo
840 751 1059 792 spectantibus
1091 762 1149 782 nec
1176 762 1240 781 non
1273 762 1371 792 super
1405 752 1532 783 civitate
1561 752 1707 783 Romana
1736 757 1768 784 ct

132 812 228 843 regno
247 801 355 833 Sicilie
380 812 451 833 cum
475 801 624 833 omnibus
649 801 688 832 ad
712 802 818 843 ipsum
844 802 1065 843 spectantibus
1085 805 1149 833 tam
1167 802 1246 833 citra
1263 802 1380 833 Farum
1406 814 1500 844 quam
1525 805 1617 841 ultra,
1637 804 1768 835 Corsica

133 864 255 895 quoque
279 853 383 894 adque
409 853 558 884 Sardinia
582 856 614 884 et
637 854 754 884 ceteris
779 854 872 884 terris
898 864 935 884 ac
967 853 1090 884 iuribus
1122 853 1161 884 ad
1190 854 1292 895 ipsam
1326 855 1493 885 ecclesiam
1523 856 1767 896 pertinentibus

132 915 188 936 nos
211 905 310 936 nostri
333 905 461 936 nomine
485 905 682 947 principatus
706 906 737 936 in
762 905 910 936 omnibus
935 908 966 936 et
990 916 1048 947 per
1071 906 1177 936 omnia
1201 906 1418 947 approbamus
1444 910 1475 937 ct
1500 907 1704 945 ratificamus,
1730 919 1766 939 ac

133 957 252 988 eisdem
277 957 423 988 omnibus
452 960 483 988 et
511 957 646 999 singulis
677 960 708 988 et
737 957 992 999 quibuscumque
1024 957 1115 988 aliisb
1149 968 1245 999 super
1273 957 1394 989 eisdem
1420 969 1475 1000 per
1499 958 1636 989 eundem
1660 969 1768 999 regem

135 1008 353 1050 quoquomodo
378 1008 472 1040 factis
497 1012 529 1039 et
552 1009 583 1039 in
608 1012 771 1050 posterum
796 1009 951 1041 faciendis
977 1010 1175 1041 voluntatem
1200 1012 1351 1049 nostram,
1378 1020 1546 1041 assensum
1571 1014 1667 1052 atque
1693 1022 1767 1041 con-

133 1071 260 1092 sensum
284 1061 541 1092 inrevocabiliter
570 1061 760 1092 exhibemus
789 1065 821 1092 et
849 1062 1082 1103 promittimus,
1117 1061 1201 1103 quod
1235 1065 1345 1092 contra
1380 1062 1534 1103 premissa
1559 1062 1610 1093 vel
1640 1063 1768 1103 aliquod

134 1113 361 1155 premissorum
394 1113 480 1143 nullo
512 1123 649 1154 unquam
685 1118 827 1155 tempore
856 1114 1038 1153 veniemus,
1071 1113 1126 1144 scd
1158 1124 1197 1144 ea
1226 1114 1331 1144 omnia
1360 1117 1392 1144 et
1428 1114 1555 1155 singula
1585 1125 1641 1155 pro
1674 1125 1769 1155 posse

134 1167 240 1196 nostro
263 1164 505 1206 procurabimus
530 1164 760 1196 inviolabiliter
784 1165 958 1197 observari.
1047 1165 1089 1196 Et
1112 1168 1146 1196 ut
1170 1165 1229 1196 hec
1253 1169 1363 1196 nostra
1387 1165 1546 1205 voluntas,
1570 1165 1770 1207 approbatio,

135 1217 315 1255 ratificatio,
348 1226 515 1255 assensuS,
547 1227 722 1248 consensus
753 1220 848 1258 atque
880 1217 1050 1258 promissio
1081 1228 1099 1248 a
1123 1217 1216 1248 nobis
1242 1216 1364 1248 eisdem
1389 1217 1543 1248 Romanis
1567 1218 1770 1258 pontificibus

137 1271 167 1300 et
190 1268 324 1300 ecclesie
348 1268 381 1298 in
404 1271 594 1309 perpetuum
619 1269 848 1308 observentur,
873 1269 934 1300 hoc
958 1279 1093 1310 presens
1119 1269 1271 1310 scriptum
1297 1269 1370 1300 inde
1396 1269 1463 1300 fieri
1488 1269 1620 1300 fecimus
1645 1272 1769 1301 nostro-

135 1331 202 1351 rum
225 1320 400 1361 sigillorum
424 1320 598 1351 munimine
624 1320 816 1351 roboratum.

238 1372 311 1403 Dat.
336 1375 368 1403 et
396 1374 456 1403 act.
486 1382 570 1403 anno
600 1371 729 1403 Domini
758 1372 928 1403 millesimo
961 1372 1179 1404 ducentesimo
1215 1372 1454 1414 septuagesimo
1486 1383 1582 1411 nono,
1622 1373 1664 1404 II.
1694 1373 1770 1404 Idus

137 1423 326 1466 Septembr.,
350 1426 506 1465 regnante
529 1423 674 1465 predicto
693 1424 820 1455 domino
838 1427 945 1455 nostro
964 1424 1093 1455 domino
1111 1424 1149 1455 R.
1167 1424 1386 1455 Romanorum
1410 1434 1486 1465 rege
1504 1424 1652 1465 glorioso,
1681 1426 1770 1466 regni

139 1476 204 1507 eius
228 1485 310 1507 anno
336 1479 438 1508 sext0.

367 1560 444 1593 230.
468 1561 695 1593 EPISTOLA
720 1562 879 1593 PAPAE
902 1561 1131 1594 GIFFRIDO
1155 1561 1370 1594 DIRECTA.
1418 1562 1532 1602 (Sept.)

239 1622 336 1654 Dedit
358 1633 395 1653 ex
418 1622 519 1653 codem
542 1633 578 1653 ac
601 1623 731 1654 2212228
757 1623 899 1662 Reyz'stro
918 1623 976 1664 fol.
1000 1624 1040 1653 80
1064 1623 1220 1662 Ζιισσυφιί
1245 1622 1264 1654 Ι.
1286 1635 1309 1653 c.
1332 1623 1475 1662 Appeml.
1497 1634 1528 1661 p.
1552 1625 1620 1654 107.
1661 1623 1773 1654 Denuo

137 1674 264 1706 contulit
286 1674 481 1714 Poqatseher.
508 1693 546 1697 —
570 1674 716 1706 Pottlcast
738 1675 854 1705 21638.
1482 1674 1533 1715 (P.
1558 1675 1664 1715 deest)

239 1743 390 1774 Nicolaus
414 1745 474 1775 etc.
498 1743 616 1774 dilecto
645 1744 709 1774 filio
734 1743 870 1775 Giffrido
903 1743 941 1775 de
965 1743 1116 1785 Anagnia
1145 1743 1268 1776 decano
1294 1744 1430 1776 ecclesie
1455 1744 1494 1775 de
1519 1747 1631 1776 sancto
1662 1744 1773 1776 Audo-

137 1804 223 1826 maro
246 1794 440 1826 Morinensis
465 1794 599 1826 diocesis
624 1795 791 1837 capellano
815 1798 925 1826 nostro
950 1796 1089 1826 salutem
1114 1798 1175 1827 etc.

240 1846 455 1888 Receptarum
479 1857 582 1888 nuper
606 1857 647 1878 ex
672 1850 763 1888 parte
793 1850 848 1878 tua
871 1847 1050 1878 litterarum
1077 1847 1276 1889 prelectione
1301 1847 1499 1888 collegimus,
1525 1847 1608 1889 quod
1633 1858 1652 1878 a
1677 1858 1772 1879 vene-

139 1898 289 1929 rabilibus
313 1898 466 1929 fratribus
491 1898 607 1929 nostris
629 1922 660 1930 ..
685 1898 874 1940 Maguntino
903 1902 935 1930 et
958 1923 989 1930 ..
1014 1898 1204 1930 Treverensi
1228 1899 1491 1941 archiepiscopis,
1517 1910 1580 1929 non
1606 1900 1773 1941 completis

138 1949 197 1981 hiis
221 1961 277 1992 pro
302 1950 417 1992 quibus
447 1950 487 1981 ad
512 1961 567 1982 eos
597 1951 687 1981 iuxta
710 1951 951 1992 beneplacitum
976 1954 1119 1982 nostrum
1146 1956 1360 1985 accesserasa,
1392 1951 1485 1992 quasi
1520 1961 1583 1981 non
1616 1950 1773 1981 rediturus

139 2001 268 2033 ulterius
291 2002 463 2033 recessisti.
509 2001 561 2032 Ad
585 2002 669 2043 quod
692 2003 771 2034 scire
796 2006 826 2034 te
851 2003 1009 2041 volumus,
1034 2003 1117 2044 quod
1141 2003 1254 2034 diebus
1273 2003 1342 2033 istis
1360 2002 1522 2044 preteritis
1547 2002 1587 2033 ad
1611 2013 1668 2033 nos
1692 2002 1772 2033 duos

140 2062 246 2084 eorum
278 2053 410 2085 clericos
446 2053 542 2085 iidem
572 2053 806 2096 archiepiscopi
838 2054 1053 2091 destinarunt,
1082 2055 1175 2086 nobis
1212 2057 1317 2085 certas
1347 2065 1460 2085 causas
1492 2064 1590 2095 quare
1614 2054 1645 2084 id
1670 2055 1771 2085 conti-

141 2107 230 2144 gerat
251 2105 445 2137 nuntiantes.
492 2104 581 2140 Quos
611 2105 739 2147 quidem
770 2107 902 2137 clericos
931 2117 948 2137 e
973 2106 1110 2147 vestigio
1140 2117 1211 2137 cum
1242 2106 1357 2137 litteris
1388 2106 1508 2137 nostris
1532 2105 1573 2136 ad
1597 2106 1773 2147 archiepis·-

141 2165 232 2197 copos
254 2156 339 2198 ipsos
363 2157 554 2195 remisimus,
579 2168 636 2199 per
659 2168 748 2199 quas,
774 2158 857 2189 sieut
881 2157 958 2188 dicti
984 2158 1092 2189 clerici
1118 2169 1224 2189 coram
1249 2157 1342 2188 nobis
1360 2157 1628 2188 certitudinaliter
1645 2168 1771 2188 asscre-

140 2205 222 2247 bant,
245 2209 472 2249 premissorum
497 2210 770 2241 consumationem
795 2211 966 2251 provenire
1001 2220 1178 2251 speramus.
1226 2209 1365 2240 Studeas
1396 2210 1502 2251 itaque
1534 2220 1592 2251 per
1615 2213 1646 2240 te
1671 2209 1774 2250 ipsum

139 2258 188 2289 vel
211 2270 267 2300 per
289 2261 416 2292 nuntios
441 2263 496 2292 aut
520 2261 601 2292 alios
627 2261 709 2292 sicut
733 2261 886 2303 expediet
917 2262 1050 2292 sollicite
1075 2272 1267 2303 procurare,
1301 2261 1384 2303 quod
1410 2272 1448 2292 ea
1472 2272 1533 2302 quo
1559 2261 1598 2291 de
1624 2260 1773 2291 mamiato

140 2313 244 2342 nostro
267 2313 479 2354 prosequeris,
504 2313 621 2344 effectu
645 2324 800 2355 prospero
824 2324 880 2355 per
904 2313 1033 2345 eosdem
1058 2314 1319 2355 archiepiscopos
1344 2313 1579 2354 compleantur.

245 2362 316 2394 Dat.
340 2363 512 2396 viterbii1.

173 2462 246 2496 231.
271 2465 555 2498 RECOGNITIO
581 2466 806 2498 GIFFRIDI
823 2467 1108 2500 MOGUNTJNO
1131 2467 1501 2500 AROJIIEPISCOPO
1528 2465 1742 2497 TRADITA.

862 2520 959 2560 (Sqtfi.
976 2521 1043 2557 27.)

246 2578 469 2619 Autoyraplaon
491 2579 586 2610 leuius
613 2580 843 2619 recoymtiouis,
868 2591 926 2621 lwr
955 2592 1048 2619 quam
1078 2580 1239 2618 (liffisdns
1263 2580 1525 2618 arrhityu'smjmm
1551 2578 1771 2617 RIvJszlinmn

146 2626 260 2659 litteras
288 2640 452 2662 consensus
481 2642 559 2671 quac
588 2631 739 2662 ‹lieunmr
772 2632 1087 2670 ί(τ’(κςαηιΐινῐῖῖνΙι)-Ιι’[“’
1116 2643 1212 2670 supra
1250 2642 1295 2662 nr.
1320 2632 1382 2661 3137>
1421 2631 1603 2669 ssylillarisst·
1632 2631 1772 2660 trs-(asur.

243 2696 305 2724 229·
323 2698 347 2731 b)
366 2701 501 2725 evanidam
520 2710 555 2725 or.

244 2755 306 2783 230.
326 2759 348 2790 ²¹)
367 2761 477 2792 sequitur
495 2762 525 2786 ad
544 2770 586 2786 eos
606 2761 713 2786 deletum
733 2771 752 2786 κ’.

247 2816 271 2848 1)
290 2817 341 2843 Hic
356 2826 429 2852 papa
447 2822 512 2846 certe
531 2820 620 2847 diebus
640 2821 710 2854 Sept.
725 2825 754 2847 13
772 2829 852 2853 usquc
870 2820 905 2851 ml
927 2822 983 2846 Oct.
999 2824 1014 2846 9
1033 2820 1191 2845 ›nm-«luatur,
