2259 3116
449 108 504 136 140
815 103 970 130 RUDOLFI
990 103 1094 130 REGIS
1114 103 1438 131 CONSTITUTIONES.
1475 104 1549 129 1277.
1586 103 1632 129 Nr.
1649 103 1705 129 144.

443 191 595 232 gaudere.
645 190 717 222 Hiis
756 191 1072 223 consideracionibus
1108 202 1149 223 ex
1178 192 1285 222 multis
1315 192 1419 223 causis
1451 194 1482 222 et
1511 190 1694 222 raeionibus
1724 189 1848 221 invitati
1881 193 1913 221 et
1950 192 2077 223 attracti

445 254 516 274 cum
545 243 697 274 Ladizlao
727 243 840 274 illustri
873 255 949 285 rege
980 244 1147 285 Hungarie
1178 244 1346 274 karissimo
1375 243 1478 274 amico
1512 246 1619 273 nostro
1655 252 1781 273 omnem
1809 241 1975 282 unionem,
2000 244 2078 274 ami-

444 296 556 326 ciciam
581 299 612 326 et
637 295 825 326 affinitatem
851 296 1086 334 contraximus,
1115 299 1149 326 ut
1172 299 1342 337 utrumque
1366 296 1504 334 auxilio,
1529 295 1660 325 consilio
1685 297 1717 325 et
1739 294 1851 324 favore
1875 294 1906 324 in
1930 295 2078 326 omnibus

443 351 474 378 et
498 359 554 389 per
578 347 685 378 omnia
708 347 797 378 nobis
822 347 960 378 invicem
985 348 1184 385 assistamus,
1210 358 1282 378 cum
1307 347 1337 378 id
1363 350 1506 388 tempus,
1531 347 1621 377 locus
1646 345 1696 376 vel
1721 345 1920 387 oportunitas
1945 346 1996 376 vel
2019 357 2076 377 ne—

443 400 577 430 cessitas
602 400 653 430 vel
677 399 798 430 utilitas
823 399 923 429 nostri
954 399 1003 429 vel
1037 402 1219 429 nostrorum
1256 399 1417 440 exegerit,
1455 399 1540 429 omni
1578 398 1748 429 occasione
1778 397 1829 428 vel
1861 398 2076 429 excusacione

443 451 589 491 relegata
613 451 741 492 penitus
766 454 798 481 et
822 451 964 481 exclusa.

549 504 577 534 2.
601 501 644 532 Et
674 502 835 544 sponsalia
864 504 1027 533 contracta
1055 502 1138 532 inter
1167 501 1325 532 illustrem
1350 502 1389 532 A.
1414 501 1528 532 ducem
1559 502 1662 532 tocius
1687 501 1857 532 Sclavonie
1888 504 1920 531 et
1945 499 2076 533 Croacie

441 555 573 585 fratrem
598 554 698 596 ipsius
724 555 807 595 regis
836 554 1003 595 IIungarie
1029 557 1060 584 et
1084 554 1179 584 filiam
1208 556 1348 584 nostram
1382 553 1586 584 karissimam
1618 552 1851 591 Clemenciam,
1875 552 2077 583 matrimonio

442 607 631 645 subsecuto,
656 606 707 637 die
731 606 771 637 ad
796 606 855 637 1100
880 604 1047 648 [statuto]³
1070 616 1127 647 per
1150 605 1186 637 L.
1211 605 1366 636 illustrem
1393 615 1503 646 regem
1527 604 1697 646 Hungarie
1728 606 1760 635 et
1783 614 1842 645 per
1865 613 1923 634 nos
1948 603 1997 634 vel
2020 613 2078 645 per

441 658 652 689 intermedios
678 659 810 689 nuncios
834 662 960 688 nostros
986 657 1181 698 sollempnes
1206 657 1414 688 laudabiliter
1437 659 1708 687 consummantur.

549 712 575 742 3.
601 710 643 740 Et
666 713 701 740 ut
725 710 784 741 1100
809 710 940 740 firmiter
956 712 1151 750 perseveret,
1176 719 1234 750 per
1250 709 1454 739 karissimum
1481 708 1579 739 filium
1604 710 1748 738 nostrum
1774 706 2023 748 primogenitum
2047 709 2079 737 et

441 762 522 792 alios
548 762 708 803 principes
732 765 764 793 et
781 761 918 792 barones
936 766 1075 801 nostros,
1100 761 1213 792 affines
1231 764 1356 792 nostros
1381 765 1412 792 et
1429 762 1684 802 consanguineos
1700 760 1896 798 karissimos,
1920 759 2077 790 iusiuran-

440 813 513 844 dum
545 824 602 844 seu
631 814 795 855 corporale
828 817 1061 844 sacramentum
1087 817 1172 844 tacto
1198 814 1283 854 ligno
1310 813 1432 844 vivifice
1462 813 1563 844 crucis
1593 813 1730 855 prestari
1755 812 1889 843 fecimus
1914 811 1945 841 in
1969 813 2079 842 nostra

439 865 610 906 presencia
634 869 665 896 et
681 866 712 896 in
730 868 873 896 nostram
891 866 1028 895 animam
1054 868 1085 895 et
1110 866 1140 895 in
1158 865 1297 895 animam
1315 865 1471 895 consortis
1494 868 1601 895 nostre
1618 864 1786 895 karissime
1803 863 2077 905 inpresenciarum

439 916 556 947 ibidem
582 917 751 948 existentis
776 920 807 947 et
829 917 921 947 nobis
940 917 1231 955 consencientibus,
1255 917 1328 947 viva
1345 927 1423 947 voce
1441 916 1561 947 eisdem
1579 915 1805 947 mandantibus
1823 918 1855 946 et
1872 914 2076 957 precipienti-

438 968 497 998 bus
523 968 658 1009 prestari
690 968 871 999 huiusmodi
895 968 1132 1007 iusiurandum,
1162 968 1394 1009 accipientibus
1424 967 1607 998 huiusmodi
1636 966 1856 998 iusiurandum
1886 977 1942 998 seu
1972 976 2077 997 sacra-

440 1024 582 1050 mentum
606 1020 843 1051 venerabilibus
868 1020 1014 1062 patribus
1032 1020 1204 1051 Lodomiro
1222 1020 1440 1058 VVaradiensi,
1465 1019 1644 1061 Tymotheo
1669 1019 1883 1060 Zagrabiensi
1909 1019 2075 1060 episcopis,

437 1071 584 1102 Rolando
609 1071 702 1111 bano,
735 1072 888 1103 Aladario
912 1072 1066 1113 magistro
1092 1071 1306 1113 dapiferorum
1330 1071 1457 1102 domine
1481 1072 1591 1113 regine
1620 1071 1798 1113 Hungarie,
1823 1070 1985 1111 magistris
2009 1069 2076 1101 De-

439 1124 554 1154 metrio
583 1124 721 1154 Albensi
751 1124 1017 1155 vicecancellario
1048 1123 1191 1155 eiusdem
1221 1124 1306 1165 regis
1335 1123 1504 1164 Hungarie
1537 1123 1670 1154 illustris
1698 1126 1730 1153 et
1760 1122 1906 1153 Iohanne
1934 1122 2076 1153 Budensi

438 1176 611 1217 prepositis
637 1180 668 1206 et
700 1175 961 1217 promittentibus
996 1178 1027 1206 et
1056 1176 1311 1206 asummentibus
1344 1175 1579 1217 sollempniter,
1611 1178 1645 1206 ut
1675 1174 1800 1206 nunciis
1830 1174 1963 1212 nostris,
1995 1185 2073 1216 quos

438 1237 509 1257 011111
545 1227 665 1257 eisdem
690 1227 730 1257 ad
756 1227 910 1258 illustrem
936 1237 1046 1268 regem
1070 1227 1238 1268 Hungarie
1263 1227 1429 1268 dirigimus
1454 1226 1581 1257 affinem
1606 1230 1750 1257 nostrum
1774 1226 1995 1265 karissimum,
2018 1237 2076 1267 per

438 1278 577 1309 eundem
602 1289 710 1319 regem
736 1279 904 1320 Hungarie
929 1279 1095 1309 consimile
1120 1282 1356 1310 sacramentum
1382 1282 1414 1310 et
1438 1278 1533 1309 modo
1558 1278 1715 1309 consimili
1739 1278 1876 1320 prestari
1900 1278 2020 1309 faciant
2044 1281 2076 1309 et

437 1330 476 1360 ab
509 1331 609 1371 ipsius
634 1330 809 1361 baronibus
840 1334 871 1361 et
900 1330 1096 1372 principibus
1126 1331 1340 1361 iuramentum
1368 1331 1517 1372 exigatur
1547 1334 1578 1361 et
1613 1333 1776 1372 prestetur
1804 1329 1897 1361 modo
1928 1330 2074 1371 superius

437 1385 600 1413 annotato.

545 1436 573 1464 4.
598 1433 817 1465 Exhibebitur
842 1434 943 1465 eciam
969 1434 1035 1464 dux
1052 1433 1198 1465 Andreas
1223 1434 1321 1465 frater
1345 1434 1430 1475 regis
1454 1434 1532 1475 ipsis
1549 1433 1665 1464 nestris
1683 1433 1807 1464 nunciis
1831 1433 1871 1464 ad
1888 1433 2071 1474 videndum,

438 1496 499 1526 quo
525 1490 660 1527 experto
685 1490 780 1527 atque
807 1487 883 1523 viso,
910 1486 936 1517 si
961 1486 1107 1518 defectus
1132 1486 1285 1517 notabilis
1310 1496 1425 1528 expers
1449 1489 1595 1527 repertus
1620 1486 1726 1525 fuerit,
1752 1485 1916 1527 sponsalia
1939 1485 2074 1517 solidata

436 1538 621 1568 manebunt.

545 1592 573 1620 5.
597 1589 805 1620 Promisimus
831 1590 932 1620 ceiam
964 1589 1026 1620 fide
1057 1589 1148 1627 data,
1178 1590 1327 1620 universa
1363 1592 1394 1620 et
1423 1590 1548 1630 singula
1576 1592 1673 1631 pacta
1696 1589 1782 1621 facta
1805 1589 1949 1632 predicto
1972 1590 2073 1621 amico

439 1644 549 1671 nostro
576 1642 643 1682 regi
669 1640 837 1682 Hungarie
862 1642 944 1672 eirca
969 1652 1015 1680 ea,
1041 1652 1102 1682 que
1128 1639 1354 1683 [habemuslss-¹
1378 1640 1532 1672 adversus
1556 1641 1707 1672 dilectum
1732 1642 1908 1683 principem
1933 1645 2076 1673 nostrum

437 1704 547 1734 regem
574 1692 718 1731 Boemie,
747 1693 883 1724 fideliter
907 1697 938 1724 et
957 1694 1105 1734 legaliter
1128 1693 1314 1731 observare,
1340 1693 1486 1734 quodque
1512 1693 1707 1735 sollempnes
1725 1694 1858 1724 nuncios
1884 1697 2008 1725 nostros
2033 1693 2073 1725 ad

436 1745 554 1775 dictum
591 1756 700 1786 regem
731 1745 865 1776 Boemie
900 1756 969 1776 eum
1002 1745 1127 1776 nunciis
1156 1746 1240 1786 regis
1265 1744 1433 1786 Hungarie
1462 1746 1736 1784 transmittemus,
1772 1756 1831 1787 per
1866 1756 1945 1787 quos
1970 1746 2074 1787 ipsum

2105 670 2127 688 10

2104 928 2126 946 15

2101 1185 2126 1205 20

2100 1444 2123 1464 2⁵

2100 1702 2124 1721 30

437 1807 620 1827 ammonere
645 1797 825 1828 curabimus
851 1797 943 1838 eique
970 1797 1161 1828 instabimus
1185 1797 1270 1828 bona
1301 1797 1379 1835 fide,
1409 1800 1443 1827 ut
1466 1798 1590 1838 prefato
1620 1798 1689 1839 regi
1722 1800 1754 1828 et
1781 1808 1881 1839 regno
1906 1797 2074 1839 Hungarie
2103 1807 2105 1809 ’

437 1848 545 1878 ablata
571 1849 720 1879 restituat
745 1852 776 1880 et
800 1849 839 1880 dc
863 1849 1010 1890 dampnis
1035 1849 1133 1887 datis,
1166 1850 1287 1880 iniuriis
1312 1850 1484 1890 irrogatisl
1511 1850 1698 1888 satisfaciat,
1725 1850 1808 1881 sicut
1831 1849 1939 1881 debet.
1983 1850 2073 1881 Alio-

438 1901 512 1940 quin
536 1900 621 1931 facta
645 1901 764 1942 priora,
794 1912 855 1942 que
884 1902 985 1932 amico
1013 1904 1120 1932 nostro
1153 1902 1276 1943 prefato
1310 1901 1460 1941 fecimus,
1490 1902 1583 1933 firma
1607 1902 1808 1933 servabimus
1834 1905 1865 1933 et
1891 1901 2071 1933 tenebimus

434 1951 567 1983 illibata.

540 2006 568 2034 6.
594 2004 674 2035 Item
701 2005 918 2045 promittimus
943 2009 975 2036 et
998 2005 1199 2046 promisimus
1225 2005 1318 2035 modo
1348 2005 1505 2036 consimili
1541 2005 1617 2036 data
1651 2005 1733 2043 fide,
1768 2008 1804 2036 ut
1827 2005 1934 2036 omnia
1958 2007 2071 2043 castra,

436 2055 646 2090 municiones,
671 2056 800 2097 oppido,
822 2056 923 2093 villas,
949 2061 1051 2087 terras
1076 2060 1107 2087 et
1131 2057 1203 2096 alia,
1228 2068 1289 2098 que
1309 2057 1470 2098 predictus
1495 2068 1552 2088 rex
1569 2057 1703 2088 Boemie
1722 2061 1894 2099 occuparat
1918 2058 1968 2088 vel
1985 2057 2070 2088 fece-

436 2110 485 2136 rat
516 2108 666 2148 occupari
697 2108 747 2138 vel
773 2109 889 2139 nostris
914 2109 1109 2150 temporibus
1134 2109 1302 2140 Australes
1327 2112 1359 2140 et
1384 2109 1571 2147 StirienseS,
1601 2109 1794 2140 Karinthani
1825 2112 2017 2151 occuparant
2040 2112 2072 2140 et

434 2158 577 2188 detinent
609 2162 764 2200 occupatu
797 2170 855 2189 nec
888 2160 991 2190 adhuc
1024 2160 1220 2191 reddidimus
1244 2161 1294 2192 vel
1319 2161 1408 2192 reddi
1433 2161 1581 2199 fecimus,
1606 2161 1732 2192 restitui
1756 2161 1910 2192 faciemus
1933 2161 2067 2202 propriis

433 2210 549 2240 nostris
575 2214 605 2240 et
630 2214 810 2241 nostrorum
832 2212 994 2243 laboribus
1020 2218 1052 2243 et
1076 2213 1237 2254 expensis,
1264 2213 1308 2243 ita
1332 2216 1438 2243 tamen
1463 2216 1512 2251 ut,
1537 2213 1592 2244 ubi
1618 2223 1754 2244 necesse
1777 2213 1884 2249 fuerit,
1910 2212 2071 2254 predictus

432 2271 488 2290 rex
517 2261 682 2301 llung-aric
709 2263 799 2293 nobis
825 2273 882 2304 per
905 2274 979 2293 snos
1006 2265 1054 2294 vel
1079 2275 1137 2305 per
1167 2275 1200 2295 se
1225 2265 1346 2305 ipsum,
1378 2264 1403 2294 si
1428 2275 1561 2295 necesse
1587 2265 1692 2303 fuerit,
1727 2265 1810 2295 eirca
1839 2268 2015 2295 castrorum
2039 2267 2071 2294 et

432 2313 649 2343 municionum
689 2315 971 2355 recuperucionem
1000 2317 1153 2346 auxilium
1184 2316 1332 2357 prebebit
1369 2320 1571 2358 oportunum.
1624 2316 1741 2347 Terras
1772 2317 1873 2347 eciam
1902 2319 1933 2347 et
1962 2326 2069 2357 regna,

432 2374 564 2404 regnum
591 2365 740 2396 videlicet
771 2366 855 2405 regis
881 2366 1048 2407 Ilungarie
1081 2370 1112 2397 et
1137 2370 1238 2397 terras
1263 2371 1387 2397 nostras
1411 2367 1560 2405 Austrie,
1597 2367 1708 2406 Stirie,
1737 2366 1908 2398 Karinthie
1945 2367 1976 2397 in
2004 2367 2069 2397 suis

431 2416 526 2445 vertis
552 2417 697 2447 terminis
729 2421 760 2447 et
785 2418 923 2458 antiquis
949 2428 1138 2459 pemnanerc
1172 2418 1346 2458 faciemus,
1379 2420 1473 2450 certis
1506 2419 1546 2450 ad
1571 2419 1630 2450 1100
1654 2420 1815 2461 utrimque
1840 2419 2012 2451 baronibus
2036 2422 2068 2451 et

432 2459 579 2498 fidelibus
605 2472 636 2498 et
661 2468 711 2499 die
737 2469 908 2510 deputatis.

540 2521 565 2550 7.
594 2519 673 2550 Item
700 2521 911 2561 promittimus
937 2525 968 2551 et
992 2522 1192 2562 promisimus
1217 2521 1291 2552 data
1321 2522 1399 2554 fide.
1430 2526 1465 2552 ut
1490 2522 1633 2553 infideles
1658 2522 1757 2564 ipsius
1782 2523 1866 2563 regis
1892 2522 2068 2564 IIungarie,

432 2571 498 2601 sire
525 2570 662 2601 barones
694 2572 813 2602 fuerint
837 2573 902 2603 sive
929 2574 1060 2604 iuvenes
1086 2574 1260 2604 familiares
1285 2574 1352 2605 sive
1378 2574 1569 2616 quicumque
1600 2574 1638 2605 (10
1664 2574 1758 2605 domo
1785 2574 1929 2605 eiusdem
1955 2574 2004 2606 vel
2028 2573 2067 2605 de

537 2655 597 2681 144.
618 2662 640 2689 st)
659 2659 724 2681 dmi!
744 2668 793 2683 1112:
813 2659 847 2681 siv
865 2661 919 2691 svm:
939 2660 1114 2690 supplendam

536 2718 557 2749 l)
579 2717 619 2749 (Y.
641 2717 713 2751 infru
732 2726 756 2749 11.
773 2722 814 2743 143
833 2718 956 2744 l.-'1'13.-';(i.

2098 1961 2121 1980 ³⁵

2096 2225 2120 2244 ⁴0

2091 2479 2115 2498 45
