2259 3116
340 461 390 482 Mai.
405 464 435 482 16.

340 513 388 534 Mai.
406 517 437 535 15.

328 1884 331 1888 Α
344 1867 394 1889 Mai.
409 1870 442 1889 23.

452 109 508 139 130
782 107 939 134 RUDOLFI
960 106 1064 133 REGIS
1083 106 1406 134 CONSTITUTIONES.
1444 106 1518 132 1277.
1555 106 1602 132 Nr.
1618 105 1675 132 134.
1689 105 1745 132 135.

446 197 574 226 nostras
608 195 649 225 ab
682 194 823 236 ipsorum
851 195 975 226 lesione
1005 194 1214 232 retraximus,
1249 196 1284 224 ut
1313 194 1375 224 illis
1404 193 1490 224 nulle
1519 203 1577 234 per
1613 203 1671 223 nos
1699 195 1811 234 postea
1839 192 1986 223 molestie
2016 193 2084 224 fue-

447 248 508 278 rint
536 247 687 287 irrogate.
740 246 797 277 Set
825 257 916 285 ecce,
951 246 1033 288 quod
1063 245 1253 277 discrecioni
1277 248 1384 276 vestre
1408 244 1636 287 exponendum
1668 244 1818 275 duximus
1843 255 1913 275 cum
1945 246 2084 287 querela,

447 299 523 330 lieet
551 309 610 329 nos
646 298 768 329 nullum
805 298 906 340 ipsis²¹
940 298 1141 330 intulerimus
1176 297 1379 340 dispendium
1422 300 1496 339 post
1534 297 1624 338 pacis
1657 296 1896 328 ordinacionem
1929 298 2085 339 prefate¹‚

446 351 538 393 pueri
571 350 610 382 de
638 350 849 382 Rosenberch
881 360 938 381 nos
966 350 1228 392 inquietaverunt
1255 360 1312 391 pro
1336 349 1455 380 viribus
1487 352 1519 380 et
1547 349 1633 380 bona
1656 352 1765 380 nostra
1795 348 1951 380 incendiis
1977 349 2085 381 demo-

447 403 493 434 liti
523 406 598 434 sunt
626 403 774 444 nequiter
803 406 835 434 et
862 403 991 444 rapinis.
1045 402 1203 433 Homines
1239 402 1339 432 eciam
1374 401 1525 443 Hogerii,
1550 405 1644 443 prout·
1672 401 1758 432 cives
1793 402 1895 432 nostri
1929 401 1968 433 de
1998 401 2085 433 Bud-

449 456 526 486 wois
544 455 637 486 nobis
655 455 823 496 conquesti
840 458 914 486 sunt
937 455 968 486 in
992 455 1043 486 die
1060 454 1305 491 Pentheeostes,
1324 464 1378 484 eos
1395 453 1562 495 depredati
1587 455 1660 484 sunt
1683 453 1715 484 in
1733 453 1878 484 eiusdem
1896 453 1961 484 diei
1978 453 2087 494 vigilia

448 512 480 540 et
505 508 590 539 bona
612 508 755 549 ipsorum
779 508 916 538 flammis
949 506 1241 538 exterminantibus
1265 508 1482 537 vastaverunt.
1528 504 1570 535 Et
1602 505 1685 536 sicut
1716 508 1827 536 nostra
1858 505 2015 536 serenitas
2039 506 2086 536 in-

448 560 590 598 tellexit,
626 570 818 602 quamquam
846 559 922 590 dieti
946 558 1172 598 WVitkonides,
1202 558 1384 599 ubicunque
1418 568 1476 588 nos
1507 560 1642 599 possunt
1673 557 1837 588 offendere
1862 557 1894 588 in
1917 558 2087 599 propatulo

449 612 500 643 vel
523 613 555 643 in
579 612 715 650 occulto,
739 612 835 642 immo
860 611 1019 642 continuis
1037 610 1210 642 lesionibus
1234 620 1293 641 nos
1317 609 1491 647 offendere,
1517 609 1654 640 libenter
1677 609 1828 647 efficiant,
1852 612 1961 640 tamen
1984 609 2084 652 impu-

449 664 591 695 dicarum
615 664 785 695 mulierum
810 663 850 694 ad
874 664 988 699 instar,
1013 673 1146 704 quarum
1180 665 1230 693 est
1253 662 1435 704 proprietas
1466 672 1594 692 suorum
1619 662 1763 692 maculas
1788 661 1956 692 criminum
1979 661 2086 693 obiec-

449 719 517 748 tare
548 716 619 747 aliis
651 719 683 747 et
714 716 807 757 culpe
839 718 946 746 notam
979 715 1108 756 proprie
1132 714 1256 756 pudicis
1280 713 1442 745 mentibus
1466 713 1632 755 adaptare,
1658 714 1774 755 prefati
1798 713 2006 745 VVitkonides
2031 725 2087 746 ex-

450 779 559 800 cessus
585 779 670 807 suos,
696 768 810 810 quibus
836 766 968 798 cottidie
994 766 1173 798 redduntur
1197 766 1386 808 culpabiles,
1412 769 1443 796 et
1467 765 1686 804 enormitates,
1711 775 1789 806 quas
1814 765 1945 797 assidue
1962 769 2090 808 patrant

449 820 697 862 frequenterque
732 819 951 857 committunt,
988 818 1078 849 nobis
1114 828 1176 849 non
1213 817 1472 848 verecundantur
1507 817 1670 848 ascribere
1704 828 1811 848 coram
1842 817 1960 849 domini
1990 819 2089 850 nostri

450 873 648 904 serenissimi
679 872 896 903 Romanorum
933 871 1018 912 regis
1050 870 1128 901 solio
1153 870 1351 909 maiestatis,
1388 869 1446 900 sibi
1471 869 1713 900 lacrimabiliter
1737 872 1939 911 exponentes
1969 880 2022 909 ea,
2049 869 2088 901 de

450 925 565 966 quibus
589 935 646 956 nos
670 924 862 955 deberemus
887 926 920 954 et
943 933 1114 965 possumus
1139 922 1382 953 racionabiliter
1406 922 1580 963 querulari,
1604 924 1700 963 atque
1725 921 1842 952 actoris
1867 922 1960 952 nimis
1984 922 2087 964 impu-

452 977 566 1008 denter
589 976 789 1018 deponentes
815 976 969 1013 officium,
997 978 1153 1016 usurpant
1177 974 1237 1005 sibi
1261 977 1293 1005 et
1316 973 1486 1004 vendicant
1509 973 1604 1004 iidem
1629 973 1837 1005 WVitkonides
1865 976 1988 1016 partem
2016 974 2089 1013 rei2,

452 1030 561 1071 sieque
585 1029 633 1067 fit,
664 1031 699 1059 ut
729 1028 782 1070 qui
811 1028 950 1058 clamare
985 1026 1083 1058 debet
1116 1026 1210 1057 sileat
1239 1030 1270 1057 et
1299 1025 1441 1057 clamitet
1473 1036 1568 1067 quem
1594 1025 1690 1056 silere
1714 1025 1856 1058 deceret.
1900 1025 1993 1056 Unde
2018 1036 2089 1056 cum

451 1080 606 1112 discrecio
631 1083 738 1111 vestra
765 1078 946 1110 huiusmodi
977 1077 1131 1109 detestari
1161 1078 1307 1109 versucie
1342 1078 1523 1119 nequiciam
1556 1077 1690 1117 debeat,
1722 1081 1846 1109 attente
1875 1077 2089 1120 deposcimus,

451 1136 609 1174 quatenus
633 1132 693 1163 hoc
717 1131 779 1162 sibi
804 1130 1033 1162 inconveniens
1058 1130 1214 1168 videatur,
1240 1134 1272 1161 et
1296 1129 1454 1161 credimus
1480 1129 1698 1161 indubitanter
1715 1130 1911 1161 confidentes
1928 1129 1967 1161 de
1983 1132 2091 1161 vestra

451 1184 618 1215 nobilitate
643 1187 675 1214 et
698 1183 815 1225 prefati
840 1182 961 1213 domini
979 1182 1079 1213 nostri
1097 1181 1281 1221 clemencia,
1306 1181 1389 1222 quod
1414 1184 1478 1212 tam
1504 1181 1573 1222 ipse
1591 1191 1686 1222 quam
1710 1191 1766 1212 vos
1792 1181 1836 1212 eis
1853 1180 1949 1212 fidem
1974 1181 2006 1211 in
2029 1181 2088 1212 hiis

452 1247 515 1267 non
532 1236 725 1273 adhibeatis,
750 1235 846 1266 immo
871 1235 981 1276 pocius
999 1234 1092 1265 nobis
1116 1233 1265 1272 credatis,
1290 1243 1363 1264 cum
1387 1243 1445 1264 nos
1469 1232 1555 1263 dicto
1579 1232 1707 1264 domino
1732 1236 1843 1264 nostro
1862 1233 1964 1274 magis
1987 1233 2090 1275 possi-

452 1299 522 1320 mus
547 1288 682 1329 obsequi
707 1288 863 1329 pluraque
888 1286 1079 1328 inpendere,
1110 1296 1203 1327 quam
1228 1285 1358 1316 valeant
1383 1284 1590 1315 Witkonides
1621 1285 1792 1326 pretaxati.
1838 1284 1993 1316 Preterea
2019 1295 2091 1316 cum

452 1351 565 1382 pacem
596 1343 628 1371 et
659 1339 882 1370 concordiamb
907 1339 991 1369 inter
1015 1338 1180 1369 dominum
1205 1340 1347 1368 nostrum
1380 1340 1411 1367 et
1439 1348 1497 1367 nos
1522 1337 1743 1368 confirmatam
1766 1337 1900 1368 velimus
1931 1341 1963 1368 et
1986 1338 2089 1369 inten-

453 1393 565 1424 damus
589 1392 717 1434 penitus
743 1390 972 1422 inviolabiliter
996 1390 1180 1428 observare,
1205 1390 1233 1420 si
1256 1389 1393 1427 obsides,
1419 1399 1498 1430 quos
1522 1389 1693 1420 restituere
1711 1389 1856 1420 volumus
1881 1391 1913 1420 et
1936 1389 2091 1420 debemus

455 1445 485 1475 in
511 1445 646 1475 termino
671 1454 733 1485 quo
758 1442 879 1474 debent
903 1442 1042 1479 restitui,
1073 1452 1136 1473 non
1161 1444 1253 1473 erunt
1276 1451 1387 1472 omnes
1412 1441 1544 1472 forsitan
1568 1441 1707 1471 restituti
1731 1441 1850 1482 pariter
1874 1441 1906 1472 in
1929 1441 2013 1480 loeo,
2037 1441 2092 1472 ubi

461 1497 604 1527 ussimus
629 1495 811 1533 convenire,
836 1494 867 1525 id
892 1494 1094 1525 excellencia
1117 1494 1237 1525 domini
1261 1493 1362 1524 nostri
1388 1493 1547 1534 sepedicti
1570 1493 1651 1523 nulli
1668 1493 1792 1524 astueie
1810 1493 1862 1524 vel
1885 1493 1969 1524 malo
1994 1493 2091 1524 aseri-

450 1549 540 1587 jbere
564 1549 643 1580 velit
667 1548 806 1589 ingenio,
831 1546 888 1577 sed
912 1546 1092 1577 difficultati
1117 1549 1149 1577 et
1173 1546 1357 1587 inpotencie
1382 1545 1507 1576 cuidam
1531 1545 1683 1586 imputet,
1712 1556 1774 1587 que
1798 1549 1905 1576 nostre
1930 1556 1993 1576 non
2015 1556 2091 1576 con-

457 1603 548 1631 sonat
571 1600 738 1631 voluntati.
784 1598 866 1629 Nam
897 1598 1072 1629 certissime
1103 1598 1184 1629 scire
1209 1597 1337 1635 damus,
1376 1597 1459 1639 quod
1492 1607 1550 1638 pro
1585 1597 1784 1638 quibuslibet
1815 1597 1980 1629 obsidibus
2013 1607 2090 1638 quos

451 1652 640 1684 tenebamus
666 1652 790 1682 litteras
814 1654 941 1681 nostras
966 1650 1197 1681 transmisimus
1223 1649 1444 1691 specialesque
1468 1649 1622 1687 nuncios,
1646 1652 1681 1680 ut
1705 1650 1737 1680 in
1761 1650 1927 1681 Znoimam
1951 1649 2092 1681 debeant

452 1705 631 1736 certissime
656 1703 879 1745 transportari.
927 1702 982 1733 Set
1006 1702 1157 1743 quoniam
1181 1702 1323 1732 locorum
1348 1701 1505 1732 distancia
1532 1701 1741 1743 brevitasque
1775 1701 1928 1743 temporis
1958 1701 2089 1742 quibus-

452 1756 524 1787 dam
549 1755 716 1787 obsidibus
742 1756 773 1786 in
798 1754 928 1785 remotis
954 1754 1170 1785 existentibus
1195 1753 1378 1784 civitatibus
1404 1753 1448 1783 sic
1467 1753 1608 1791 obviant,
1632 1755 1667 1783 ut
1683 1752 1850 1784 Znoimam
1873 1763 1937 1784 non
1960 1753 2005 1784 ita
2029 1753 2090 1784 cito

452 1809 581 1839 valeant
605 1807 786 1849 pervenire,
811 1807 950 1848 petimus
961 1812 982 1845 ⁰,
1007 1809 1041 1836 ut
1066 1806 1150 1848 apud
1176 1806 1292 1847 prefati
1310 1805 1428 1836 domini
1445 1805 1544 1836 nostri
1562 1805 1840 1845 magnificenciam
1864 1816 1921 1836 nos
1944 1805 2090 1836 habeatis

453 1863 639 1897 excusatos,
678 1860 703 1890 si
732 1859 834 1901 primo
864 1859 972 1889 futura
1003 1858 1164 1889 dominica
1195 1868 1304 1888 omncs
1335 1857 1463 1888 obsides
1496 1868 1560 1888 non
1592 1860 1685 1888 erunt
1709 1858 1842 1889 Znoime
1866 1857 2092 1889 universaliter

453 1912 649 1943 constitutiss.
696 1912 800 1952 Super
826 1900 940 1951 quibus
966 1910 1113 1941 omnibus
1146 1910 1296 1941 dilectum
1328 1909 1456 1940 fidelem
1486 1913 1633 1940 nostrum
1657 1910 1792 1941 militem
1816 1909 2027 1941 Vssoborium
2052 1908 2091 1940 de

452 1963 584 1994 Namais
620 1962 659 1994 ad
695 1963 797 2004 ipsius
833 1962 1012 1993 maiestatis
1047 1962 1247 2003 presenciam
1279 1961 1429 1992 duximus
1464 1961 1693 1992 destinandum
1726 1965 1875 2004 petentes
1906 1962 2090 2001 affectuose,

452 2019 611 2056 quatenus
637 2015 714 2053 hiis,
747 2025 807 2055 que
833 2014 891 2044 sibi
917 2024 1015 2055 super
1038 2013 1217 2044 huiusmodi
1242 2014 1403 2052 retulerit,
1433 2013 1528 2044 fldem
1555 2013 1706 2055 dignetur
1734 2013 1897 2044 credulam
1928 2013 2092 2045 adhibere.

453 2067 521 2097 Vos
546 2077 671 2108 qnoque
697 2066 801 2097 eidem
826 2065 977 2103 credatis,
1001 2076 1062 2106 que
1088 2065 1178 2096 vobis
1204 2076 1244 2097 ex
1267 2068 1358 2107 parte
1383 2068 1493 2096 nostra
1517 2065 1645 2096 duxerit
1670 2065 1859 2097 refferenda.

561 2118 679 2149 Datum
704 2118 819 2158 Prage,
844 2117 916 2149 XV.
934 2117 1008 2149 Kal.
1027 2116 1130 2149 luliid.

666 2262 739 2295 135.
773 2263 993 2295 EPISTOJA
1020 2263 1256 2294 oTToKARI
1277 2263 1496 2295 RUDOLFO
1520 2263 1637 2295 REGI
1661 2262 1879 2295 DIREOTA.

1137 2317 1218 2355 (post
1241 2315 1323 2346 Mai.
1343 2318 1408 2356 11.)

563 2378 714 2407 Servatur
739 2377 770 2406 in
794 2375 964 2406 mllevliour
983 2376 1197 2416 formularum.
1219 2376 1346 2407 IIwzrici
1370 2377 1405 2407 da)
1421 2377 1557 2414 Isernin,
1583 2377 1618 2407 tle
1641 2387 1704 2416 qua
1730 2387 1753 2407 ι’.
1770 2386 1869 2415 supra
1892 2375 1934 2406 ad
1956 2385 2005 2407 nr.
2025 2375 2090 2406 115.

459 2429 584 2468 s'mQ'ccs
600 2430 673 2457 sunl
691 2427 719 2457 V
736 2427 788 2464 sol.
812 2428 877 2456 104⁴
896 2437 942 2457 nr.
962 2428 1026 2458 105),
1051 2427 1079 2457 l(
1098 2438 1145 2459 nr.
1160 2430 1229 2464 1⁰5,
1255 2428 1280 2458 P
1299 2427 1356 2468 sol.
1381 2430 1447 2458 1:37¹
1470 2439 1519 2459 ην.
1538 2429 1607 2465 129,
1631 2428 1669 2459 «b
1686 2428 1798 2459 eisdam
1814 2427 1891 2458 viris
1907 2426 2092 2458 doctissimis

456 2480 568 2511 rollalc'.
618 2479 706 2519 Quod
729 2479 771 2509 aa
788 2481 906 2518 tempas
923 2478 1067 2517 epistolar
1078 2479 1222 2518 pertinet,
1248 2480 1423 2518 (minionem
1444 2480 1475 2511 in
1492 2480 1631 2519 Regycstis
1640 2481 1835 2519 propositam
1847 2479 2028 2519 probamus,
2052 2496 2089 2500 -

456 2532 600 2568 Rolnam,
626 2531 698 2570 Πομ.
718 2531 788 2571 [ηιμ
814 2530 865 2568 VI,
882 2532 950 2560 75⁸.
1802 2531 1855 2570 (P.
1880 2530 1985 2570 dccsz‘.)

562 2616 623 2643 134.
644 2618 666 2645 ³¹)
687 2618 767 2650 ipsum
792 2620 818 2641 0.
906 2616 928 2637 ΙΝ
949 2618 1058 2648 ειυῙιιίΙιιι·
1078 2618 1100 2641 in
1126 2619 1152 2641 Η.
1241 2617 1263 2647 ⁰)
1284 2618 1376 2648 primus
1399 2620 1424 2642 Ι),
1514 2617 1538 2650 ¹¹)
1557 2619 1591 2642 sir
1614 2620 1642 2649 0,
1660 2619 1704 2643 sed
1722 2618 1787 2643 lunii
1807 2617 1938 2649 leglendmn
1956 2621 1996 2642 cst.

563 2687 586 2719 l)
613 2685 638 2711 V.
657 2693 739 2717 supra
761 2693 801 2710 nr.
819 2690 867 2711 1210.
883 2690 928 2711 1:1¹0
946 2694 965 2710 (a
983 2690 1000 2711 1.
1076 2688 1101 2717 Ξ)
1124 2685 1175 2709 llic
1194 2685 1294 2711 actoris
1313 2688 1333 2711 ct
1354 2686 1391 2711 rei
1414 2686 1534 2712 vocabula
1552 2694 1692 2719 pcrpcrmn
1710 2685 1828 2718 posuisse
1846 2685 1994 2711 dictatorem
2012 2683 2091 2713 credi-

459 2730 546 2755 derim.
636 2730 662 2761 3)
687 2729 718 2755 L'c
739 2736 777 2754 nr.
793 2734 843 2755 135).
861 2734 904 2756 Ιόυ
922 2738 941 2755 ι’.
959 2734 967 2755 Ι
986 2731 1115 2754 statutum
1133 2731 1196 2755 cml,

2115 671 2138 690 10

2116 930 2138 949 15

2117 1189 2140 1209 20

2118 1452 2141 1471 2⁵

2118 1713 2141 1731 ³0

2117 1975 2140 1994 35

2117 2326 2141 2345 ⁴0

2116 2625 2139 2645 ⁴⁵
