2259 3164
93 768 117 786 10

94 1023 117 1042 15

97 1280 121 1299 :io

99 1544 123 1563 25

102 1803 125 1822 ³0

104 2062 126 2081 ³5

103 2316 128 2335 4⁰

107 2575 130 2594 45

453 188 610 215 ltUDOLFI
629 189 731 215 REGIS
752 189 1070 216 CONs'm'PUTIONEs.

143 282 174 310 et
197 278 379 309 introituum
406 276 545 307 civitatis
563 276 743 315 Bisuntine,
767 276 818 317 qui
845 287 927 306 nunc

142 333 215 362 sunt
237 329 288 360 vel
312 328 379 359 fieri
403 331 553 369 poterunt
576 327 607 358 in
630 327 780 358 futurum.

205 392 234 422 6.
257 389 339 421 Item
363 388 447 430 quod
470 387 545 419 dicti
569 388 655 419 cives
672 388 793 418 habent
817 391 848 418 et
872 387 927 418 ha-

140 443 237 474 beant
274 440 537 472 communitatem
578 450 635 471 seu
674 440 927 476 universitatem,

141 493 268 525 archam
285 502 497 530 communem,
514 494 764 533 procuratorem,
786 494 927 522 actorem

141 546 191 577 vel
214 544 390 586 syndicum,
415 544 554 585 sigillum
580 543 815 578 universitatis,
841 553 926 573 cam-

141 608 239 640 panas
264 606 448 627 communes
474 594 512 626 ad
538 594 778 626 convocandam
800 594 927 624 univer-

142 649 268 680 nitatem
292 647 486 690 predictam,
520 647 639 678 vexilla
668 657 724 677 seu
748 645 928 677 bannerias.

141 701 222 732 Item
252 703 283 731 et
312 698 396 742 quod
420 699 481 741 ipsi
511 698 613 737 cives,
647 698 929 740 quocienscunque

142 753 187 784 eis
209 752 367 794 placuerit
397 762 454 782 seu
485 751 598 782 maiori
627 751 709 792 parti
732 750 832 791 ipsius
857 749 927 780 uni-

143 804 319 841 versitatis,
354 803 479 845 possint
508 802 569 834 sibi
598 802 719 843 eligere
749 812 847 833 unum
878 801 929 832 vel

143 856 250 898 plures
274 855 314 886 ad
338 854 514 896 regendum
538 857 571 885 et
587 853 799 885 ordinandum
824 853 930 884 omnia

143 907 291 949 negocia,
326 917 387 948 que
417 906 568 937 evenient
596 906 649 937 vel
678 905 823 937 accident
857 915 927 946 pre-

143 959 234 991 dictis
259 959 381 990 civibus
398 958 450 989 vel
473 957 677 989 universitati
694 957 848 999 predicte.
887 956 930 987 Et

144 1010 226 1053 quod
249 1011 310 1052 ipsi
333 1020 390 1052 pro
414 1020 470 1040 sue
495 1009 583 1040 libito
607 1009 780 1040 voluntatis
805 1008 930 1050 possint

143 1063 248 1094 facere
273 1066 305 1093 et
326 1061 458 1103 exigere
475 1061 557 1092 inter
573 1062 660 1103 ipsos
677 1061 801 1102 absque
825 1060 929 1090 iudice

144 1117 175 1145 et
203 1114 328 1145 iusticia
356 1113 538 1155 captiones,
570 1113 725 1143 huancias
754 1115 786 1142 et
813 1112 931 1142 taillias

145 1169 176 1197 et
206 1165 326 1197 habere
362 1175 563 1197 communem
598 1164 767 1206 pecuniam
796 1174 852 1205 pro
884 1163 929 1194 fa-

146 1217 264 1249 ciendis
288 1218 354 1248 suis
378 1217 532 1258 negociis,
557 1220 651 1258 prout
675 1216 788 1246 melius
814 1218 845 1246 ct
869 1215 929 1245 uti-

146 1269 205 1300 lius
229 1269 308 1311 ipsis
332 1269 493 1300 videbitur
517 1267 688 1309 expedire,
722 1269 754 1298 et
787 1266 826 1297 de
856 1277 929 1308 prc—

144 1320 236 1351 dictis
259 1320 305 1351 uti
330 1320 453 1362 possint
469 1320 569 1351 libere
587 1319 675 1350 nullo
699 1318 804 1349 iudice
829 1318 931 1360 impc-

145 1371 249 1403 diente
274 1372 326 1403 vel
349 1372 553 1413 aliquatenus
578 1370 827 1401 contradicente.

208 1433 235 1463 7.
261 1432 343 1463 Item
379 1431 462 1473 quod
498 1431 604 1462 nullus
640 1430 737 1462 iudex
771 1429 931 1460 iusticiam

146 1489 316 1514 exercens⁰
332 1483 416 1514 inter
432 1483 519 1514 cives
537 1483 638 1525 ipsius
656 1482 795 1513 civitatis
814 1482 843 1512 in
862 1481 932 1522 ipsa

149 1535 276 1565 civitate
294 1538 525 1566 commorantes
542 1545 638 1576 super
662 1533 756 1565 rebus
780 1533 820 1564 ad
844 1533 931 1574 ipsos

147 1585 229 1616 cives
252 1585 490 1627 pertinentibus
521 1596 584 1616 non
615 1588 723 1627 potest
751 1596 809 1616 nec
835 1585 931 1616 debet

146 1637 285 1669 iudicare
310 1648 367 1679 per
390 1638 682 1669 intellocutoriam⁰
706 1648 762 1668 seu
791 1648 847 1678 per
871 1636 930 1667 dif-

148 1689 298 1720 finitivam
323 1689 533 1728 sentenciam,
557 1689 659 1719 donec
684 1689 769 1719 cives
795 1688 932 1719 civitatis

148 1740 287 1782 predicte
312 1751 408 1782 super
431 1740 604 1777 discordia,
630 1751 727 1782 super
750 1750 812 1781 qua
836 1739 931 1770 intel-

151 1791 362 1833 loquendum⁰
378 1795 428 1823 est
445 1792 495 1823 vel
512 1792 742 1832 diffiniendum,
767 1791 853 1822 missi
871 1791 934 1821 sint

148 1853 167 1874 a
188 1842 325 1882 iudiced,
357 1853 463 1874 coram
494 1854 555 1885 quo
585 1843 746 1885 litigatur,
778 1853 835 1884 pro
863 1843 932 1873 iure

150 1894 282 1926 dicendo
306 1898 338 1926 et
360 1895 479 1926 debent
507 1895 588 1926 mitti
620 1895 722 1926 tribus
746 1895 869 1925 vicibus
894 1893 933 1924 ab

151 1946 262 1978 eodem
278 1946 416 1986 domino,
441 1947 468 1978 si
492 1947 538 1978 ita
560 1946 602 1978 sit
618 1946 701 1988 quod
719 1946 810 1978 missi
833 1946 935 1987 prima

151 1997 219 2029 viee
246 2001 302 2029 aut
325 1998 467 2029 secunda
491 1998 677 2030 concordari
706 2009 771 2028 non
800 1997 935 2039 possint.

153 2048 187 2080 Si
209 2060 284 2081 vero
309 2050 583 2088 concordaverint,
610 2049 688 2080 illud
712 2049 810 2081 debet
832 2049 934 2080 teneri

150 2111 168 2131 a
190 2100 331 2142 partibus
355 2101 477 2143 absque
502 2101 645 2133 remedio
663 2101 890 2143 appellationis
915 2112 933 2131 a

151 2155 237 2193 parte
267 2153 408 2194 qualibet
435 2153 580 2184 faciende
611 2156 643 2184 et
672 2153 740 2194 ipse
766 2153 862 2184 iudex
886 2153 932 2183 iu-

153 2202 268 2234 dicium
297 2204 436 2246 ipsorum
461 2205 576 2235 civium
605 2205 722 2246 exequi
752 2207 880 2236 tenetur
904 2207 935 2235 et

153 2264 275 2292 curare,
304 2255 387 2297 quod
409 2259 517 2297 partes
541 2259 682 2287 teneant.
728 2256 769 2287 Et
800 2257 826 2286 si
855 2256 936 2287 forte

153 2305 212 2347 ipsi
235 2307 319 2338 cives
343 2307 431 2338 missi
455 2307 495 2338 ad
518 2307 671 2338 iudicium
695 2308 765 2349 ipsa
789 2307 850 2345 dic,
876 2318 938 2349 qua

153 2357 317 2389 mittuntur
339 2359 496 2398 iudicare,
520 2358 700 2390 deliberare
725 2370 788 2390 non
813 2360 938 2401 possint

155 2409 205 2440 vel
228 2409 312 2451 quod
335 2410 436 2441 velint
457 2411 566 2452 plures
595 2411 675 2441 alios
709 2411 769 2442 sibi
802 2411 840 2442 de
865 2422 936 2452 pre-

157 2459 247 2491 dictis
270 2461 390 2492 eivibus
414 2463 538 2501 sociari,
563 2472 633 2493 cuni
651 2466 772 2494 rectum
798 2463 838 2493 sit
860 2462 939 2493 illud

155 2511 312 2551 iudicium,
337 2513 421 2554 quod
443 2513 650 2555 plurimorum
676 2514 841 2544 sentencia
865 2524 935 2544 con-

159 2562 310 2603 firmatur,
333 2568 466 2605 possunt
489 2565 528 2595 ab
554 2565 666 2595 eodem
691 2565 793 2596 iudice
817 2568 938 2606 pctcrc,

157 2614 238 2654 quod
255 2615 331 2656 ipsis
349 2616 442 2646 aliam
467 2616 551 2647 diem
569 2616 716 2657 partibus
741 2619 772 2646 ct
793 2616 880 2657 ipsis,
904 2620 939 2645 ut

255 2716 318 2742 450.
340 2720 360 2749 c)
380 2719 414 2743 sic
433 2720 466 2743 A.

554 2719 578 2749 ⁸¹)
597 2720 707 2751 seqnitur
727 2720 833 2744 deletum
853 2719 893 2750 η]
914 2718 944 2742 A.

257 2793 317 2821 451.
336 2796 359 2827 ²)
379 2798 434 2829 sija]
455 2797 508 2821 loco
527 2798 582 2828 effi
603 2797 633 2821 11¹.

257 2853 290 2871 1⁴1..
305 2854 512 2873 CONSTITUTIONES
527 2856 559 2872 111.

1110 193 1182 217 1290.
1220 193 1408 220 Nr.—150.45)1.
1708 197 1768 226 433

982 280 1014 307 et
1037 277 1222 309 introituum
1249 280 1387 310 civitatis
1407 281 1584 318 Bisuntinc,
1609 281 1661 321 qui
1687 292 1768 311 nunc

982 332 1055 359 sunt
1079 330 1129 359 vcl
1153 330 1219 360 ficri
1245 334 1394 371 poterunt
1419 332 1448 362 in
1473 332 1622 363 futurum.

1047 390 1075 420 6.
1100 389 1180 419 Item
1206 390 1289 430 quod
1315 390 1390 421 dicti
1409 392 1494 423 cives
1511 392 1631 423 habent
1655 395 1687 423 ct
1712 392 1766 422 ha-

983 440 1079 471 beant
1117 442 1376 472 communitatem
1422 454 1478 473 scu
1517 444 1769 477 universitatem,

982 492 1111 522 archam
1130 503 1341 530 communem,
1364 498 1610 534 procuratorem,
1629 498 1769 525 actorem

982 544 1031 574 vel
1057 543 1230 583 sindicum,
1262 545 1401 585 sigillum
1428 546 1659 585 univcrsitatis,
1684 556 1768 576 cam-

982 606 1081 636 panas
1106 606 1290 626 communes
1315 596 1354 626 ad
1379 597 1617 628 convocandam
1642 598 1768 628 univer-

983 647 1111 678 sitatem
1134 647 1326 688 predictam,
1358 649 1476 679 vexilla
1502 659 1559 679 seu
1591 649 1771 680 bannerias.

982 698 1063 729 Item
1089 701 1120 729 ct
1149 698 1233 740 quod
1262 699 1320 740 ipsi
1352 700 1453 738 cives,
1490 701 1770 741 quocienscunque

983 751 1028 781 eis
1053 750 1208 792 placuerit
1237 761 1294 782 seu
1327 752 1437 782 maiori
1467 752 1549 793 parti
1577 752 1677 793 ipsius
1702 752 1770 782 uni-

983 803 1163 841 versitatis,
1196 803 1319 844 possint
1350 803 1412 834 sibi
1443 804 1562 844 eligere
1594 814 1690 834 unum
1721 803 1771 834 vel

984 855 1092 897 plures
1116 854 1155 886 ad
1180 854 1356 895 regendum
1381 858 1412 885 et
1429 854 1639 886 ordinandum
1663 855 1772 886 onmia

984 907 1136 948 negocia,
1171 917 1232 947 que
1265 907 1416 937 evenient
1441 907 1490 937 vel
1521 906 1668 937 accident
1699 917 1771 948 pre-

983 959 1076 990 dictis
1101 958 1226 989 civibus
1251 959 1302 989 vel
1326 958 1525 989 universitati
1542 958 1693 999 predicte.
1732 957 1773 988 Et

984 1011 1067 1052 quod
1091 1010 1150 1052 ipsi
1175 1020 1230 1052 pro
1255 1020 1311 1040 sue
1337 1010 1426 1040 libito
1452 1009 1623 1040 voluntatis
1649 1009 1772 1051 possint

985 1063 1091 1094 facere
1116 1065 1148 1093 et
1165 1061 1298 1102 exigere
1316 1061 1400 1092 inter
1425 1062 1511 1102 ipsos
1530 1061 1651 1102 absque
1669 1060 1772 1091 iudice

985 1117 1017 1145 ct
1044 1114 1170 1144 iusticia
1200 1114 1383 1155 captiones,
1411 1112 1565 1143 huancias
1596 1115 1627 1143 et
1658 1112 1773 1142 taillias

985 1169 1017 1196 ct
1050 1165 1168 1196 habere
1201 1175 1404 1196 communem
1438 1164 1607 1205 pecuniam
1640 1174 1695 1204 pro
1726 1165 1771 1193 fa-

986 1217 1107 1248 ciendis
1133 1217 1199 1247 suis
1224 1216 1375 1257 negociis,
1400 1219 1494 1257 prout
1518 1215 1632 1246 melius
1658 1218 1689 1246 et
1713 1215 1772 1245 uti·

986 1269 1047 1299 lius
1078 1269 1156 1310 ipsis
1180 1267 1341 1299 videbitur
1371 1267 1540 1309 expedire,
1573 1271 1604 1297 ct
1634 1266 1672 1297 de
1702 1277 1773 1307 prc-

986 1320 1077 1351 dictis
1101 1320 1147 1350 uti
1171 1320 1295 1361 possint
1319 1319 1419 1350 libere
1436 1318 1522 1349 nullo
1540 1317 1645 1348 iudice
1670 1318 1773 1358 impc-

986 1372 1094 1403 diente
1119 1372 1170 1402 vel
1195 1371 1399 1412 aliquatenus
1423 1368 1674 1401 contradicente.

1052 1434 1079 1463 7.
1112 1432 1194 1462 Item
1231 1430 1314 1472 quod
1349 1431 1455 1460 nullus
1485 1429 1583 1460 iudex
1615 1428 1774 1459 iusticiam
1800 1450 1853 1462 v...

986 1494 1142 1515 exercens
1167 1484 1197 1514 in
1223 1483 1293 1524 ipsa
1310 1483 1439 1513 civitate
1464 1482 1547 1512 inter
1565 1480 1651 1511 cives
1676 1480 1776 1521 ipsius

986 1536 1122 1566 civitatis
1140 1536 1171 1565 in
1195 1535 1263 1576 ipsa
1280 1534 1409 1564 civitate
1427 1534 1664 1563 commorantes
1681 1542 1778 1572 super

986 1587 1081 1618 rebus
1096 1586 1135 1617 ad
1149 1587 1235 1628 ipsos
1249 1586 1333 1616 cives
1349 1583 1584 1626 pcrtinentibus
1599 1594 1660 1613 non
1673 1586 1775 1624 potest

986 1649 1045 1669 nec
1062 1638 1160 1669 debet
1178 1637 1319 1668 iudicare
1342 1647 1399 1677 per
1416 1635 1692 1676 interloqutoriam
1718 1645 1775 1664 scu

986 1701 1043 1732 per
1073 1689 1273 1720 diffinitivam
1308 1688 1524 1725 sentenciam,
1561 1686 1659 1717 doncc
1689 1685 1774 1716 cives

987 1742 1126 1772 civitatis
1162 1740 1304 1782 predicte
1336 1750 1434 1781 super
1467 1737 1642 1775 discordia,
1679 1747 1775 1778 super

987 1803 1082 1834 quam
1099 1791 1377 1832 interloquendum
1397 1801 1453 1821 seu
1471 1788 1690 1820 diffiniendum
1716 1791 1774 1824 est,

986 1845 1075 1876 missi
1089 1845 1153 1875 sint
1170 1855 1188 1874 a
1202 1843 1317 1882 iudice,
1336 1852 1442 1873 coram
1457 1852 1518 1882 quo
1534 1840 1702 1881 littigatur,
1719 1849 1775 1880 pro

987 1898 1055 1928 iure
1080 1895 1213 1927 dicendo
1238 1898 1270 1926 ct
1293 1893 1412 1925 debent
1436 1893 1515 1923 mitti
1532 1891 1634 1923 tribus
1652 1891 1775 1921 vicibus

989 1949 1029 1980 ab
1044 1947 1156 1979 eodem
1171 1946 1306 1984 domino,
1321 1946 1347 1976 si
1361 1946 1404 1976 ita
1417 1945 1457 1975 sit
1472 1943 1555 1985 quod
1568 1943 1656 1974 missi
1672 1942 1775 1984 prima

990 2000 1058 2031 vice
1083 2003 1138 2030 aut
1162 1997 1304 2029 secunda
1333 1995 1527 2028 concordare
1553 2005 1615 2026 non
1640 1994 1775 2035 possint.

989 2052 1022 2082 Si
1046 2061 1120 2081 vero
1145 2048 1425 2088 concordaverint,
1450 2046 1528 2078 illud
1552 2046 1648 2077 debet
1672 2045 1776 2077 teneri

987 2114 1005 2133 a
1029 2102 1171 2144 partibus
1196 2101 1317 2142 absque
1341 2098 1483 2131 remedio
1508 2097 1734 2139 appellationis
1759 2108 1777 2126 a

989 2158 1078 2195 parte
1104 2152 1245 2194 qualibet
1273 2150 1419 2183 faciende
1452 2153 1483 2180 ct
1508 2149 1576 2190 ipsc
1605 2148 1702 2178 iudex
1729 2148 1775 2178 iu-

989 2206 1104 2236 dicium
1128 2205 1270 2246 ipsorum
1306 2202 1420 2232 civium
1450 2200 1569 2241 exequi
1594 2203 1721 2231 tenetur
1746 2202 1777 2229 et

991 2266 1119 2293 curare,
1150 2254 1233 2296 quod
1262 2258 1368 2296 partes
1393 2255 1534 2284 teneant.
1581 2250 1623 2281 Et
1646 2251 1673 2281 si
1697 2251 1776 2281 forte

991 2309 1051 2350 ipsi
1076 2308 1161 2338 cives
1186 2307 1275 2337 missi
1299 2305 1339 2336 ad
1362 2304 1513 2335 iudicium
1539 2303 1606 2343 ipsa
1630 2301 1690 2340 die,
1716 2312 1778 2342 qua

990 2361 1157 2390 mittuntur
1180 2358 1332 2395 iudicare,
1357 2355 1537 2386 deliberare
1564 2364 1625 2383 non
1655 2353 1778 2395 possint

991 2411 1041 2442 vel
1070 2410 1153 2451 quod
1177 2409 1278 2440 velint
1309 2408 1418 2449 plures
1451 2406 1530 2436 alios
1556 2404 1615 2435 sibi
1640 2404 1678 2435 de
1704 2415 1775 2445 pre-

993 2462 1086 2492 dictis
1111 2461 1233 2492 civibus
1259 2459 1383 2496 sociari,
1408 2468 1480 2488 cum
1498 2459 1619 2487 rectum
1644 2456 1684 2485 sit
1700 2454 1775 2484 illud

991 2514 1153 2550 iudicium,
1178 2511 1260 2553 quod
1278 2511 1487 2552 plurimorum
1503 2506 1685 2539 sentenciafl
1703 2516 1776 2536 con*

992 2565 1143 2601 firmatur,
1169 2566 1301 2605 possunt
1326 2561 1364 2592 ab
1390 2560 1503 2591 eodem
1528 2558 1631 2588 iudice
1657 2561 1776 2598 petere,

993 2615 1076 2656 quod
1101 2615 1177 2656 ipsis
1197 2614 1291 2644 aliam
1317 2612 1400 2643 diem
1418 2610 1560 2652 partibus
1586 2609 1721 2649 stipsis,
1745 2610 1779 2637 ut

1544 2840 1576 2863 5»ss

1793 411 1810 425 C·
1842 419 1845 423 .
