2259 3116
440 142 500 171 *224
783 139 937 166 RUDOLFI
958 140 1063 167 REGIS
1082 139 1403 166 CONSTITUTIONES.
1442 139 1515 165 1279.
1552 138 1598 164 Nr.
1612 138 1670 165 235.
1683 138 1741 164 236.

440 228 625 258 maturitate
658 227 804 258 discussa
833 228 891 258 sub
924 227 1012 258 bulla
1044 230 1154 258 nostra
1187 227 1433 258 transmittimus
1465 227 1528 257 tuis
1563 225 1756 268 applicanda
1791 225 1954 265 sensibus,
1989 227 2077 268 regio

440 279 590 310 vallanda
614 290 771 310 consensu
796 282 828 311 et
851 279 977 321 placide
1000 280 1154 310 memorie
1179 278 1423 310 conscribenda.
1471 278 1514 309 Et
1538 278 1613 320 quia
1637 277 1857 309 indissolubile
1881 278 2077 309 matrimonii

440 332 601 362 vinculum
627 331 778 362 divinitus
803 332 983 363 institutum
1018 342 1058 362 ex
1089 332 1290 362 institutione
1320 342 1378 362 sna
1406 331 1556 361 virtutem
1587 330 1619 360 in
1648 340 1682 360 se
1707 329 1831 360 obtinet
1854 329 2077 369 connexivam,

441 383 523 413 inter
552 383 616 414 alia
647 394 710 414 non
740 384 808 414 sine
837 383 936 414 multa
967 383 1166 414 discussione
1196 382 1409 424 providimus.
1442 382 1525 424 quod
1555 382 1638 412 inter
1666 384 1698 412 te
1728 391 1766 412 ac
1800 391 1909 422 regem
1941 381 2078 413 eundem

440 434 581 465 caritatis
619 435 725 465 unitas
761 434 926 466 affinitatis
962 435 1050 466 linea
1085 436 1310 476 coniungatur,
1346 438 1441 476 prout
1469 435 1499 465 in
1529 434 1679 476 capitulis
1711 433 1788 475 ipsis
1824 434 2015 475 exprimitur
2047 438 2079 466 et

440 486 631 517 venerabilis
655 486 754 517 frater
777 490 887 518 noster
911 512 918 518 .
943 512 950 519 .
974 487 1191 529 Tripolitanus
1210 488 1377 529 episcopus
1401 487 1484 517 lator
1508 486 1706 528 presentium
1730 485 1788 516 tibi
1813 485 1929 516 clarius
1947 496 2077 518 enarra-

440 538 496 570 bit.
585 538 631 579 (4)
656 538 683 569 O
708 538 845 569 iocunda
868 538 1020 575 refectio.
1054 549 1116 580 qua
1146 549 1202 569 nos
1228 539 1412 569 Altissimus
1436 538 1632 575 fecundabit,
1658 548 1730 568 cum
1755 540 1787 568 te
1811 548 1848 568 ac
1872 547 1982 579 regem
2005 549 2076 580 pre-

440 591 540 621 fatum
572 594 603 621 et
635 601 691 632 per
724 601 924 632 consequens
956 591 1035 621 alios
1066 594 1188 621 vestros
1218 591 1415 622 senserimus
1447 590 1604 621 mentium
1629 589 1830 631 idemptitate
1856 599 2020 621 connexos
2046 594 2078 621 et

440 642 706 683 irrefragabiliter
730 643 915 684 copulatos,
945 646 979 673 ut
1010 653 1050 673 ex
1082 642 1139 673 1100
1168 642 1367 673 diversarum
1399 643 1542 683 gentium
1577 645 1609 672 et
1633 642 1729 672 etiam
1755 642 1919 672 nationum
1945 644 2078 684 accepta

441 693 521 726 Deo.
546 694 637 725 nobis
662 694 789 736 placida
814 698 845 725 et
870 694 986 725 mundo
1010 695 1156 735 perutilis
1181 695 1362 725 coniunctio
1381 695 1608 735 subsequatur,
1633 704 1695 735 que
1713 696 1822 735 preter
1838 694 2076 725 inextimabiles

441 746 520 777 alios
538 746 660 777 fructus
678 750 741 777 tam
759 747 854 778 utiles
873 747 973 777 Terre
992 747 1110 777 Sancte
1134 747 1265 788 negotio
1290 747 1494 788 repromittit.
1541 746 1567 777 O
1593 749 1713 788 quanta
1738 746 1911 777 securitate
1936 746 2079 788 quiescet

442 797 591 833 ecclesia,
616 798 690 829 dum
716 798 760 829 sic
786 799 895 830 electis
920 799 1080 840 pugilibus
1105 800 1188 830 inter
1211 800 1290 830 alios
1315 799 1469 840 singulari
1489 799 1549 830 sibi
1568 799 1769 840 specialitate
1795 798 1984 836 coniunctis,
2002 809 2080 840 quos

443 849 507 880 suis
532 850 630 881 lactat
654 850 821 888 uberibus.
852 851 1035 892 perceperit
1064 862 1098 881 se
1132 851 1309 891 suffultam,
1342 851 1386 881 ita
1417 850 1501 892 quod
1527 851 1604 892 ipsis
1630 860 1740 881 eorum
1766 850 1859 892 sigua
1882 850 2026 881 victricia
2048 851 2080 881 in

442 901 525 932 idem
551 902 779 941 conflantibus,
812 903 922 933 hostes
953 904 1147 934 exterminet
1179 903 1325 934 altissimi
1351 903 1578 944 Redemptoris
1611 906 1642 933 et
1667 905 1790 933 evertat
1813 902 2008 933 fantasmata
2031 902 2079 933 in-

442 953 585 984 fidelium
610 953 683 984 Iesu
709 954 845 995 Christi,
879 955 931 996 qui
961 955 1118 986 catholice
1142 955 1215 986 fidei
1244 955 1326 986 fedis
1356 955 1593 986 obiectionibus
1622 954 1856 987 contradicunt.
1902 954 1928 985 O
1961 958 2079 997 quanta

441 1005 589 1036 ubertate
613 1009 727 1046 gentes
751 1006 938 1047 gaudebunt
968 1011 1000 1038 et
1024 1007 1172 1042 affluent,
1202 1018 1272 1038 cum
1303 1007 1421 1038 talibus
1456 1007 1552 1038 radiis
1581 1007 1627 1038 sic
1658 1006 1894 1048 refulgentibus
1926 1007 1985 1038 sub
2014 1017 2076 1038 uno

442 1058 545 1088 nitore
579 1061 769 1088 concurrent
805 1061 836 1088 et
871 1058 902 1088 in
936 1069 1033 1089 unum
1068 1059 1261 1089 convenient
1291 1059 1451 1090 sentiendi
1484 1059 1712 1091 commercium
1747 1059 1843 1090 etiam
1879 1058 2077 1100 ydiomatum

441 1119 561 1150 organo
587 1109 799 1141 dissonantes.
845 1110 907 1140 Per
931 1111 991 1141 hoc
1015 1111 1097 1141 enim
1122 1111 1258 1142 fertilior
1281 1111 1403 1142 fructus
1427 1112 1514 1154 pacis
1533 1111 1692 1142 exuberat
1710 1114 1742 1142 et
1758 1111 1854 1142 latius
1871 1111 1903 1142 in
1928 1111 2077 1152 gentibus

442 1171 556 1192 nomen
572 1161 702 1192 Domini
725 1162 935 1193 collaudatur.
1025 1163 1073 1203 (ὃ)
1099 1163 1249 1194 Profecto
1268 1163 1350 1204 quod
1368 1164 1399 1194 in
1418 1164 1583 1205 premissis
1601 1164 1782 1195 mentaneis
1801 1163 1902 1194 oculis
1920 1163 2080 1195 intuemur

441 1216 473 1244 ct
496 1214 600 1255 plenis
625 1213 848 1244 desideramus
872 1214 1055 1251 affectibus,
1079 1216 1317 1256 presentialiter
1341 1216 1485 1257 cupimus
1519 1216 1617 1247 celeri
1648 1216 1875 1257 prosecutione
1908 1215 2016 1247 videre
2040 1226 2076 1247 ac

442 1265 558 1296 effectu
583 1276 732 1306 prospero
757 1267 955 1300 consumar-i.
985 1270 1018 1296 ut
1047 1270 1236 1297 consumata
1260 1268 1428 1309 proficiant
1452 1271 1485 1298 et
1509 1267 1655 1299 obtatum
1680 1268 1820 1299 fructum
1843 1268 2025 1309 germinent
2047 1268 2078 1299 in

442 1318 534 1348 terris
559 1317 670 1348 utilem
696 1321 728 1349 et
752 1317 911 1358 placidum
936 1319 965 1349 in
992 1319 1140 1358 excelsis,
1166 1320 1196 1349 in
1221 1330 1283 1360 quo
1309 1320 1422 1350 eadem
1440 1320 1565 1351 exultet
1583 1320 1722 1351 eeclesia
1740 1323 1772 1351 et
1789 1330 1847 1351 nos
1865 1319 2078 1361 psallentibus

442 1369 568 1400 clericis
599 1372 631 1400 et
660 1369 910 1410 tripudiantibus
941 1371 1066 1412 populis
1097 1371 1137 1401 ad
1166 1371 1294 1402 laudem
1323 1371 1482 1402 Altissimi
1518 1371 1727 1403 delectemur.
1785 1371 1837 1402 Ad
1869 1371 1930 1403 hec
1960 1373 2078 1414 itaque,

442 1424 535 1464 prout
559 1424 667 1452 noster
691 1421 848 1452 exuberat
872 1423 1013 1460 animus,
1048 1423 1169 1464 absque
1193 1424 1432 1454 intermissione
1456 1424 1599 1465 qualibet
1622 1424 1846 1461 intendentes,
1877 1424 2015 1456 eundem
2039 1449 2046 1456 .
2071 1448 2078 1456 .

442 1474 638 1516 episcopum,
663 1473 802 1504 nobilem
827 1484 960 1515 genere,
986 1475 1108 1506 meritis
1133 1478 1163 1505 et
1188 1476 1347 1516 religione
1372 1476 1571 1517 preclarum,
1596 1476 1698 1507 virum
1722 1476 1777 1508 alti
1801 1476 1940 1515 consilii,
1973 1478 2076 1507 atten—

442 1526 527 1556 tione
553 1525 729 1566 providum,
753 1525 784 1555 10
809 1526 934 1567 magnis
959 1530 990 1557 ct
1014 1526 1121 1558 arduis
1147 1528 1414 1569 circumspectum
1439 1532 1471 1559 et
1487 1528 1657 1560 oriundum
1674 1528 1713 1560 de
1732 1528 1826 1559 domo
1844 1530 1954 1560 nostre
1972 1527 2078 1559 domui

443 1578 597 1609 affinitate
628 1578 830 1614 coniuncta&
862 1581 894 1609 et
925 1589 1018 1619 quem
1043 1580 1121 1610 tanti
1147 1580 1221 1610 boni
1245 1580 1467 1621 cognoscimus
1493 1581 1665 1612 zelatorem
1691 1581 1772 1612 sicut
1795 1581 1900 1619 illum,
1931 1580 1983 1622 qui
2006 1590 2077 1622 pro—

444 1629 631 1670 speritatum
657 1629 824 1660 commoda
849 1631 958 1667 sensit,
983 1631 1143 1662 interdum
1168 1632 1309 1663 ciusdem
1334 1636 1417 1664 terre
1442 1633 1586 1675 palpavit
1610 1633 1697 1664 tedia
1721 1636 1752 1664 et
1776 1632 2007 1664 adversitatum
2031 1632 2077 1663 in-

443 1681 557 1712 cendia
580 1681 711 1722 pertulit
735 1682 765 1712 in
792 1682 853 1712 illis
878 1683 1023 1723 partibus
1048 1683 1167 1714 diutius
1193 1688 1421 1725 conversatus,
1452 1685 1491 1716 ad
1525 1688 1556 1716 te
1587 1696 1642 1727 pro
1674 1685 1838 1727 premissis
1868 1685 1949 1715 sicut
1973 1684 2078 1715 oleum

444 1733 610 1763 lcnitivum
636 1736 667 1763 ct
691 1733 893 1764 solidativum
919 1735 1097 1766 antidotum
1115 1735 1154 1767 dc
1172 1736 1305 1767 fratrum
1324 1740 1504 1768 nostrorum
1522 1738 1655 1769 consilio
1672 1737 1822 1768 duximus
1841 1737 2075 1775 destinandum,

443 1789 478 1816 ut
509 1796 566 1826 per
595 1796 667 1815 eum
696 1786 779 1816 circa
809 1786 954 1827 predicta
985 1788 1138 1819 seriosius
1170 1792 1201 1819 et
1231 1789 1348 1819 clarius
1377 1790 1569 1821 informeris.
1660 1790 1707 1831 (6)
1738 1789 1844 1826 Quare
1872 1789 2077 1820 serenitatem

444 1837 563 1877 regiam
588 1847 737 1878 rogamus
762 1841 793 1867 et
817 1838 980 1869 hortamur
996 1842 1127 1875 attente,
1153 1840 1304 1881 quatinus
1323 1840 1441 1872 dictum
1459 1842 1645 1884 episcopum
1664 1852 1779 1873 sereno
1798 1841 1887 1872 vultu
1904 1841 2077 1882 respiciens

445 1892 476 1919 et
501 1892 606 1919 mente
631 1889 756 1919 sincera
780 1890 997 1931 complectens
1022 1894 1053 1922 et
1077 1892 1108 1922 in
1133 1892 1192 1923 hoc
1217 1896 1359 1923 nostrum
1385 1896 1417 1924 et
1442 1894 1526 1934 regis
1552 1893 1698 1925 eiusdem
1723 1893 1826 1924 zelum
1851 1892 1998 1935 puritatis
2023 1891 2077 1923 ad-

445 1944 573 1970 vertens
599 1951 657 1971 nec
681 1944 829 1972 avertens
855 1942 989 1983 grandia
1012 1944 1151 1984 premia,
1176 1954 1237 1984 que
1263 1944 1359 1976 Pater
1383 1949 1515 1976 eternus
1541 1945 1715 1976 humilibus
1741 1945 1853 1986 spiritu
1877 1943 2078 1991 repromittit,

445 1993 489 2022 sic
513 1993 542 2022 in
569 1992 681 2023 eodem
706 1993 858 2034 episcopo
883 2004 940 2024 nos
968 1995 1086 2025 intimis
1111 1996 1286 2036 precordiis
1311 1998 1554 2039 contempleris,
1587 1998 1631 2029 sic
1663 2008 1794 2039 germen
1819 1997 1956 2028 electum
1980 1995 2076 2027 veluti

445 2043 678 2074 benedictionis
703 2044 873 2085 alumpnus
900 2045 1014 2076 divinis
1040 2050 1071 2077 et
1096 2048 1211 2077 nostris
1237 2048 1448 2090 beneplacitis
1480 2052 1511 2081 te
1537 2050 1715 2080 conformes
1746 2052 1778 2081 et
1801 2049 1857 2079 illa
1880 2051 1947 2079 toto
1972 2047 2076 2078 animo

445 2096 647 2136 prosequaris
672 2095 779 2136 sicque
804 2097 881 2127 visis
905 2097 1025 2128 eisdem
1051 2099 1199 2140 capitulis
1228 2103 1260 2131 et
1285 2104 1462 2131 memorato
1491 2102 1643 2143 episcopo
1668 2101 1792 2143 plenius
1816 2100 1979 2132 intellecto
2004 2109 2076 2130 con-

445 2150 571 2187 ceptum
597 2150 736 2177 nostrum
763 2149 933 2189 compleas,
959 2150 1146 2191 complendo
1172 2152 1329 2192 perficias,
1356 2153 1482 2183 munias
1509 2156 1540 2184 et
1565 2154 1696 2184 robores
1721 2156 1753 2184 et
1776 2153 1808 2184 in
1833 2152 1917 2183 omni
1934 2151 2075 2183 claritate

446 2209 586 2236 serenes,
611 2199 693 2239 quod
720 2200 837 2239 fugatis
862 2201 1061 2241 quibuslibet
1087 2203 1226 2234 nubibus
1251 2205 1424 2235 universali
1443 2206 1588 2245 ecclesie,
1614 2206 1716 2244 nobis,
1741 2205 1799 2236 tibi
1824 2208 1855 2235 et
1872 2204 1939 2245 regi
1956 2202 2076 2245 prefato

445 2261 480 2279 ac
505 2251 651 2281 ‹nnnibus
675 2251 768 2281 fidem
794 2252 984 2283 catholicam
1010 2255 1234 2295 profitentibus
1260 2257 1372 2287 oculus
1397 2256 1503 2288 divine
1529 2258 1707 2288 maiestatis
1732 2256 1887 2294 arrideat,
1922 2256 2075 2296 augeatur

446 2303 642 2343 prosperitas
668 2306 699 2332 vt
723 2303 851 2333 tandem
877 2305 985 2345 populi
1010 2306 1055 2335 sic
1080 2306 1229 2337 ubertate
1255 2308 1368 2338 refecti
1394 2309 1517 2339 facilius
1542 2309 1581 2339 ad
1607 2309 1761 2340 salutaria
1785 2307 1970 2349 dirigantur.

552 2353 624 2386 Dat.
660 2353 761 2384 Romo
801 2355 884 2396 apud
921 2357 1072 2387 Sanctum
1111 2358 1259 2398 Petrum,
1292 2359 1352 2391 111.
1385 2360 1465 2390 Non.
1497 2361 1596 2395 Iunii.
1631 2361 1834 2403 pontificatus
1866 2358 1965 2390 nostri
1994 2367 2074 2389 anno

446 2406 597 2436 secundo.

541 2484 553 2497 ν
851 2475 926 2507 236.
951 2478 1100 2508 .1l.l.›1l‹.‘
1120 2479 1364 2510 JA'l'Tla'lela'.
1409 2482 1516 2520 (1:²20.
1542 2482 1613 2512 Ῐιωι.
1631 2484 1677 2518 3.)

555 2534 646 2565 lmlsf
666 2536 918 2567 li'allrnlwmzum·
934 2538 952 2568 l.
969 2550 991 2568 «z
1010 2550 1042 2577 p.
1067 2540 1122 2569 171*
1147 2550 1194 2571 nr.
1217 2540 1273 2569 100·
1296 2552 1333 2571 αι·
1355 2541 1454 2571 eodem
1480 2541 1622 2580 Ιέιῃῐείνω
1641 2541 1700 2582 fol.
1720 2544 1778 2579 72¹,
1803 2542 1894 2572 cuius
1916 2541 2074 2572 odilioncm

446 2587 640 2625 „lusimus-2
690 2587 773 2616 llamv
802 2589 929 2626 wissula„
959 2590 1086 2621 dubium
1116 2603 1178 2620 rssr'
1208 2603 1250 2621 mr
1286 2604 1445 2631 nunqnam
1479 2594 1599 2623 lrmlim
1630 2595 1684 2631 sil,
1715 2594 1834 2625 monuit
1864 2592 1992 2624 Itcdlich
2015 2591 2072 2622 Le.

449 2639 572 2667 l'rlrms
593 2649 695 2677 papam·
719 2638 839 2669 [illm-«ts
863 2641 962 2671 aulem
981 2642 1029 2671 die
1050 2643 1177 2673 amissas
1203 2654 1225 2673 r.
1244 2644 1501 2675 Kalama-nnnm·
1524 2645 1544 2676 l.
1561 2657 1585 2677 0.
1602 2657 1650 2677 ην.
1669 2647 1845 2676 167-1'70.
1871 2664 1909 2667 ——
1933 2643 2072 2679 Biilmwm

447 2689 519 2728 1th.
540 2690 610 2728 imp.
635 2690 683 2726 1'J,
702 2692 791 2721 Imm.
1788 2697 1840 2737 (P.
1865 2697 1970 2736 deest.)

552 2765 574 2790 ΙΙ
598 2762 636 2792 (Ὶζ
659 2761 877 2787 Ii'nltsnhruunri-
896 2763 911 2787 l.
925 2772 945 2788 0.
1034 2766 1059 2791 21
1082 2763 1108 2789 V.
1134 2764 1210 2790 l’ussc
1231 2766 1365 2791 ’.Ῑιιαῐωία
1385 2766 1522 2791 Valiczmoe'
1540 2774 1581 2792 nr.
1595 2772 1650 2793 1¹80.

2107 708 2128 726 10

2107 972 2128 991 15

2105 1229 2128 1248 20

2103 1488 2126 1507 25

2104 1745 2127 1764 30

2103 2008 2125 2027 3⁵

2100 2271 2124 2290 ⁴0

2099 2551 2121 2569 ⁴⁵
2168 2551 2173 2563 Ἀ
