2259 3116
382 133 443 163 382
725 128 883 156 RUDOLFI
904 128 1006 155 REGIS
1026 126 1348 155 CONSTITUTIONES.
1388 127 1459 153 1287.
1497 127 1543 153 Nr.
1557 126 1615 153 397.
1629 127 1687 153 398.

383 231 399 248 a
423 221 496 248 malo
520 230 577 248 non
600 222 726 252 revocat,
758 220 875 246 alterius
905 220 1006 247 saltem
1034 220 1186 254 potestatis
1216 219 1326 254 gladius
1357 228 1373 245 a
1405 218 1579 246 contumatia
1603 218 1751 246 coherceat
1775 220 1807 246 et
1830 215 1977 253 peceat01,
2002 221 2031 246 et

383 283 432 308 per
449 274 501 299 hoc
518 273 664 306 utriusque
682 272 761 306 vigor
783 271 813 298 in
837 281 894 299 sue
918 273 1083 306 permaneat
1099 267 1220 298 roboreb
1237 271 1387 298 firmitatis.
1426 271 1497 297 Sane
1515 280 1577 297 cum
1594 280 1644 297 nos
1662 266 1842 297 Gnidonem
1861 267 2030 298 comitem0

384 320 536 350 Flandrie
562 324 649 358 ipsius
674 324 851 351 contumacia
874 324 1005 358 exigente
1029 324 1064 349 ad
1088 323 1255 350 instantiam
1273 319 1457 360 spectabilis
1477 319 1536 348 viri
1555 318 1600 349 Io.
1618 318 1657 349 de
1676 318 1816 349 Avesnis
1835 317 2029 360 Haynonied

385 372 529 402 con1itis⁹
554 372 664 402 dilecti
694 372 797 402 fidelis
828 372 928 402 nostri
953 375 1033 402 iuxta
1056 372 1254 412 principum,
1289 371 1458 405 comitum,
1492 369 1646 400 nobilium
1677 373 1708 400 et
1740 370 1875 400 aliorum
1907 371 2031 411 imperii

386 422 523 454 Romani
548 423 689 454 fidelium
716 424 768 464 qui
794 423 884 453 fuere
909 428 1080 464 presentes
1105 427 1136 453 et
1161 423 1256 453 etiam
1282 427 1357 453 curie
1381 428 1477 453 nostre
1501 426 1671 452 sententiam
1688 425 1902 460 proscriptionis
1921 426 2032 453 vinculo

387 479 624 511 innodaverimus,
650 479 681 505 ct
705 479 772 506 licet
795 479 824 505 in
848 488 881 505 ea
904 475 1047 516 pluribus
1072 475 1164 505 anuis
1190 479 1342 510 sorduerit,
1372 479 1479 505 tamen
1504 487 1560 504 non
1584 477 1679 511 potuit
1701 486 1718 503 a
1741 477 1901 504 contumaci
1923 477 2033 512 ipsius

386 531 540 564 pertinatia
564 532 598 557 ct
621 531 760 564 pertinaci
784 530 959 557 contumatia
982 530 1120 563 revocari,
1153 530 1344 557 sinceritatem
1372 524 1466 556 tuams
1489 527 1611 556 seriose
1639 529 1806 562 requirimus
1835 531 1864 556 et
1894 538 2034 563 rogamus,

388 578 582 609 mandantes
607 578 685 608 tibig
709 577 983 608 nichilominus12·1
1010 578 1068 608 sub
1089 574 1231 608 ‘obtentu
1256 579 1365 618 gracie
1390 582 1498 608 nostre
1523 577 1657 607 firmiter
1680 581 1711 607 et
1735 576 1880 607 districte
1904 587 1940 607 ac
1964 576 2035 608 tuek

387 634 539 669 potestatis
563 634 683 661 officium
716 634 915 660 nichilominus
946 634 1126 666 invocantes,
1158 634 1291 667 quatinus
1322 634 1402 660 iuxta
1430 633 1555 660 debitum
1580 628 1640 659 tui¹
1665 632 1749 659 officii
1773 633 1930 667 predictum
1955 628 2034 659 Gui-

388 682 515 715 (lonem,
540 686 588 719 qni
613 687 694 712 tanto
718 687 845 720 tempore
869 686 1083 720 proscriptionis
1107 686 1278 712 sententiam
1303 685 1437 711 sustinuit
1460 685 1554 711 animo
1579 684 1724 717 indurato,
1748 685 1824 718 quod
1847 685 2032 712 excommuni-

389 738 508 764 cationis
532 737 617 764 debet
642 733 817 764 secundum
844 734 1037 764 sententiam
1064 734 1258 774 principum,
1285 734 1452 767 nobilium,
1489 733 1644 763 baronum
1680 737 1712 763 et
1747 732 1881 763 aliorum
1907 732 2035 773 imperii

390 785 527 815 Romani
559 785 716 820 fidelium,
751 785 803 826 qui
834 786 863 816 in
894 786 982 815 curia
1012 790 1124 815 nostra
1153 785 1322 826 sollempni
1358 785 1442 826 apud
1468 785 1672 827 Herbipolim
1697 789 1866 826 presentes
1891 784 2035 823 aderant,

390 851 521 869 mucrone
551 842 642 874 feriri,
675 843 825 869 secundum
856 839 950 868 etlam
981 842 1212 869 consuetudinem
1242 851 1292 876 per
1314 851 1432 876 regnum
1461 843 1588 868 nostrum
1617 841 1740 875 undique
1767 840 1967 875 approbatam,
1991 849 2034 867 ex-

390 893 652 920 communicationis
681 893 792 919 vinculo
825 893 973 919 subicias¹¹¹
998 895 1026 919 ct
1057 893 1215 926 involvasu,
1240 894 1271 919 ot
1301 890 1345 919 Sic
1376 902 1453 925 eum,
1484 893 1532 926 qui
1562 893 1654 927 rigore
1678 892 1842 926 temporalis
1865 892 1954 927 gladii
1980 900 2037 918 non

390 946 539 977 terretur-⁰,
565 946 599 971 ad
623 945 726 971 bonum
752 945 911 971 obedientie
936 947 1048 972 revocet
1072 955 1173 972 nervus
1197 945 1386 972 ecclesiastice
1410 945 1566 979 discipline.

502 992 619 1023 Datum
639 993 825 1033 Hcrbipoli,
851 992 909 1024 VI.
926 992 1000 1024 Kal.
1021 994 1153 1034 Aprilis,
1178 993 1288 1023 indict.
1307 992 1380 1031 XV,
1405 1003 1489 1023 anno
1507 992 1639 1022 Domini
1657 990 1875 1022 MCCLXXX
1891 991 2036 1033 septimo,

393 1045 481 1085 regni
507 1055 582 1075 vero
607 1045 707 1074 nostri
732 1055 816 1075 anno
840 1044 954 1075 XIIII.

618 1189 694 1221 398.
723 1189 1028 1221 CONSTJTUTIO
1058 1189 1243 1221 VJGARH
1263 1190 1357 1221 PER
1381 1189 1603 1221 MISNIAM.
1650 1190 1749 1222 Mart.
1767 1190 1818 1222 29.

502 1251 729 1290 Anto-qraphon
745 1250 904 1289 hueusque
922 1250 1082 1287 ineditum,
1101 1250 1183 1289 quod
1199 1253 1380 1281 asservatur
1396 1251 1430 1281 in
1447 1250 1604 1281 tabulario
1618 1251 1758 1290 yenerali
1772 1251 1860 1290 requi
1874 1251 2041 1282 Βαῖιάνὶοἰ

395 1302 585 1342 ‘lViirzlmiy
610 1302 770 1339 Hochstist
794 1302 1029 1333 Reichssachen'
1050 1303 1133 1342 fasc.
1150 1302 1183 1339 2,
1208 1303 1372 1341 descripsit
1396 1302 1421 1333 b.
1441 1314 1480 1333 m.
1503 1302 1659 1333 lVeilaml.
1697 1302 1844 1342 Sz'gyillum
1868 1303 1959 1333 deest.
1998 1303 2039 1334 In

396 1355 485 1385 dorso
510 1354 655 1394 hyantias
678 1364 775 1385 manu
798 1364 909 1384 coaeva
932 1355 1068 1392 scriptas:
1098 1354 1219 1384 Littera
1246 1354 1329 1396 quod
1361 1365 1416 1385 rex
1443 1356 1615 1385 committit
1640 1355 1768 1385 domino
1794 1355 2039 1396 archiepiscopo

396 1407 481 1437 vices
512 1417 585 1436 suas
623 1417 680 1447 per
710 1410 818 1447 partes
844 1406 1110 1436 Milisencnsiuni.
1160 1406 1208 1444 Cf.
1234 1407 1298 1436 ¹iam
1322 1416 1420 1445 supra
1450 1417 1498 1437 nr.
1521 1407 1585 1436 387
1613 1408 1641 1437 et
1669 1407 1904 1437 constitutiones
1926 1406 2042 1437 similes

395 1469 493 1498 supra
518 1468 564 1488 nr.
584 1458 644 1487 180
668 1459 696 1488 et
719 1459 791 1488 264.
818 1476 857 1479 -
881 1457 1026 1495 Biiltmcr,
1051 1457 1125 1497 Req.
1142 1458 1215 1496 imp.
1237 1457 1289 1494 VI,
1304 1458 1398 1488 2085.
1748 1458 1800 1499 (P.
1826 1459 1934 1496 deest.)

505 1552 665 1583 Rudolfus
691 1553 750 1583 Dei
777 1553 883 1593 gracia
901 1552 1120 1583 Romanorum
1146 1564 1204 1583 rex
1230 1563 1359 1594 semper
1383 1556 1541 1594 augustus
1559 1553 1716 1584 universis
1734 1554 1941 1596 principibus,
1966 1565 2039 1596 pre-

399 1605 487 1644 latis,
512 1605 701 1643 baronibus,
727 1604 910 1639 comitibus,
937 1605 1112 1642 nobilibus,
1138 1605 1417 1642 ministerialibus,
1447 1605 1618 1642 militibus,
1650 1606 1813 1643 vassallis,
1845 1606 2038 1644 civitatibus,

399 1656 530 1693 castris,
566 1656 708 1697 oppidis,
740 1657 824 1687 villis
849 1657 1031 1698 ceterisque
1057 1657 1184 1698 imperii
1208 1656 1357 1687 fidelibus
1386 1657 1417 1687 in
1441 1657 1588 1699 partibus
1612 1656 1833 1689 Misnensibus
1859 1658 2041 1689 constitutis

398 1709 539 1749 graciam
565 1719 654 1738 suam
680 1712 712 1738 et
736 1719 829 1739 omne
854 1708 983 1739 bonum.

508 1759 588 1790 Cum
613 1770 670 1790 nos
696 1760 913 1791 venerabilem
940 1760 1130 1791 Heinricum
1156 1760 1434 1802 archiepiscopum
1460 1760 1686 1801 Maguntinum
1717 1762 1907 1804 principem,
1937 1761 2041 1793 archi-

400 1811 625 1842 cancellarium
651 1816 683 1842 ct
708 1813 915 1842 secretarium
946 1817 1090 1843 nostrum
1123 1812 1344 1847 karissimum,
1375 1813 1476 1843 virum
1509 1813 1620 1854 utique
1650 1820 1797 1845 sermone
1823 1818 1986 1856 potentem
2011 1817 2043 1844 et

401 1873 498 1904 opere
516 1864 705 1898 virtuosum,
731 1863 769 1894 ad
795 1869 903 1905 partes
922 1868 1046 1895 vestras
1065 1865 1095 1894 in
1114 1869 1254 1895 nostrum
1275 1864 1426 1895 vicarium
1444 1864 1637 1896 fiducialiter
1654 1865 1866 1904 destinemus,
1890 1870 1925 1896 ut
1942 1866 2040 1908 ipsius

401 1915 507 1945 studio
532 1916 673 1946 studioso
698 1916 817 1946 ibidem
836 1917 943 1957 vigeat
968 1917 1138 1957 tranquille
1156 1916 1322 1947 beatitudo
1341 1917 1459 1958 quietis
1479 1922 1510 1947 et
1529 1918 1621 1948 solite
1640 1918 1727 1959 pacis
1745 1919 1854 1959 gracia
1872 1918 2041 1956 nutriatur,

402 1978 459 1997 nos
491 1967 530 1997 dc
560 1968 660 2008 ipsius
694 1968 845 2009 principis
876 1969 975 1999 nostri
1009 1969 1304 2010 circumspeccione
1334 1980 1392 2010 per
1421 1970 1660 2010 experienciam
1687 1970 1896 2011 comprobata
1919 1980 2041 2001 necnon

402 2018 441 2049 dc
467 2019 588 2049 consilii
614 2020 661 2049 sui
687 2020 871 2051 maturitate
897 2020 1050 2051 laudabili
1086 2024 1118 2051 et
1149 2021 1188 2051 de
1221 2020 1350 2051 creditis
1380 2021 1440 2051 sibi
1468 2021 1551 2051 dono
1582 2022 1694 2052 celesti
1719 2022 1892 2053 virtutibus
1916 2021 2040 2053 indubi-

402 2073 501 2100 tatam
521 2070 669 2101 fiduciam
689 2071 884 2109 obtinentes,
902 2072 1230 2103 amministracionem
1249 2072 1382 2102 liberam
1401 2075 1433 2103 et
1451 2073 1706 2103 iurisdiccioncm
1726 2073 1903 2115 plenariam
1921 2083 2041 2104 necnon

404 2132 526 2152 nicrum
559 2126 591 2152 ct
622 2123 755 2153 mixtum
787 2124 953 2164 imperium
986 2124 1015 2153 in
1048 2123 1190 2165 partibus
1221 2123 1343 2154 eisdem
1368 2127 1477 2154 nostro
1502 2128 1534 2154 ct
1559 2124 1684 2166 imperii
1709 2126 1837 2157 nomine
1863 2124 2042 2156 exercenda

403 2184 473 2203 cuin
506 2174 704 2214 plenitudine
741 2176 910 2216 potcstatis
945 2175 1003 2205 sibi
1034 2176 1178 2205 totaliter
1210 2176 1440 2206 committimus
1472 2179 1503 2206 et
1535 2177 1740 2207 concedimus
1776 2188 1834 2219 per
1868 2180 2043 2218 presentes⁸

404 2225 527 2255 llantcs
554 2225 612 2255 sibi
638 2226 864 2256 nichilominus
889 2227 1112 2257 auctoritatem
1139 2227 1316 2267 plenariam
1344 2230 1375 2257 et
1399 2228 1540 2268 speciale
1566 2228 1770 2265 inundatum,
1797 2239 1830 2259 se
1856 2229 1895 2259 de
1920 2227 2043 2267 castris,

405 2277 597 2310 civitatibus,
624 2277 760 2318 oppidis,
787 2278 879 2311 villis,
906 2279 1008 2314 bonis,
1036 2278 1140 2315 rebus,
1165 2279 1436 2319 possessionibus,
1462 2280 1584 2310 iuribus
1609 2284 1641 2310 et
1659 2280 1834 2311 honoribus
1860 2280 1986 2321 imperii
2009 2289 2046 2309 ac

407 2328 446 2359 dc
473 2329 563 2358 bonis
590 2333 652 2359 tani
680 2329 926 2359 christianorum
954 2341 1047 2371 quam
1067 2330 1239 2360 Iudeorum
1266 2331 1511 2365 intromittendi,
1535 2332 1729 2372 requirendi,
1755 2332 1938 2373 colligendi,
1963 2330 2046 2362 ordi-

407 2380 518 2418 nandi,
548 2380 737 2421 disponendi
767 2392 803 2410 ac
834 2382 940 2411 omnia
969 2382 1032 2411 alia
1057 2381 1196 2412 faciendi
1222 2382 1251 2411 in
1277 2382 1422 2422 partibus
1447 2382 1613 2424 predictis,
1646 2394 1707 2424 quc
1739 2383 1831 2414 nobis
1856 2387 1888 2414 et
1912 2382 2043 2424 imperio

408 2431 523 2461 viderit
548 2436 715 2473 oportuna.
762 2432 878 2462 Ratun]
904 2433 1044 2463 habituri
1071 2438 1103 2464 ct
1127 2438 1263 2473 gratum,
1289 2434 1438 2475 quicquid
1463 2445 1521 2475 per
1545 2435 1683 2465 eundem
1702 2435 1878 2476 principem
1902 2437 2045 2465 nostrum

510 2534 574 2559 397.
596 2534 618 2564 ¹¹)
639 2535 727 2559 robore
742 2540 888 2567 permaneat
901 2535 924 2560 53.
997 2536 1019 2567 ⁰)
1034 2536 1101 2560 dees!
1116 2536 1137 2561 l.
1209 2536 1234 2565 d)
1250 2536 1342 2569 Iiayfin
1356 2536 1380 2561 ‘2-
1427 2537 1473 2569 μὲ)
1493 2539 1591 2563 comitis
1605 2538 1740 2571 Haynonie
1754 2539 1776 2564 3.
1847 2538 1866 2571 ¹)
1881 2542 2013 2563 vestram
2023 2535 2046 2560 3.

405 2578 430 2607 Β)
451 2579 539 2602 volsis
559 2583 587 2602 ct
606 2578 747 2602 cuilibet
769 2583 909 2603 vostrum
929 2580 952 2604 3.
1026 2578 1049 2605 ¹¹]
1064 2580 1131 2603 ‹Ircst
1144 2580 1166 2604 3.
1239 2585 1255 2611 ¹)
1275 2581 1455 2606 nichilominus
1469 2583 1514 2606 tibi
1529 2582 1553 2606 22.
1625 2581 1649 2614 k)
1664 2587 1766 2607 vostre
1779 2581 1802 2607 3.
1874 2581 1892 2612 l)
1912 2580 2011 2606 vostri
2023 2578 2046 2603 3·

408 2626 438 2651 ¹¹¹)
459 2622 637 2646 subiciatis
657 2621 680 2645 3.
763 2623 791 2651 ¹¹)
810 2623 983 2647 involvatis
1002 2632 1055 2647 scu
1075 2624 1177 2647 subici
1196 2628 1223 2648 ct
1245 2625 1372 2648 involvi
1394 2626 1538 2653 faciatis,
1559 2627 1600 2649 ita
1620 2627 1701 2657 quod
1722 2627 1751 2650 in
1771 2626 1834 2650 hiis
1853 2623 2046 2657 exequendis

406 2673 488 2689 unns
508 2669 648 2689 vestrnni
668 2666 761 2689 :ilinni
783 2674 840 2689 non
861 2670 1006 2697 expectet
1025 2666 1047 2690 0¹3.
1137 2672 1159 2696 ”j
1180 2672 1287 2691 terretur
1306 2677 1372 2692 corr.
1391 2677 1421 2692 ca·
1440 2672 1566 2692 terrentur
1585 2668 1609 2692 3.

512 2743 535 2775 l)
559 2742 599 2775 Cf,
621 2742 711 2767 nllc'ma
733 2742 805 2768 rcrlm
827 2745 963 2768 canu-,rins
983 2751 1066 2776 supra
1087 2751 1126 2769 nr.
1141 2748 1196 2769 0¹9⁶.

2064 688 2086 706 10

2065 953 2088 971 15

2067 1311 2091 1330 20

2067 1612 2090 1632 25

2068 1875 2091 1894 30

2069 2132 2092 2150 35

2071 2388 2093 2408 40

2070 2670 2094 2691 45
