2259 3164
96 849 119 868 10

99 1108 121 1126 15

102 1365 125 1384 ‘20

109 1885 133 1904 30

114 2248 137 2267 35

119 2532 143 2551 ⁴0

124 2817 148 2835 45

474 189 632 216 RUDOLFI
652 188 758 215 REGIS
778 188 1096 215 CONSTITL‘OE'HJNEs.
1136 191 1206 216 1275».
1244 190 1288 216 ΝΥ.
1306 192 1358 217 101.
1376 192 1429 218 nm.
1722 195 1758 223 91

556 335 571 366 1
577 335 634 368 01.
664 334 904 366 LITTERAE
927 334 1021 366 COM
1022 335 1061 366 M
1062 335 1190 366 ENDA
1196 336 1243 366 T]
1244 337 1293 366 TI
1291 338 1318 367 A
1324 337 1360 367 E.

247 397 300 428 Ea:
316 396 342 427 T
358 407 406 427 ην.
425 397 486 425 146
502 397 530 426 et
546 394 572 425 E
592 394 650 436 fol.
670 396 730 425 150
754 406 802 426 ur.
819 396 892 432 262,
917 396 970 426 ubi
985 396 1116 426 rubrum
1140 396 1381 437 chraciatoria
1402 397 1507 427 littera
1526 398 1609 437 regis
1627 397 1664 427 ad
1683 398 1766 427 cives

142 461 176 482 se
204 450 272 481 eius
302 447 514 490 beneplacitis
545 450 743 488 coaptantes.
793 447 932 478 Codieem
963 448 990 478 O
1021 458 1069 478 ur.
1093 449 1155 478 5:70³
1183 448 1378 487 malerinum.
1426 449 1554 479 Praebet
1578 449 1606 478 V
1630 448 1682 486 sol.
1706 450 1767 485 45¹,

141 512 167 533 v.
191 501 353 532 editionem
370 511 405 539 2).
421 500 493 531 239.
519 516 558 521 ——
583 497 728 536 Bffiltmer,
753 498 827 538 Ray.
847 499 918 537 imp.
943 499 995 535 VI,
1008 501 1079 530 ⁴17⁸.
1482 500 1533 539 (P.
1558 500 1638 530 deest
1650 502 1664 535 )

247 577 343 608 Rex⁵
366 581 425 609 etc,
450 577 591 619 egregiis
616 580 648 608 et
672 577 884 618 prudentibus
910 577 1093 608 consulibus
1118 577 1259 617 graciam
1283 588 1372 607 suam
1398 582 1429 608 ct
1453 588 1545 607 omne
1570 578 1719 609 bonum.a

248 629 334 661 Dum
351 629 554 661 consciencie
572 632 680 660 nostre
691 630 702 647 ¹³
721 629 884 660 volumina
896 629 1063 666 volvimus,
1082 629 1155 659 dum
1174 628 1334 659 subiectas
1352 629 1482 669 imperio
1500 629 1644 659 civitates
1663 631 1771 659 nostro

144 682 274 714 culmini
296 691 375 724 pure
400 681 585 712 devocionis
610 681 745 712 exenia⁰
768 683 993 722 presentantes
1018 680 1249 721 speculacionis
1279 680 1366 721 regie
1395 681 1527 721 speculo
1559 681 1769 721 speculamur,

148 734 187 765 ad
210 736 350 765 vestram
375 733 558 774 specialiter
582 732 741 763 civitatem
766 733 868 763 aciem
893 732 1008 763 mentis
1034 735 1140 762 nostre
1165 733 1400 768 convertimus,
1430 732 1520 763 nobis
1550 732 1623 762 fidei
1648 732 1772 762 illibate

145 786 305 828 primicias
330 785 529 816 offerentem.
578 784 662 815 Sane
688 795 783 825 quam
807 783 953 825 placide¹l
978 794 1072 825 quam
1104 787 1285 825 gratantere
1311 784 1507 824 accepimus,
1539 794 1632 824 quam
1659 783 1698 813 sit
1721 793 1773 813 ac-

146 837 303 879 ceptabile
338 836 517 878 quamques
539 837 763 878 generativum
791 836 919 866 fecundi
949 835 1095 876 tripudii,
1125 835 1209 876 quod
1240 836 1346 865 native
1379 834 1530 865 bonitatis
1561 834 1689 865 accensi
1718 834 1774 864 fla-

145 889 284 931 grancia,
309 888 393 930 quod
410 889 442 919 in
458 889 575 919 vestris
593 888 768 929 precordiis
786 888 952 918 clariorisg
975 887 1048 918 fidei
1073 887 1223 917 rutilante
1248 887 1384 917 scintilla
1403 897 1458 916 vos
1475 886 1590 916 nostris
1609 885 1648 916 ad
1665 895 1775 916 vocem

146 940 367 972 tantummodo
392 940 540 971 iussionis
565 941 658 970 unius
684 939 881 971 devoventes
907 939 1087 980 obsequiis,
1112 939 1243 969 nuncios
1268 941 1391 969 nostros
1422 948 1499 978 quos
1532 937 1571 967 ad
1596 947 1649 967 vos
1673 940 1776 967 trans-

147 993 293 1023 misimus
326 995 391 1022 tam
411 992 647 1033 ¹sollempniter
680 995 712 1022 et
740 994 804 1022 tam
832 990 1004 1021 honorifice
1033 990 1240 1032 suscepistis,
1277 990 1427 1020 affectum
1459 992 1601 1020 nostrum
1634 988 1777 1029 profecto

148 1054 243 1086 super
266 1044 326 1074 hoc
343 1043 487 1085 perfecte
512 1044 682 1085 nequimus
702 1043 882 1085 exprimere
908 1053 964 1084 per
982 1042 1140 1073 effectum.
1180 1042 1250 1073 Hec
1269 1044 1342 1072 sunt
1360 1041 1440 1071 enim
1459 1041 1603 1082 preclara
1619 1039 1777 1070 laudande

150 1096 275 1127 virtutis
298 1095 424 1133 indicia,
449 1095 509 1126 hec
534 1098 607 1126 sunt
631 1095 760 1136 inquam
786 1098 873 1125 certa
898 1094 1121 1135 experimenta
1145 1094 1328 1125 constancie
1353 1096 1384 1124 et
1406 1092 1587 1123 infallibilia
1611 1091 1778 1133 probitatis

151 1148 269 1180 eximie
294 1150 494 1188 argumenta,
521 1147 552 1177 in
577 1147 692 1188 quibus
710 1147 781 1177 Deo
806 1157 868 1188 que
886 1146 947 1177 Dei
971 1150 1002 1177 et
1027 1146 1129 1176 cesari
1154 1156 1214 1187 que
1240 1146 1340 1186 ipsius
1365 1148 1437 1175 sunt
1461 1144 1616 1174 hactenus
1640 1152 1780 1182 congrue

150 1199 345 1231 reddidistis.
383 1198 457 1230 Hiis
482 1199 581 1240 igitur
604 1199 704 1230 veluti
728 1199 827 1230 multe
846 1198 1013 1229 suavitatis
1031 1197 1267 1228 oblectamento
1286 1196 1436 1227 deliciose
1461 1195 1571 1226 refecti
1596 1204 1692 1236 super
1715 1197 1779 1224 tam

151 1252 234 1293 grati
259 1255 291 1282 et
313 1251 451 1282 ultronei
475 1251 680 1282 exhibicione
705 1250 847 1289 servicii.
873 1249 1100 1291 generositatis
1125 1249 1209 1279 avite
1234 1258 1434 1289 nequaquam
1460 1245 1694 1283 immemoresh,
1720 1254 1781 1286 quo

152 1314 209 1334 vos
225 1303 315 1344 regio
332 1303 537 1345 beneplacito
556 1303 739 1344 coaptastis,
765 1302 805 1333 ad
829 1306 936 1344 grates
954 1301 1043 1332 vobis
1067 1300 1244 1331 uberrimas
1262 1299 1463 1337 inclinamus,
1482 1297 1660 1328 invariabili
1677 1297 1781 1327 animo

152 1354 370 1397 disponentes,
394 1365 451 1385 vos
475 1357 507 1385 et
524 1355 685 1385 civitatem
703 1353 879 1396 predictam
889 1353 907 1391 ί,
932 1363 1024 1394 quam
1043 1350 1246 1382 indelebilisk
1263 1351 1379 1382 unione
1397 1350 1578 1381 tenacitatis
1602 1349 1633 1379 in
1658 1350 1783 1378 nostros

152 1406 326 1438 familiares
352 1406 521 1448 amplexus
539 1406 781 1447 assumpsimus,
807 1405 920 1446 amplis
944 1407 1075 1446 propter
1098 1403 1156 1434 hoc
1173 1403 1375 1444 magnificare
1395 1401 1556 1433 favoribus
1580 1403 1611 1432 et
1627 1400 1783 1430 honorum

153 1469 189 1490 ac
206 1459 425 1490 beneficencie
442 1458 541 1489 titulis
560 1458 725 1500 ampliare,
749 1461 783 1488 ut
806 1458 837 1488 in
854 1457 993 1487 adventu
1019 1456 1140 1487 cesarci
1164 1458 1358 1496 potentatus,
1384 1453 1437 1494 qui
1460 1451 1609 1483 terribilis
1635 1450 1785 1492 inquietis

153 1509 327 1541 rebellibus
344 1509 499 1551 vobisque
521 1513 708 1541 mansuetus
727 1508 927 1547 adve11ict¹·¹,
952 1508 1051 1549 pulsis
1077 1518 1093 1538 e
1112 1506 1216 1538 medio
1240 1506 1355 1537 bellice
1373 1504 1575 1546 tempestatis
1591 1502 1785 1539 horroribus,

154 1562 244 1593 cuius
267 1562 365 1603 longa
382 1561 547 1592 calamitas
564 1561 677 1591 faciem
695 1561 865 1602 fatigavitm
883 1560 1015 1601 imperii,
1042 1559 1182 1590 sedeatis
1205 1559 1235 1588 in
1254 1556 1489 1599 pulchritudine
1514 1556 1602 1596 pacis
1629 1557 1660 1585 et
1677 1553 1785 1594 requie

156 1614 310 1655 opulenta
333 1613 497 1653 nostrique
521 1613 596 1654 iugo
621 1613 752 1644 dominii
781 1613 824 1643 nil
849 1612 978 1642 suavius
1004 1611 1047 1641 nil
1078 1609 1243 1640 iocundius
1268 1609 1401 1639 meriton
1425 1607 1585 1638 senciatis.
1630 1605 1729 1636 Porro
1753 1606 1788 1634 ut

156 1668 262 1696 vestre
292 1665 442 1696 tenebras
476 1665 616 1706 regionis
640 1664 779 1695 Romani
812 1664 875 1694 iam
908 1663 1009 1704 ceptri
1039 1662 1143 1703 fulgor
1173 1660 1331 1691 illuminet
1362 1659 1537 1699 eademque
1569 1657 1656 1698 regio
1686 1657 1788 1686 incre-

156 1720 264 1748 menta
289 1717 443 1758 suscipiat
467 1716 578 1747 floride
602 1716 768 1755 novitatis,
798 1714 1015 1745 universitatis
1040 1716 1146 1743 vestre
1171 1711 1379 1753 prudenciam
1405 1709 1579 1751 am(pli0ri)
1604 1718 1665 1749 qua
1689 1707 1788 1748 possi-

157 1780 226 1800 mus
250 1779 382 1810 precum
409 1768 592 1808 inst(ancia)
610 1767 759 1798 duximus
790 1764 1062 1806 exhort(andam),
1087 1766 1244 1805 quatenus
1261 1762 1401 1793 nobilem
1419 1762 1519 1792 virum
1537 1760 1672 1800 t(alem)‚
1697 1768 1789 1799 quem

158 1821 248 1852 vobis
273 1821 397 1862 totique
422 1819 647 1861 circumposite
673 1818 796 1860 regioni
821 1818 1013 1859 prefecimus
1039 1817 1069 1846 in
1094 1818 1262 1852 rectorem,
1286 1825 1343 1856 pro
1368 1816 1477 1844 nostra
1502 1815 1534 1843 et
1551 1810 1675 1852 imperii
1699 1819 1789 1840 reve-

159 1873 266 1904 rencia
291 1872 438 1913 congruis
462 1871 628 1913 prevenire
653 1871 772 1901 curetis
797 1870 952 1900 honorum
978 1867 1123 1908 insigniis
1149 1869 1180 1897 et
1204 1865 1309 1897 eidem
1334 1865 1365 1895 in
1390 1864 1462 1903 hiis,
1487 1874 1547 1905 que
1573 1865 1734 1893 nostru1n⁰
1760 1863 1792 1890 et

160 1924 337 1966 reipublice
362 1923 480 1954 bonum
497 1923 648 1964 generale
674 1933 710 1953 ac
736 1921 879 1963 speciale
897 1920 1082 1961 respiciant,
1107 1929 1178 1950 cum
1207 1918 1239 1947 in
1263 1927 1299 1947 eo
1325 1916 1377 1957 qui
1395 1916 1529 1947 mittitur
1546 1914 1674 1945 mittens
1691 1912 1791 1942 hono-

161 1977 225 2008 rari
249 1976 462 2015 consueverit,
488 1975 641 2017 graciosis
667 1976 775 2005 astare
800 1972 942 2004 consiliis
971 1974 1002 2002 et
1025 1970 1153 2002 auxiliis
1179 1968 1356 2011 oportunis.

728 2118 803 2150 102.
827 2117 974 2149 ALIAE
994 2114 1236 2147 LITTERAE.

270 2183 324 2214 Est·
346 2183 372 2214 T
396 2193 444 2213 ην.
464 2184 524 2213 144
548 2185 576 2212 et
598 2181 625 2212 E
649 2181 703 2219 fol.
722 2182 783 2210 144
806 2190 855 2210 ην.
876 2179 951 2214 236,
981 2177 1073 2207 cuins
1102 2176 1229 2206 rubram
1255 2174 1358 2204 »ninus
1383 2174 1498 2203 rectem
1522 2181 1546 2201 n.
1572 2169 1659 2209 apud
1682 2167 1796 2200 Stobbv.

169 2235 305 2266 Coclicem
330 2235 356 2266 O
385 2246 434 2266 ur.
456 2235 519 2264 379
548 2233 747 2273 ncylca'imzcs.
795 2231 926 2262 Praebet
956 2230 985 2259 V
1015 2228 1067 2266 fol.
1091 2229 1150 2265 50¹¹,
1178 2238 1203 2258 r.
1227 2227 1390 2257 editionem
1418 2235 1451 2263 p.
1477 2224 1548 2253 3⁵22.
1594 2221 1642 2251 De
1658 2231 1793 2259 persona

164 2298 190 2318 v.
215 2287 346 2327 Regycsta
369 2287 503 2325 imperil.
530 2304 567 2308 —-
591 2285 736 2322 Biihmer,
762 2283 835 2323 Ray.
856 2283 925 2322 imp.
949 2281 999 2318 1’1,
1014 2282 1084 2310 475).
1512 2274 1563 2314 (P.
1587 2274 1692 2311 (hest.)

272 2363 436 2405 Expertea
469 2363 602 2395 claruita
630 2362 704 2393 fidei
743 2365 797 2392 tue
832 2359 1044 2397 strennuitas,
1083 2368 1146 2398 qua
1175 2356 1354 2386 Romanum
1398 2353 1564 2394 imperium
1601 2351 1798 2381 incessanter

169 2417 373 2458 amplecteris
404 2420 436 2447 et
469 2415 508 2446 ad
546 2415 644 2446 decus
673 2418 704 2445 et
735 2413 883 2444 decorem
914 2411 1014 2452 ipsius
1046 2408 1225 2450 magnificis
1255 2407 1354 2437 titulis
1390 2404 1603 2446 ampliandum
1640 2399 1798 2441 intrepide

170 2468 300 2506 militas,
325 2468 408 2498 inter
432 2467 511 2498 alios
529 2466 708 2497 indefessos
733 2465 872 2495 athletas
896 2466 928 2493 et
944 2461 1163 2503 inperterritos
1181 2459 1308 2500 pugiles
1334 2457 1470 2498 gloriose
1489 2455 1690 2485 choruscans.
1727 2452 1797 2481 Hoc

171 2519 317 2560 equidem
351 2520 435 2550 inter
458 2522 565 2549 cetera
595 2521 650 2549 tua
674 2516 835 2557 magnalia
859 2515 946 2555 regie
976 2513 1134 2544 maiestati
1168 2510 1351 2552 gratissima
1381 2508 1473 2539 valde
1507 2506 1596 2536 nobis
1633 2506 1798 2545 gratantm·

276 2604 339 2631 101.
362 2606 385 2637 ²¹)
404 2605 533 2636 inscriptio
553 2607 578 2629 in
598 2605 650 2628 solo
670 2603 700 2627 E.
793 2601 816 2626 b,
836 2602 878 2625 ‘xre
901 2600 929 2625 Ε,
1023 2605 1044 2629 ⁰)
1065 2599 1170 2622 cxcrmia
1192 2597 1219 2620 lu'.
1309 2594 1333 2623 ⁴¹)
1354 2594 1475 2626 placidam
1496 2592 1525 2615 lu'.
1613 2594 1633 2607 0¹
1654 2595 1748 2619 gratim
1772 2588 1799 2634 lzv'.

170 2648 189 2678 s)
209 2649 277 2674 deest
299 2649 324 2673 T.
421 2652 444 2679 g)
469 2649 568 2673 clariori
598 2648 626 2673 T:
651 2647 785 2670 clariorum
806 2645 835 2668 Η.
933 2642 957 2675 ¹¹)
977 2643 1031 2666 lau-0
1058 2651 1130 2673 nequ.
1151 2642 1217 2664 inim.
1238 2639 1273 2663 Is:
1298 2644 1318 2661 cl
1345 2639 1411 2661 imm.
1432 2644 1505 2665 ucqu.
1604 2638 1619 2662 Ἰ)
1640 2638 1747 2655 restim-1111
1771 2630 1798 2652 Ι..

172 2691 196 2724 k)
217 2692 400 2717 indelectabilis
420 2691 449 2715 E.
538 2690 556 2721 ¹)
575 2691 677 2714 advenit
699 2688 728 2713 E.
816 2689 847 2717 ¹¹¹>
868 2687 991 2718 fatigabat
1012 2686 1040 2709 Iz'.
1130 2689 1153 2713 ¹¹3
1174 2683 1240 2706 <locst
1260 2682 1288 2704 I‘J.
1378 2685 1399 2701 Ἢ
1423 2683 1532 2702 vestrum
1558 2676 1580 2699 Γ,

276 2751 339 2777 102.
360 2751 382 2781 ²³)
403 2752 494 2783 Aperte
516 2750 545 2781 V;
565 2750 618 2774 locu
638 2750 700 2780 Exp.
719 2748 778 2772 clar.
800 2746 835 2770 E:
856 2748 893 2770 Ex
913 2756 940 2769 co
961 2744 1105 2777 prcclaruit.

277 2812 303 2842 1)
326 2810 420 2836 Matth.
436 2814 473 2841 21,
488 2814 509 2835 5.
