2259 3116
424 148 484 176 244
803 143 959 170 RUDOLFI
979 144 1084 171 REGIS
1105 144 1430 172 CONSTITUTIONES.
1469 145 1542 171 1280.
1578 143 1697 171 N1·.250.

424 232 576 273 occupari
602 232 652 262 vel
677 231 786 263 invadi
810 232 1065 274 procurabimus,
1091 243 1150 263 uec
1174 232 1330 264 invadere
1348 232 1396 263 vel
1415 242 1574 274 occupare
1592 231 1826 274 temptantibus
1849 232 2066 274 prestabimus

425 284 591 317 auxiliunn
618 283 789 313 consilium
814 284 864 314 vel
889 284 1031 314 savorem
1057 284 1221 325 publicum
1246 285 1296 315 vel
1321 284 1492 315 occultum.
1540 284 1576 314 ln
1608 284 1670 314 hiis
1701 284 1893 315 auctoritate
1922 287 1954 315 et
1977 295 2066 316 man-

426 335 501 366 dato
531 335 670 365 Romani
700 335 860 376 pontificis
888 336 939 366 vel
970 335 1054 366 sedis
1086 336 1260 377 apostolice
1296 344 1425 376 semper
1460 335 1568 366 salvis.
1664 334 1712 375 (2)
1737 334 1906 365 Vassallos
1942 345 2066 378 quoque

336 2465 346 2477 c
374 2462 403 2479 19.

427 390 555 417 nostros
589 389 700 417 contra
735 386 950 428 predictorum
986 387 1114 428 aliquod
1142 388 1300 418 facientes
1335 398 1391 428 pro
1424 397 1519 427 posse
1555 386 1639 417 bona
1673 385 1736 417 fide
1768 397 2008 428 compescemus
2035 391 2068 419 01

427 439 611 480 puniemus.
661 437 768 469 Salvis
793 439 987 469 auctoritate,
1012 449 1048 469 ac
1072 438 1224 469 mandato
1248 438 1413 480 predictis,
1503 437 1551 479 (3)
1576 437 1618 468 Et
1649 438 1674 468 si
1702 448 1760 469 nos
1785 442 1895 469 contra
1925 438 2069 480 predicta
2106 454 2117 473 5

425 490 475 521 vel
501 489 631 531 aliquod
657 489 888 531 predictorum,
914 501 975 531 que
999 491 1146 532 superius
1171 490 1210 521 dc
1235 490 1370 531 imperio
1388 490 1558 531 loquimur,
1584 489 1775 529 sacei'cmuS‚
1800 490 1898 521 liccat
1921 490 2068 522 omnibus

425 546 457 573 et
481 542 615 583 singulis
640 541 869 572 ecclesiasticis
895 545 927 572 et
951 542 1151 572 secularibus
1176 541 1390 583 principibus,
1414 541 1606 577 baronibus,
1631 541 1778 572 vassallis
1803 552 1840 572 ac
1864 541 2009 582 collegiis
2032 553 2069 573 ac

425 594 714 625 communitatibus
738 594 830 635 regni
857 594 965 625 Sicilie
991 604 1027 624 ae
1053 594 1150 624 totius
1177 597 1277 626 terre,
1308 604 1370 634 quc
1401 596 1451 623 est
1479 593 1557 623 citra
1586 592 1703 623 Farum
1736 603 1838 634 usque
1868 592 1908 624 ad
1933 593 2069 624 confinia

426 649 586 676 terrarum
612 645 759 676 Romane
785 645 935 681 ecclesie,
961 655 1023 686 que
1049 645 1088 676 ab
1113 645 1182 686 ipsa
1207 647 1354 675 tenemus
1373 644 1522 678 ecclesia,
1547 647 1579 675 et
1603 645 1744 675 omnium
1762 645 1897 675 aliarum
1912 648 2068 676 terrarum

429 700 625 736 nostrarum,
653 708 714 739 que
739 700 812 727 511111
836 698 866 728 in
892 697 1004 728 codem
1030 697 1174 738 imperio,
1200 697 1239 727 ad
1265 696 1450 727 mandatum
1475 696 1650 727 eorundem
1674 696 1812 727 Romani
1835 696 1994 738 pontificis
2018 697 2068 728 vel

426 749 604 791 apostolice
642 749 727 780 sedis
762 749 872 780 iuvare
897 749 1076 790 predictum
1109 759 1216 789 regem
1253 752 1285 779 et
1314 749 1541 790 imperatorem
1566 748 1786 778 Romanorum
1818 752 1928 779 contra
1957 759 2013 779 nos
2037 752 2069 780 ct

426 801 563 832 heredes
589 801 721 832 cosdem
747 800 785 831 ad
810 800 1032 832 defensionem
1057 801 1194 842 imperii.
1240 799 1282 831 Et
1312 810 1368 841 pro
1400 810 1438 830 co
1470 799 1555 841 quod
1585 799 1743 830 iuvabunt
1767 800 1994 841 imperatorem
2018 801 2068 831 vel

431 863 541 893 regem
566 852 748 894 predictum
775 852 814 883 ad
840 852 1080 883 defendendum
1098 852 1266 894 imperium
1293 856 1405 882 contra
1430 862 1488 882 nos
1513 855 1545 882 01
1563 851 1701 882 heredes
1718 851 1862 890 eosdem,
1886 862 1950 883 non
1974 862 2067 894 repu-

425 908 535 935 tentur
564 904 685 945 aliquid
717 904 824 945 egisse
855 904 905 934 vel
937 915 1034 945 agere
1061 910 1171 934 contra
1196 904 1381 944 homagium
1407 903 1458 934 vel
1482 903 1672 934 fidelitatem
1697 902 1736 933 ab
1761 903 1839 945 ipsis
1864 904 1997 944 prestita
2021 904 2068 936 vel

425 956 601 997 prestanda
638 956 732 986 nobis
769 959 800 986 01
830 955 1005 986 heredibus
1036 955 1238 996 supradictis.
1285 954 1328 985 Et
1357 954 1441 996 quod
1476 958 1607 996 propter
1641 955 1795 986 auxilium
1824 956 1877 987 vel
1900 946 2067 995 ν1010111011,

426 1007 512 1048 quod
549 1008 580 1037 in
611 1007 671 1038 hoc
703 1018 779 1038 casu
811 1007 850 1038 ad
878 1007 1064 1038 mandatum
1090 1007 1228 1038 Romani
1259 1007 1419 1048 pontificis
1442 1007 1493 1038 vel
1526 1007 1611 1038 sedis
1643 1007 1823 1048 apostolice
1853 1007 2068 1048 predictorum

426 1059 619 1100 prestabuut
652 1059 836 1100 imperatori
862 1059 911 1090 vcl
942 1059 1009 1100 regi
1041 1058 1279 1097 Romanorum,
1315 1059 1435 1090 nullum
1467 1058 1641 1100 dampnum
1672 1059 1724 1090 vel
1759 1058 1987 1090 detrimentum
2015 1063 2069 1091 aut

425 1111 582 1142 iacturam
608 1111 667 1152 ipsi
693 1111 745 1142 vel
774 1121 883 1141 eorum
910 1109 1049 1141 heredes
1074 1111 1105 1141 in
1133 1110 1238 1141 feudis
1263 1111 1415 1147 01101115,
1440 1121 1501 1151 que
1526 1111 1557 1140 in
1583 1120 1682 1151 regno
1702 1109 1810 1141 Sicilie
1834 1121 1871 1141 ac
1896 1114 1964 1142 tota
1985 1114 2068 1143 terra

426 1162 581 1203 predictis
608 1166 735 1198 tenent,
762 1162 925 1192 incurrent
950 1162 1000 1192 vel
1025 1162 1195 1203 accipient.
1242 1162 1284 1192 Et
1317 1162 1399 1203 quod
1425 1162 1572 1193 homiues
1603 1172 1660 1193 seu
1686 1163 1814 1193 vassalli
1845 1164 1936 1204 regni
1962 1162 2068 1195 Sicilie

426 1224 488 1244 11011
513 1217 687 1244 tencantur
712 1213 844 1244 obedire
873 1213 965 1244 nobis
990 1213 1173 1244 volentibus
1198 1224 1255 1256 per
1286 1224 1344 1244 nos
1368 1214 1420 1244 vel
1448 1224 1506 1255 per
1535 1214 1633 1245 alium
1662 1214 1831 1255 imperium
1855 1214 1907 1245 vel
1931 1214 2069 1256 aliquam

427 1266 494 1295 01115
518 1270 659 1306 00110111,
693 1269 728 1295 ut
753 1265 871 1296 dietum
898 1269 963 1299 051,
994 1276 1167 1306 occupare,
1200 1265 1352 1296 invadere
1377 1276 1434 1296 seu
1459 1265 1624 1297 offendere
1648 1265 1679 1296 in
1703 1266 1820 1306 aliquo.
1867 1265 1971 1297 Salvis
1995 1277 2068 1298 auc-

369 1329 400 1346 07.
427 1317 557 1347 toi-itate
582 1328 619 1347 ac
644 1316 794 1347 mandato
820 1317 954 1347 Romani
980 1317 1138 1358 pontificis
1164 1317 1214 1348 vel
1233 1317 1318 1348 sedis
1335 1318 1511 1359 apostolice
1528 1317 1754 1359 predictorum.
1845 1317 1893 1359 (4)
1917 1317 2068 1349 Preterea

427 1368 574 1399 inimicos
601 1369 686 1408 regis
712 1368 857 1399 eiusdem
890 1379 952 1399 non
978 1368 1159 1399 iuvabimus
1194 1372 1305 1399 contra
1339 1370 1455 1410 ipsum.
1503 1368 1608 1399 Salvis
1640 1369 1830 1400 auctoritate
1860 1379 1897 1400 ac
1920 1369 2068 1401 mandato

428 1419 594 1460 predictis.
647 1419 689 1450 Et
720 1424 858 1461 excepto
890 1420 973 1461 quod
1014 1421 1039 1451 si
1076 1431 1133 1451 1105
1170 1421 1365 1451 haberemus
1401 1431 1549 1462 guerram
1585 1423 1697 1451 contra
1735 1420 1871 1451 eandem
1901 1421 2067 1452 ecclesiam

428 1470 611 1502 Romanam
637 1472 686 1502 vel
713 1472 782 1513 ipsa
807 1472 944 1502 00010510
969 1475 1079 1503 0011110
1106 1482 1178 1509 1105,
1204 1473 1308 1514 possit
1332 1472 1416 1503 idem
1442 1483 1500 1503 rex
1525 1472 1696 1504 ecclesiam
1721 1472 1822 1503 libere
1846 1472 2013 1511 adiuvare,
2037 1477 2068 1504 ct

429 1523 454 1552 si
479 1523 643 1563 predictus
665 1535 722 1554 rex
740 1524 875 1555 haberet
893 1535 1042 1565 guerram
1061 1528 1172 1556 eontra
1198 1525 1369 1556 ecclesiam
1389 1524 1566 1566 predictam
1585 1523 1635 1555 vel
1660 1523 1773 1555 eadem
1798 1524 1938 1555 ecclesia
1960 1527 2068 1556 contra

428 1574 552 1615 ipsum,
587 1574 687 1605 libere
718 1586 774 1605 nos
804 1579 1015 1606 memoratam
1042 1576 1212 1607 ecclesiam
1238 1575 1390 1607 adiuvare
1415 1576 1590 1618 possimus,
1636 1575 1744 1607 Possit
1776 1577 1891 1607 0110111ἶὶ
1914 1587 1973 1608 rex
1995 1587 2066 1618 pre-

429 1625 535 1656 dictus
562 1636 670 1667 regem
697 1626 839 1667 ἵης-0110
865 1628 975 1658 iuvare
1001 1628 1031 1657 iu
1056 1627 1269 1659 defendendo.
1317 1627 1381 1659 Sed
1405 1638 1465 1659 nec
1490 1628 1529 1658 de
1554 1627 1737 1658 hominibus
1762 1627 1887 1669 imperii
1910 1628 2067 1669 possimus

429 1687 485 1707 nos
512 1677 606 1707 0110111
634 1679 755 1709 servire
781 1683 890 1709 eontra
916 1690 1024 1719 regem
1054 1679 1272 1710 Romanorum
1297 1680 1349 1710 vel
1373 1680 1602 1721 imperatorem
1628 1690 1687 1710 nec
1713 1679 1752 1710 de
1776 1679 1959 1710 hominibus
1983 1680 2067 1721 regis

428 1728 567 1760 Francic
593 1730 714 1759 servire
740 1734 909 1761 teneamur
933 1731 1027 1762 alicui
1052 1735 1164 1761 eontra
1181 1732 1293 1773 ipsum.
1334 1731 1501 1762 Pessimus
1520 1741 1645 1772 quoque
1671 1734 1701 1762 et
1725 1741 1783 1762 nos
1800 1742 1911 1772 regem
1927 1731 2067 1773 Ungarie

428 1780 458 1809 iu
494 1779 697 1811 defendendo
732 1782 850 1813 iurare.
898 1782 1003 1813 Salvis
1038 1783 1067 1813 111
1099 1783 1160 1813 11115
1195 1783 1389 1813 auctoritate
1423 1794 1459 1814 ac
1491 1783 1641 1814 mandato
1670 1782 1808 1814 Romani
1838 1783 1995 1824 pontificis
2018 1783 2067 1814 vel

427 1831 512 1861 sedis
550 1833 725 1872 apostolice
763 1834 990 1874 predictorum.
1037 1835 1204 1865 Possimus
1241 1836 1337 1865 etiam
1374 1835 1485 1866 iuvare
1520 1846 1628 1876 regem
1661 1835 1811 1874 Francic,
1849 1838 1883 1865 ut
1914 1838 2066 1866 tenemur.

426 1884 472 1922 (5)
499 1883 591 1917 Quod
618 1884 643 1914 si
669 1884 751 1915 t'orte
776 1886 858 1926 quod
886 1886 970 1916 absit
994 1887 1077 1917 inter
1102 1887 1239 1917 cundem
1266 1898 1374 1928 regem
1399 1887 1618 1918 Romanorum
1644 1890 1675 1917 et
1699 1897 1757 1917 nos
1779 1887 1888 1928 aliqua
1911 1886 2068 1917 discordia

429 1935 572 1966 oriretur.
600 1947 680 1966 unus
706 1947 766 1967 non
794 1937 936 1968 movebit
961 1942 1089 1979 propter
1107 1938 1166 1969 hoe.
1191 1950 1339 1980 guerram
1365 1939 1417 1970 alii
1442 1950 1500 1969 nec
1525 1940 1666 1969 terramb
1691 1939 1741 1970 vel
1767 1939 1922 1969 vassallos
1939 1938 2067 1969 alterius

430 1987 616 2017 molestabit
641 1998 698 2028 per
722 1999 756 2018 se
783 1989 832 2019 vel
858 2000 915 2029 per
939 1990 1030 2021 alios.
1078 1990 1182 2021 Salvis
1207 1991 1359 2021 mandato
1388 1994 1420 2021 et
1451 1991 1645 2021 auctoritate
1669 1990 1807 2021 Romani
1832 1990 1992 2032 pontificis
2016 1989 2065 2020 vel
2103 2009 2113 2019 2

429 2037 514 2067 sedis
540 2040 717 2079 apostolice
743 2040 944 2081 supradietis.
986 2041 1049 2071 Sed
1076 2052 1276 2072 recurremus
1303 2042 1340 2072 ad
1363 2042 1545 2072 Romanum
1571 2042 1754 2083 pontificem
1787 2045 1818 2072 et
1841 2051 1935 2083 super
1958 2041 2065 2072 huius-

430 2089 515 2119 modi
553 2090 722 2121 discordiis
760 2092 902 2132 pret‘atus
939 2103 995 2122 rex
1021 2092 1237 2124 Romanorum
1274 2097 1305 2123 et
1343 2104 1401 2123 nos
1431 2093 1588 2124 stabimus
1618 2093 1702 2124 dicto
1729 2094 1898 2124 memorati
1931 2091 2065 2123 Romani

430 2141 596 2179 pontificis,
625 2142 648 2171 si
675 2143 781 2172 forsan
809 2143 891 2173 111101·
917 2154 973 2173 nos
1000 2145 1238 2185 nequiverimus
1263 2144 1466 2175 concordare.
1557 2144 1604 2185 (6)
1630 2144 1735 2186 Super
1759 2144 1819 2175 11115
1837 2147 1943 2175 autem
1967 2143 2064 2174 omni-

429 2191 488 2220 bus
514 2195 543 2221 et
571 2193 704 2231 singulis
731 2194 877 2234 plenarie
904 2195 1115 2225 observandis
1141 2195 1291 2226 absolute
1325 2207 1361 2226 ac
1391 2196 1492 2226 libere
1517 2195 1666 2226 Romano
1697 2195 1840 2237 pontifici
1863 2194 2066 2237 spiritualiter

429 2247 460 2272 01
485 2244 705 2283 temporaliter
731 2255 786 2274 uos
812 2250 923 2276 tenore
950 2247 1147 2287 presentium
1180 2246 1329 2277 duximus
1363 2247 1614 2278 submittendos.
1661 2247 1698 2277 In
1727 2247 1876 2277 omnibus
1905 2249 2009 2277 autem
2035 2248 2064 2276 ct

429 2295 563 2333 singulis
589 2295 780 2336 supradietis
807 2298 1027 2327 consentimus
1054 2309 1206 2339 expresse
1238 2303 1269 2329 et
1300 2300 1330 2329 in
1356 2299 1478 2329 eisdem
1505 2299 1651 2330 omnibus
1676 2302 1707 2329 01
1732 2299 1868 2339 siugulis
1892 2298 2063 2340 plenariam

431 2346 728 2386 iuterpretationem
755 2351 786 2377 et
812 2347 1059 2379 declarationem
1087 2350 1191 2380 eidem
1217 2350 1363 2381 Romano
1388 2351 1529 2391 pontitici
1560 2350 1598 2381 ad
1624 2361 1758 2392 presens
1788 2353 1820 2380 et
1848 2350 1878 2380 iu
1904 2352 2063 2391 posterum

432 2402 651 2428 reservantes.
685 2399 754 2429 eius
789 2399 1087 2441 interpretationem
1119 2412 1175 2432 seu
1206 2401 1457 2432 declarationem
1484 2401 1663 2433 faciendam
1690 2402 1787 2433 etiam
1812 2401 1946 2443 simplici
1971 2399 2063 2430 verbo

433 2459 490 2478 nos
517 2454 701 2499 ssa-faturos
728 2451 912 2491 specialiter
935 2453 1125 2483 auctoritate
1144 2453 1342 2494 presentium
1361 2453 1552 2493 obligamus.
1643 2453 1688 2494 (Τ)
1714 2453 1943 2484 Promittentcs
1967 2450 2062 2482 1110111-

431 2500 584 2539 lominus,
618 2501 759 2541 predicta
786 2503 890 2532 omnia
918 2506 947 2533 et
975 2503 1115 2543 singula,
1146 2508 1313 2545 postquam
1340 2505 1481 2545 prefatus
1508 2516 1562 2535 rex
1588 2505 1754 2547 imperiale
1779 2504 1934 2546 dyadema
1958 2512 2062 2534 susce-

430 2552 529 2591 110111,
556 2563 709 2582 renovare
739 2553 777 2582 ad
805 2554 954 2583 maiorem
987 2558 1018 2583 et
1047 2559 1232 2595 perpetuam
1258 2557 1452 2587 firmitatem.
1544 2556 1590 2596 (S)
1615 2556 1778 2587 Promissa
1807 2567 1881 2587 vero
1909 2555 2011 2586 onmia
2033 2557 2064 2583 ct

428 2604 553 2639 singula
581 2604 758 2634 iuramento
785 2606 994 2646 corporaliter
1013 2608 1147 2646 prestito
1174 2608 1385 2648 promittimus
1405 2608 1632 2639 inviolabiliter
1650 2608 1835 2640 observare.
1917 2607 1951 2638 Iu
1977 2605 2062 2636 cuius

527 2741 592 2766 225⁰.
612 2745 634 2773 ¹¹)
655 2744 740 2767 exuli-111
760 2743 820 2766 mlnl.
841 2753 860 2767 ‹·.
951 2743 972 2775 1’)
995 2750 1118 2768 terrarum
1139 2754 1158 2768 0.

2095 711 2119 730 10

2094 970 2117 988 15

2093 1485 2116 1505 2⁵

2089 2259 2112 2278 ⁴⁰

2087 2511 2110 2529 45
