2259 3164
102 1045 125 1064 10

103 1320 124 1339 15

104 1577 127 1596 20

106 1834 128 1853 25

107 2167 131 2186 ³0

109 2442 131 2461 ³5

110 2718 133 2739 40

456 160 611 186 RUDOLFI
631 159 735 186 REGIS
754 158 1074 186 CONSTITUTJONEs
1112 160 1184 185 1291.
1216 160 1261 185 Nr.
1275 160 1332 186 4⁶3.
1346 161 1403 187 4⁶4.
1417 161 1474 187 4135.
1718 164 1775 192 451

150 247 211 278 hac
244 246 347 287 gratia
375 246 436 277 sibi
467 246 551 278 facta
579 245 742 277 fidelitatis
771 246 953 287 homagium
986 245 1076 276 nobis
1105 249 1136 276 ct
1169 246 1405 277 successoribus
1437 247 1553 278 nostris
1582 247 1613 278 in
1638 247 1772 288 imperio

149 298 276 329 nomine
299 297 385 329 feodi
409 298 515 329 facere
539 297 742 329 tenebuntur.
831 297 867 328 In
896 298 984 328 cuius
1014 298 1060 328 rei
1091 298 1309 328 testiinonium
1338 298 1419 329 hanc
1448 299 1586 329 litteram
1616 299 1774 330 conscribi

149 352 181 380 et
204 351 311 380 nostre
336 350 513 380 maiestatis
538 349 640 391 sigillo
665 350 816 380 iussimus
841 349 1041 379 communiri.

255 400 373 431 Datum
390 400 570 442 Maguncie,
594 401 654 432 ΙΙΙ.
672 400 780 431 Nonas
796 400 889 437 Iunii,
915 400 1087 431 indictione
1106 404 1228 442 quarta.
1253 411 1335 431 anno
1354 400 1484 432 Domini
1502 400 1778 440 MCCLXXXXI,

150 453 238 493 regni
265 463 339 483 vero
363 453 461 483 nostri
486 464 568 483 anno
593 453 717 483 decimo
743 455 864 483 octavo.

307 705 405 756 464.
439 706 536 756 465.
570 703 1226 757 DEGLARATIONES
1266 703 1370 756 DE
1411 704 1620 758 FORO

654 780 1279 834 ECOLESIASTIOO.

769 874 875 910 1291.
920 875 1001 910 Iun.
1026 875 1081 910 17.
1103 874 1162 910 Q3.

584 964 660 996 464.
684 964 983 997 DECLARATJO
1005 965 1170 998 PRIMA.
1216 965 1291 996 Iun.
1308 967 1357 996 17.

258 1027 311 1059 Ex
341 1027 453 1058 eisdem
482 1026 651 1064 codicibus,
682 1037 758 1066 quos
788 1027 851 1057 iam
874 1027 917 1057 aa
938 1037 986 1057 nr.
1003 1028 1075 1059 336.
1098 1028 1162 1057 337
1183 1026 1402 1064 adhibuimus,
1426 1026 1578 1057 dederam&
1600 1026 1696 1057 eidem
1719 1026 1781 1057 viri

151 1079 327 1112 doctissimi.
374 1079 519 1118 Superest
543 1079 577 1109 in
604 1079 632 1118 1)
652 1077 711 1119 fol.
730 1080 789 1116 14¹,
814 1078 847 1120 2)
871 1078 924 1116 fol.
943 1079 1020 1115 506,
1046 1079 1077 1119 3)
1100 1078 1152 1117 fol.
1171 1079 1219 1109 15.
1265 1078 1383 1109 Exstat
1406 1078 1498 1109 etiam
1521 1078 1609 1116 apud
1631 1078 1652 1109 S
1677 1079 1723 1115 H,
1741 1078 1780 1107 50

150 1143 198 1164 wir.
216 1133 287 1162 776.
310 1149 351 1153 —
374 1130 516 1167 Bolum,
542 1129 615 1169 Rey.
632 1130 704 1168 imp.
726 1129 885 1167 11:248?
1493 1129 1545 1169 (P.
1569 1130 1675 1169 deest.)

256 1199 437 1231 Rudolfus⁸
458 1198 521 1230 Dei
545 1199 648 1240 gratia
671 1198 892 1230 Romanorum
920 1210 978 1231 rex
1007 1210 1135 1242 semper
1162 1202 1318 1241 augustus
1348 1199 1507 1230 universis
1537 1199 1619 1229 sacri
1653 1199 1776 1240 imperii

151 1252 286 1283 Romani
311 1251 458 1282 fidelibus
482 1253 649 1292 presentes
674 1251 798 1282 litteras
823 1251 1014 1293 inspecturis
1039 1252 1175 1293 gratiam
1201 1262 1291 1282 suam
1315 1254 1347 1282 et
1371 1261 1464 1281 omne
1488 1250 1620 1281 bonum.

258 1303 385 1334 Iustitie
411 1306 561 1333 stateram
585 1304 752 1343 gestantes
776 1302 808 1333 in
832 1303 978 1334 manibus
1004 1303 1048 1334 sic
1074 1304 1202 1334 nostrab
1227 1306 1276 1334 etc
1300 1303 1423 1344 imperii
1451 1303 1520 1333 iura
1543 1302 1664 1332 intacta
1688 1301 1779 1332 volu-

151 1366 221 1386 mus
250 1355 441 1395 observare‚
475 1364 515 1385 ne
550 1354 671 1385 iuribus
700 1355 837 1385 aliorum
871 1354 955 1395 quod
988 1354 1070 1385 absit
1097 1355 1280 1396 aliqualiter
1311 1354 1513 1396 derogemus.
1563 1354 1654 1384 Licet
1685 1353 1782 1394 igitur

151 1407 267 1438 nostris
299 1406 434 1438 subditis
464 1406 680 1447 burgensibus
714 1406 764 1437 vel
795 1406 962 1448 oppidanis
994 1406 1083 1437 sived
1118 1407 1187 1437 aliis
1216 1406 1306 1438 laicis
1346 1406 1405 1437 sub
1434 1405 1548 1437 nostris
1584 1404 1781 1435 districtibus

152 1458 367 1490 residentibus
392 1449 580 1489 dederimus
599 1458 630 1488 in
654 1458 825 1496 mandatis.
853 1469 893 1489 ne
918 1458 987 1499 quis
1012 1469 1093 1489 unus
1119 1459 1256 1489 alterum
1289 1458 1328 1488 ad
1352 1457 1503 1488 iudicium
1528 1456 1782 1488 ecclesiasticum

153 1511 330 1552 aliqualiter
354 1513 516 1546 evocaret,
555 1510 611 1541 sed
636 1520 741 1541 coram
771 1520 828 1540 suo
864 1509 966 1541 iudice
997 1513 1107 1540 nostra
1131 1510 1200 1541 vice
1233 1513 1265 1539 ct
1297 1509 1425 1540 nomine
1454 1509 1626 1539 constituto
1660 1508 1780 1538 iustitie

155 1562 303 1594 redderet
327 1563 606 1603 complementum,
631 1561 691 1592 hoc
716 1565 822 1592 tamen
846 1561 1031 1592 mandatum
1055 1562 1238 1592 nullatenus
1264 1561 1309 1591 sie
1334 1561 1480 1591 volumus
1504 1559 1680 1591 extendere
1705 1569 1781 1599 quo-

154 1624 213 1655 quo
244 1613 354 1653 modo,
385 1617 419 1644 ut
448 1624 505 1654 per
537 1613 597 1643 hoc
622 1613 798 1644 venerabili
828 1613 937 1644 abbati
964 1612 1270 1654 Wissenburgensif
1301 1612 1457 1654 Spirensis
1491 1611 1629 1642 diocesis
1661 1611 1782 1650 totique

154 1665 322 1696 conventui
347 1664 490 1696 eiusdem
515 1665 575 1696 loci
593 1665 801 1706 preiudicium
820 1665 949 1707 aliquod
966 1668 1149 1706 generetur.
1190 1664 1253 1696 Sed
1278 1665 1338 1706 ipsi
1357 1674 1530 1705 eorumque
1549 1662 1667 1694 subditi
1693 1662 1783 1693 siveg

154 1717 220 1748 foro
245 1717 380 1748 seculari
397 1717 448 1748 vel
466 1717 696 1756 ecclesiastico,
722 1721 816 1758 prout
838 1718 883 1748 cis
901 1717 1054 1759 expedire
1073 1717 1240 1754 videbitur⁷
1266 1719 1376 1747 contra
1394 1724 1601 1757 quascunque
1626 1724 1779 1755 personas

153 1768 273 1809 possint
297 1768 448 1809 prosequi
479 1779 537 1799 sua
565 1769 634 1799 iura
666 1772 698 1799 et
722 1779 873 1800 exercere
904 1779 977 1800 suas
1009 1769 1070 1799 sibi
1103 1771 1322 1810 competentes
1355 1766 1594 1808 quomodolibet
1626 1766 1780 1796 actiones.

154 1819 190 1850 In
213 1820 302 1850 cuius
327 1820 373 1850 rei
396 1820 611 1850 testimonium
636 1830 769 1861 presens
794 1821 949 1862 scriptum
973 1820 1150 1851 maiestatis
1174 1824 1282 1850 nostre
1307 1819 1413 1859 sigillo
1431 1818 1564 1849 fecimus
1583 1817 1780 1848 communiri.

261 1871 380 1902 Datum
398 1871 616 1912 Hagenaweh,
642 1871 713 1903 XV.
731 1871 803 1902 Kal.
821 1871 904 1910 Iulii,
923 1871 1094 1902 indictione
1113 1875 1234 1913 quarta,
1257 1881 1338 1902 anno
1356 1869 1525 1901 millesimo
1543 1868 1783 1900 ducentesimoi

155 1923 361 1964 nonagesimo
385 1922 518 1964 prim0¹³‚
542 1923 632 1964 regni
658 1934 731 1954 vero
755 1924 855 1954 nostri
880 1934 962 1954 anno
988 1923 1110 1954 decimo
1135 1926 1259 1954 octavo.

563 2041 639 2074 465.
662 2042 961 2074 DECLARATIO
983 2042 1179 2074 ALTERA.
1225 2042 1297 2072 Iun.
1315 2042 1365 2072 23.

257 2103 310 2134 Ea·
333 2103 445 2133 eisdrm
467 2103 622 2134 codicibus
652 2103 678 2143 l)
701 2103 825 2142 fol.15,
856 2104 888 2145 2)
910 2103 966 2144 fol.
987 2105 1047 2133 :304
1071 2106 1099 2134 of
1124 2103 1144 2133 S
1169 2103 1216 2139 H,
1231 2103 1270 2132 :30
1293 2112 1342 2132 ην.
1361 2103 1430 2131 777.
1456 2119 1495 2122 -
1526 2099 1674 2131 Βό]ιφηιν·.
1707 2098 1780 2138 Rvy.

155 2154 225 2194 imp.
247 2154 301 2192 VI,
317 2155 411 2185 2491.
1491 2151 1544 2192 (P.
1568 2152 1674 2190 deest.)

258 2223 439 2255 Rudolfus³
462 2223 524 2254 Dei
548 2224 651 2265 gratia
674 2224 891 2256 Romanorum
924 2236 981 2256 rex
1005 2235 1131 2266 semper
1155 2226 1311 2264 augustus
1336 2222 1493 2253 universis
1520 2221 1599 2252 sacri
1623 2219 1778 2250 Romanib

157 2274 279 2315 imperii
302 2274 449 2306 fidelibus
474 2278 538 2306 tam
562 2276 765 2317 presentibus
791 2287 884 2317 quam
908 2276 1021 2307 futuris
1044 2276 1180 2317 gratiam
1205 2285 1295 2305 suam
1319 2276 1351 2304 et
1374 2284 1466 2304 omne
1490 2273 1618 2303 bonum.

258 2326 306 2368 (1)
330 2326 452 2357 Futura
476 2327 619 2368 pericula
643 2331 674 2358 et
691 2329 857 2359 materiam
874 2328 976 2359 litium
993 2328 1172 2358 futurarum
1196 2330 1338 2358 nostram
1362 2325 1454 2355 decet
1477 2324 1678 2355 clementiam
1704 2322 1777 2353 totis

157 2378 373 2410 conaminibus
397 2382 574 2420 amputare.
613 2379 735 2410 Verum
766 2380 797 2410 in
827 2379 956 2411 arbitrio
986 2390 1041 2410 seu
1070 2382 1188 2410 statuto
1220 2379 1302 2409 inter
1325 2376 1542 2407 venerabilem
1567 2375 1669 2405 virum
1693 2373 1778 2404 Ede-

157 2429 250 2460 linum
272 2430 421 2461 abbatem
448 2429 807 2472 wissenburgensew
835 2432 985 2463 dilectum
1010 2432 1185 2473 principem
1209 2432 1351 2461 nostrum
1377 2431 1408 2458 et
1431 2429 1620 2458 conventum
1645 2426 1713 2456 eius
1739 2436 1777 2455 ex

156 2490 219 2511 una
240 2492 276 2512 ae
298 2481 470 2523 prudentes
495 2482 581 2513 viros
606 2483 691 2514 cives
708 2482 1024 2524 Wissenburgenses
1047 2483 1181 2514 dilectos
1210 2481 1322 2512 fideles
1346 2483 1467 2510 nostros
1493 2489 1533 2509 ex
1565 2480 1654 2519 parte
1679 2476 1779 2506 altera

158 2531 298 2564 ordinato
323 2537 356 2565 et
378 2534 588 2575 pronunciato
613 2545 631 2565 a
655 2534 765 2565 nobisl
790 2536 971 2566 continetur
995 2535 1146 2566 articulus
1172 2534 1202 2564 in
1226 2533 1285 2563 hec
1310 2531 1421 2562 verba:

255 2609 319 2636 464·
339 2611 361 2643 ει)
379 2613 527 2645 RUdOlphns
547 2612 567 2637 1.
588 2612 610 2637 2.
631 2612 654 2638 3.
752 2613 775 2644 b)
795 2615 873 2639 nostri
894 2614 915 2639 l.
934 2613 957 2639 3.
1055 2613 1076 2643 c)
1097 2614 1162 2638 deest
1184 2612 1203 2637 l.
1223 2612 1247 2636 3.
1339 2609 1363 2641 (ἰ)
1382 2618 1425 2634 sen
1445 2607 1468 2632 2.
1492 2607 1517 2632 S.
1605 2608 1627 2636 θ)
1647 2606 1731 2630 reddet
1751 2606 1777 2628 S.

157 2650 175 2683 ί)
193 2653 409 2687 Weissenburgen
427 2655 450 2681 2.
469 2655 493 2680 3.
582 2655 606 2688 Β)
626 2657 680 2681 sine
701 2656 721 2681 1.
742 2656 765 2681 3.
853 2655 878 2687 h)
897 2658 1029 2689 Hagenaw
1047 2656 1071 2681 ⁴2.
1092 2656 1117 2679 S.
1204 2654 1222 2687 i)
1242 2655 1310 2678 MCC
1327 2654 1352 2678 2-
1439 2650 1462 2682 1ί)
1482 2649 1658 2675 MCCLXXXI
1679 2649 1704 2672 δ’

255 2712 317 2740 465.
337 2715 359 2747 ³)
378 2716 527 2748 Rudolphus
546 2716 568 2741 ²2.
590 2716 614 2741 S.
720 2715 744 2748 b>
764 2717 867 2742 Romani
887 2717 952 2741 deest
970 2715 993 2741 2.
1081 2714 1117 2747 b')
1137 2715 1350 2746 Weissenburgcfi
1371 2713 1392 2737 l.

257 2773 281 2806 1)
302 2773 365 2807 Περ.
378 2774 437 2807 imp.
455 2774 499 2807 VJ,
514 2778 571 2802 360.
