2259 3164
44 746 66 765 10

45 1004 66 1023 15

47 1517 69 1536 25

47 1781 71 1800 30

49 2038 70 2057 ³5

50 2294 74 2313 40

51 2550 74 2569 {⁵

460 180 615 206 RUDOLFI
636 180 739 207 REGIS
759 180 1078 209 CONs'ri'rUTlONEs.
1117 185 1189 210 1273.
1227 185 1272 210 Nr.
1287 187 1344 212 216.
1657 192 1712 219 199

93 269 162 310 ipsa
184 267 308 298 laborat
324 267 470 306 ecclesia,
494 266 577 308 quod
597 267 741 298 omnibus
760 267 992 300 deliberatione
1010 270 1154 310 plenaria
1172 271 1315 302 limitatis
1341 275 1372 302 et
1389 272 1542 303 discussis
1559 275 1712 305 attentius

92 331 147 352 nos
171 322 202 351 et
226 318 337 350 eadem
356 319 493 350 ecelesia
510 323 601 360 grata
618 319 732 350 iurium
749 323 930 351 nostrorum
949 322 1155 363 perceptione
1173 323 1307 353 letemur
1332 326 1363 354 et
1387 324 1448 354 illis
1473 325 1558 356 clara
1582 326 1714 356 distinc-

91 372 174 404 tione
201 372 343 403 fruamur
378 373 475 412 tuque
503 371 560 402 tali
588 371 878 413 preponderatione
909 373 940 403 in
965 374 1050 404 omni
1074 374 1215 415 puritate
1239 375 1416 416 procedens
1442 377 1548 417 quiete
1574 378 1712 408 fulciaris

93 426 223 465 accepta
246 425 277 454 et
299 434 318 453 a
341 422 455 453 futuris
483 422 702 454 anfractibusa
725 424 935 465 preserveris,
973 424 1025 455 Ad
1048 425 1108 456 hoc
1133 436 1257 466 quoque
1285 429 1340 457 tua
1365 437 1434 457 cum
1458 429 1575 459 nostris
1599 429 1716 460 debent

92 478 164 506 vota
188 484 391 513 concurrere,
416 485 487 505 cum
512 485 553 506 ex
576 474 637 505 hiis
662 475 752 516 quies
778 475 928 506 succedat
953 476 1111 508 salubrius
1136 477 1319 518 utriusque,
1355 481 1408 508 tua
1439 479 1618 519 potissime,
1653 491 1715 521 qua

91 526 150 568 ipsi
174 526 310 557 ecclesie
335 536 425 557 carus
448 526 634 567 astringeris
659 529 691 557 et
707 527 879 558 affabiliter
895 529 1104 569 presentaris.
1193 528 1240 569 (2)
1267 528 1350 560 Sane
1375 529 1502 566 dudum,
1527 531 1608 562 sicut
1633 533 1715 562 nosti

97 577 140 608 fili
162 577 337 615 karissime,
362 576 497 608 dilectus
515 578 597 608 filius
615 578 714 609 frater
734 578 902 609 Conradus
920 579 1066 610 minister
1082 580 1199 610 ordinis
1217 580 1348 611 fratrum
1367 581 1524 612 Minorum
1542 583 1714 623 superioris

91 629 280 661 Alamannie
306 640 363 671 per
386 632 417 660 te
441 629 479 660 ad
505 629 615 661 sedem
633 631 844 672 apostolicam
861 631 1042 662 destinatus
1060 631 1261 663 devotionem
1279 633 1433 663 sinceram
1458 637 1490 664 et
1507 634 1714 665 intentionem

94 691 213 724 puram,
237 691 330 722 quam
347 681 386 712 ad
402 681 580 712 Romanam
600 682 685 723 geris
704 683 884 723 ecclesiam,
910 683 1000 714 nobis
1025 686 1057 714 et
1074 684 1225 715 fratribus
1242 685 1357 716 nostris
1375 685 1550 726 prudenter
1568 687 1717 727 exposuit

93 736 123 764 et
146 733 249 764 omnia.
281 736 313 764 et
343 733 469 774 singula
492 744 551 775 per
574 733 733 775 quondam
760 734 911 766 Ottonem
940 736 1136 777 prepositum
1166 736 1302 767 ecclesie
1332 738 1431 768 sancti
1462 737 1618 768 Gnidonis
1644 738 1715 779 Spi-

92 785 210 824 rensis,
233 785 319 826 regie
344 785 417 816 aule
442 785 688 826 cancellarium,
713 786 798 817 dicta
823 787 890 818 sive
914 787 1081 828 promissa,
1107 791 1178 818 acta
1203 798 1260 819 seu
1283 791 1374 829 gesta
1399 792 1431 819 et
1455 788 1581 819 demum
1606 799 1662 830 per
1686 792 1715 819 tc

94 837 196 878 ipsum
218 837 248 867 in
266 837 429 879 presentia
444 837 547 868 felicis
565 838 796 869 recordationis
815 838 964 880 Gregorii
982 849 1064 881 pape
1082 839 1122 870 X.
1147 840 1387 881 predecessoris
1404 840 1502 871 nostri
1521 840 1717 881 recongnita,

95 888 286 927 confirmata,
311 889 462 920 innovata
488 892 519 920 et
543 889 583 920 de
608 900 690 920 novo
716 900 882 929 concessa,
906 891 1074 932 promissa,
1098 891 1193 929 dicta,
1218 894 1291 922 acta
1314 902 1370 922 seu
1391 895 1484 932 gesta
1509 895 1627 922 statuta
1651 892 1717 922 sive

92 940 192 971 iurata
223 939 324 971 dictus
352 941 450 972 frater
480 941 511 971 in
540 944 650 972 nostra
680 944 711 972 et
740 942 925 973 eorumdem
954 942 1087 973 fratrum
1119 945 1173 973 tuo
1205 942 1331 974 nomine
1357 946 1388 974 et
1411 953 1467 984 pro
1492 946 1522 974 te
1547 943 1662 973 debitis
1687 947 1718 973 et

94 992 196 1034 plenis
213 993 500 1034 sollempnitatibus
518 994 737 1034 recongnovit,
755 994 922 1025 ratificavit
942 998 973 1024 et
990 995 1086 1025 etiam
1104 994 1295 1035 approbavit
1306 995 1325 1025 1.
1393 994 1441 1035 (3)
1458 994 1499 1024 Et
1516 994 1717 1036 postmodum

94 1044 227 1076 dilectus
251 1045 334 1076 filius
353 1044 541 1076 Gottifridus
566 1046 746 1086 prepositus
764 1046 900 1077 ecclesie
918 1046 1073 1077 Soliensis
1092 1045 1357 1087 Salzeburgensis
1382 1045 1530 1085 diocesis,
1554 1046 1718 1076 familiaris

94 1097 226 1127 clericus
250 1100 283 1128 et
306 1096 566 1138 prothonotarius
591 1100 681 1137 tuus,
712 1109 753 1128 ex
781 1101 871 1139 parte
901 1101 956 1129 tua
986 1109 1057 1129 cum
1089 1098 1281 1139 specialibus
1306 1098 1455 1128 mandato
1487 1101 1519 1128 et
1542 1098 1656 1128 litteris
1680 1097 1719 1127 ad

93 1148 200 1180 sedem
224 1148 431 1180 transmissus
456 1148 606 1185 eandem,
638 1149 743 1180 traditi
777 1150 837 1180 sibi
868 1160 886 1180 a
910 1153 941 1180 te
966 1150 1157 1181 auctoritate
1189 1149 1332 1180 mandati
1356 1150 1534 1180 iuramenta
1557 1149 1719 1180 fidelitatis

96 1211 152 1232 seu
176 1200 248 1239 alia,
273 1210 333 1241 que
349 1200 506 1231 Rodolfus
524 1201 736 1232 cancellarius
761 1204 834 1232 tuus
859 1213 877 1232 a
894 1201 1016 1232 civibus
1035 1201 1305 1240 Bononiensibus,
1329 1201 1568 1240 Ymolensibus,
1593 1200 1718 1231 Faven-

95 1251 184 1290 tinis,
212 1251 502 1291 Foroliviensibus,
532 1253 878 1294 Foropopuliensibns,
909 1253 1141 1291 Cesanatibus,
1166 1252 1425 1291 Ravennatibus,
1449 1251 1719 1286 Ariminensibus,

97 1303 302 1334 Urbinatibus
319 1314 442 1335 necnon
460 1308 493 1335 et
509 1305 579 1335 aliis
596 1305 727 1335 aliarum
746 1305 910 1336 civitatum
929 1308 960 1336 et
977 1308 1133 1335 terrarum
1151 1305 1276 1335 illarum
1294 1304 1432 1346 partium
1450 1303 1553 1345 adque
1571 1304 1721 1341 locorum,

95 1365 154 1396 que
178 1355 277 1397 ipsius
305 1356 440 1387 ecclesie
457 1356 534 1387 iuris
552 1357 703 1395 existunt,
728 1368 783 1398 pro
807 1360 838 1388 te
856 1357 970 1388 dicitur
988 1357 1150 1398 recepisse
1175 1360 1207 1387 et
1231 1355 1381 1397 quicquid
1406 1366 1462 1397 per
1486 1355 1621 1386 eundem
1647 1365 1720 1385 can-

95 1407 254 1438 cellarium
273 1418 329 1439 seu
347 1418 579 1450 quemeumque
596 1408 691 1439 alium
710 1409 741 1439 in
759 1408 879 1440 eisdem
897 1408 1089 1443 civitatibus,
1114 1408 1207 1439 terris
1233 1411 1265 1438 et
1282 1408 1359 1438 locis
1384 1418 1440 1438 seu
1457 1417 1515 1447 per
1533 1409 1720 1448 potestates,

97 1459 294 1501 capitaneos,
326 1460 525 1491 consiliarios
550 1464 582 1491 et
607 1461 786 1491 eommunia
815 1470 871 1491 seu
901 1460 980 1490 alios
1008 1460 1153 1490 homines
1184 1460 1326 1501 ipsorum
1356 1459 1535 1495 civitatum,
1569 1462 1721 1488 terrarum

95 1513 187 1552 atque
216 1511 356 1542 locorum
385 1515 506 1551 actum,
538 1515 663 1553 gestum
699 1516 730 1542 et
764 1512 986 1553 recongnitum
1018 1512 1140 1549 extitit,
1170 1511 1352 1549 remittens,
1386 1520 1553 1549 revocans,
1578 1520 1719 1547 cassans,

97 1563 259 1602 anullans,
284 1564 428 1597 irritans,
454 1574 562 1604 cassa,
587 1564 675 1594 nulla
700 1567 731 1595 et
754 1564 843 1594 irrita
867 1564 1017 1594 nuntians
1041 1573 1078 1594 ac
1103 1562 1250 1593 omnibus
1276 1562 1393 1592 viribus
1418 1572 1576 1599 vacuans,
1601 1560 1721 1591 eisdem

96 1615 323 1656 potestatibus,
358 1616 548 1657 capitaneis,
591 1616 732 1647 consiliis
766 1619 798 1646 et
831 1615 1052 1646 communibus
1087 1625 1123 1645 ac
1153 1614 1223 1644 aliis
1258 1614 1415 1644 universis
1451 1616 1482 1643 et
1512 1612 1643 1653 singulis
1679 1622 1719 1642 ex

97 1670 185 1706 parte
219 1670 274 1698 tua
305 1668 411 1698 omnia
445 1671 476 1698 et
511 1668 636 1708 singula
670 1667 814 1708 predicta
849 1670 880 1698 et
910 1666 972 1697 alia
1004 1667 1034 1696 in
1058 1666 1154 1706 regiis
1185 1668 1333 1696 contenta
1360 1665 1475 1695 litteris
1503 1663 1660 1694 nuntiavit
1689 1666 1720 1693 et

96 1717 307 1750 denuntiando
333 1719 519 1750 sollicitavit
543 1723 575 1750 et
598 1718 724 1749 induxit
748 1718 898 1754 eosdem,
924 1718 1007 1759 quod
1032 1720 1175 1748 nostrum
1201 1721 1232 1748 et
1256 1716 1400 1747 eiusdem
1425 1716 1560 1747 ecclesie
1586 1725 1718 1755 recong-

97 1773 265 1802 noscentes
291 1770 475 1810 dominium,
501 1770 592 1801 nobis
617 1774 649 1801 et
673 1770 777 1802 eidem
805 1771 939 1801 ecclesie
958 1772 1109 1810 tanquam
1133 1779 1208 1799 vero
1232 1768 1357 1799 domino
1382 1768 1412 1798 in
1438 1767 1583 1798 omnibus
1608 1769 1640 1796 et
1664 1776 1721 1806 per

97 1821 208 1860 omnia,
233 1823 315 1853 sicut
332 1822 460 1861 debent,
486 1822 647 1861 obediant,
671 1824 806 1863 pareant
830 1825 862 1852 et
886 1821 1062 1858 intendant,
1087 1824 1182 1861 prout
1206 1820 1264 1850 hcc
1290 1820 1394 1850 onmia
1411 1822 1443 1850 et
1465 1819 1528 1849 alia
1552 1819 1582 1848 in
1605 1818 1719 1847 instru-

97 1874 208 1905 mentis
225 1874 359 1916 publicis
383 1874 456 1905 inde
474 1874 627 1905 confectis
639 1874 660 1911 2,
684 1877 814 1905 tenores
838 1884 970 1914 quorum
996 1884 1052 1914 per
1076 1871 1212 1903 eundem
1237 1872 1366 1902 fratrem
1390 1871 1446 1901 tibi
1474 1869 1719 1907 transmisimus,

97 1928 128 1956 et
151 1925 182 1955 in
205 1925 275 1956 aliis
299 1926 416 1956 nostris
441 1926 499 1956 tibi
523 1925 653 1957 directis
678 1926 791 1956 litteris
817 1925 968 1955 seriosius
1002 1924 1212 1955 continentur.
1302 1922 1350 1963 (4)
1373 1922 1439 1953 Nos
1464 1924 1585 1959 autem,
1611 1924 1644 1950 ut
1668 1923 1721 1950 tue

98 1977 276 2008 serenitatis
300 1977 468 2018 integritas
492 1977 662 2015 reluceret,
687 1977 868 2018 petivimus,
895 1976 979 2017 quod
1004 1980 1037 2006 tu
1061 1976 1218 2018 premissa
1243 1974 1348 2005 onmia
1372 1977 1403 2004 et
1428 1973 1552 2014 singula
1576 1983 1632 2013 per
1649 1982 1720 2013 spe-

99 2028 188 2059 cialia
214 2029 380 2070 privilegia
405 2029 507 2070 regali
530 2039 628 2060 aurea
651 2028 737 2059 bulla
760 2028 881 2059 munita
905 2027 1052 2058 distincte
1078 2037 1364 2068 recongnosceres,
1394 2025 1584 2061 ratificat-es,
1609 2024 1721 2054 confir-

97 2089 219 2119 mares,
242 2080 410 2111 innovares
434 2084 466 2111 et
489 2080 528 2111 de
552 2090 633 2111 novo
658 2079 861 2117 concederes,
886 2079 993 2110 omnia
1017 2079 1172 2120 corporali
1197 2078 1331 2119 prestito
1356 2077 1533 2107 iuramento
1558 2076 1721 2114 firmando,

99 2133 129 2161 et
153 2131 221 2173 ipsa
245 2132 411 2173 privilegia
436 2143 532 2173 super
555 2132 615 2162 hiis
640 2135 672 2163 et
695 2132 765 2162 aliis
800 2132 831 2161 in
867 2130 988 2162 eisdem
1019 2130 1135 2161 nostris
1167 2129 1324 2160 contentis
1357 2129 1470 2159 litteris
1501 2128 1540 2159 de
1570 2131 1623 2158 tua
1647 2139 1720 2158 con-

100 2192 251 2223 expresso
290 2183 438 2214 mandato
480 2184 656 2225 conscripta
692 2183 814 2214 faceres
852 2193 949 2213 aurea
988 2182 1075 2213 bulla
1113 2182 1236 2223 typario
1272 2184 1323 2211 tue
1356 2180 1533 2210 maiestatis
1566 2180 1723 2220 impressa

100 2234 228 2265 scientia
245 2238 276 2266 et
299 2236 414 2266 muniri
436 2236 568 2277 ipsaque
594 2235 633 2265 ad
656 2238 844 2276 perpetuam
868 2234 1060 2265 soliditatem
1083 2236 1114 2264 ct
1136 2232 1359 2264 certitudinem
1381 2232 1555 2273 pleniorem
1580 2231 1668 2261 nobis
1692 2235 1723 2261 ct

99 2285 158 2326 ipsi
183 2285 316 2317 ecclesie
341 2287 399 2317 sub
424 2287 542 2324 formis,
571 2297 650 2327 quas
680 2297 736 2328 per
764 2286 901 2317 eundem
925 2286 1055 2316 fratrem
1079 2284 1137 2315 tibi
1166 2284 1399 2314 transmisimus
1412 2283 1434 2321 ³,
1458 2282 1614 2314 exhiberi.
1674 2282 1721 2312 Tu

101 2346 174 2368 vero
197 2337 427 2369 benedictionis
452 2338 621 2379 alumpnus
646 2338 829 2380 apostolicis
854 2337 1066 2379 beneplacitis
1091 2340 1122 2367 te
1148 2336 1365 2373 conformans,
1397 2335 1502 2375 aliqua
1531 2344 1572 2364 ex
1602 2332 1721 2364 eisdem

100 2388 272 2430 privilegiis
307 2389 399 2420 nobis
430 2401 487 2431 per
517 2390 646 2421 eosdem
678 2390 809 2421 fratrem
847 2393 878 2420 et
906 2388 1180 2430 prothonotarium
1211 2386 1417 2423 destinasti&
1447 2396 1543 2427 super
1574 2395 1635 2425 quo
1668 2387 1720 2414 tue

99 2439 355 2481 promptitudinis
396 2441 534 2472 studium
565 2442 786 2483 multipliciter
829 2442 859 2471 in
894 2441 1032 2471 Domino
1069 2438 1338 2470 commendamus.
1384 2437 1503 2468 Verum
1538 2436 1611 2476 quia
1644 2446 1720 2465 non-

99 2491 201 2530 nulla,
231 2501 290 2532 que
322 2503 378 2534 per
401 2504 459 2523 nos
490 2493 634 2524 ordinata
665 2494 808 2531 fuerant,
840 2497 871 2523 et
901 2492 1040 2523 maxime
1070 2491 1298 2532 prestationem
1327 2488 1497 2520 iuramenti
1529 2488 1660 2528 petitam
1691 2489 1721 2516 ct

102 2551 265 2573 assensum
290 2545 467 2586 principum
486 2545 606 2575 omissa
623 2545 847 2586 comperimus,
872 2544 1023 2575 dilectum
1041 2543 1139 2573 filium
1158 2541 1326 2572 Giffridum
1346 2541 1384 2571 de
1401 2539 1549 2579 Anagnia
1566 2538 1720 2568 decanum

101 2593 235 2624 ecclesie
278 2596 378 2627 sancti
411 2596 587 2627 Audomari
622 2596 812 2627 Morinensis
850 2595 985 2626 diocesis
1023 2594 1224 2635 capellanum
1262 2595 1404 2623 nostrum
1440 2590 1479 2621 ad
1512 2594 1542 2619 te
1574 2590 1720 2620 duximus

102 2643 339 2685 destinandum,
371 2651 405 2678 ut
433 2648 641 2688 suppleantur
671 2648 790 2677 omissa
820 2650 851 2677 et
881 2647 987 2677 omnia
1012 2644 1171 2675 soliditate
1197 2643 1305 2674 debita
1334 2642 1568 2683 compleantur,
1604 2643 1634 2669 ct
1667 2650 1720 2680 pro

200 2712 262 2738 216.
282 2715 305 2745 ²³)
323 2717 496 2740 anfranctibus
515 2726 534 2739 c.

206 2766 229 2794 1)
248 2766 336 2798 Supra
356 2770 463 2793 nr.184.
479 2771 530 2793 165.
610 2768 635 2799 2)
656 2774 694 2791 nr.
710 2770 767 2792 2¹00.
787 2771 840 2791 201.
920 2767 946 2792 3'.
970 2766 1007 2796 Cf.
1022 2772 1102 2796 supra
1123 2771 1163 2788 nr.
1179 2766 1228 2788 Ιιιΐ.
1300 2763 1324 2787 4,»
1345 2762 1375 2786 .’1.
1395 2764 1459 2785 :25³2
1473 2768 1503 2785 m.
1518 2758 1665 2790 §lurconum-1¹,
1686 2760 1719 2789 cf.

53 2811 78 2831 30
103 2813 181 2839 supra
201 2815 240 2834 nr.
253 2812 393 2835 eoo-201¹.
