2259 3164
158 719 181 737 10

153 1231 178 1250 20

154 1499 177 1518 25

153 1765 177 1785 30

152 2022 176 2041 3⁵

150 2334 176 2353 40

149 2603 174 2623 45

337 155 433 182 ACTA
453 156 549 186 QUAE
570 158 616 183 AD
637 158 849 185 PONTIFICES
870 160 1042 187 ROMANOS
1063 162 1259 189 SPECTANT.
1299 165 1370 191 1237.
1409 167 1454 192 ΝΥ.
1469 167 1526 192 62ῑῖ.
1545 168 1602 193 624.
1779 172 1839 201 599

202 243 338 275 eundem
363 242 525 273 dominum
552 243 695 283 legatum
722 245 824 283 nobis,
853 246 997 277 ecclesiis
1021 251 1053 277 et
1076 251 1276 279 monasteriis
1300 252 1414 281 nostris
1439 252 1545 283 inferri
1571 254 1731 291 timemus,
1761 266 1796 285 ac
1821 266 1839 285 a

202 294 469 326 cominacionibus
493 294 524 324 in
548 294 640 325 dictis
664 295 777 326 litteris
802 297 968 337 contentis,
1036 302 1067 328 et
1091 300 1163 339 quia
1188 301 1251 331 iam
1276 301 1377 331 dictus
1402 302 1546 333 dominus
1568 304 1691 345 legatus
1715 306 1838 346 copiam

201 345 398 377 auctoritatis
421 355 491 381 sue,
527 346 553 375 si
580 356 675 386 quam
703 346 816 385 habet7
844 347 935 377 nobis
965 359 1026 378 non
1055 349 1130 379 feeit
1159 361 1216 381 nec
1241 352 1394 383 exhibere
1425 355 1546 384 curavit
1570 356 1636 395 ipse
1662 356 1711 386 vel
1735 358 1839 387 nuncii

201 397 353 436 eiusdem,
378 406 473 436 super
495 396 555 427 hoc
579 397 740 428 humiliter
763 399 989 429 instantissime
1015 404 1046 430 et
1069 401 1175 441 sepius
1198 404 1357 442 requisiti,
1381 405 1518 435 scientes
1542 417 1608 445 nos,
1632 408 1783 438 ccclesias
1808 412 1839 438 et

199 449 392 480 monasteria
416 451 523 478 nostra
541 453 750 489 pregravatos
768 452 799 479 et
816 454 1034 490 pregravatas,
1060 454 1092 481 et
1115 462 1153 481 ne
1172 452 1257 483 idem
1275 453 1420 485 dominus
1438 455 1580 496 legatusp
1606 457 1689 499 [ad]q
1706 470 1837 499 suspen-

199 501 304 538 sionis,
335 500 677 530 excommunicacionis
708 501 738 530 in
762 511 916 541 personas
940 506 1064 532 nostras
1097 506 1129 533 et
1152 504 1311 535 interdicti
1341 506 1371 535 in
1403 507 1553 538 ecclesias
1584 513 1616 539 ct
1646 510 1839 540 monasteria

198 554 351 582 nostram
368 551 542 581 sententias
558 552 609 581 vel
630 551 671 581 ad
695 551 773 582 alias
790 562 889 592 penas
907 556 1017 583 contra
1034 564 1100 591 nos,
1123 555 1275 585 eeclesias
1291 556 1341 586 vel
1359 560 1561 597 monasteria,
1587 564 1703 591 terram
1720 561 1838 591 domini

198 604 296 634 nostri
320 606 352 633 et
374 606 513 633 nostram
538 603 702 643 procedat,
813 607 922 633 contra
947 605 1050 645 ipsum
1075 605 1237 636 dominum
1263 607 1404 647 legatum
1429 609 1469 639 ad
1493 610 1602 640 sedem
1628 612 1838 651 apostolicam

198 664 407 697 provocamus
431 653 510 696 [et]‘³
534 656 631 685 etiam
654 655 854 696 appellamus
877 657 907 687 in
931 656 992 686 hiis
1016 657 1150 697 scriptis,
1175 669 1231 688 nos
1255 663 1287 689 ct
1311 660 1462 691 ecclesias
1487 666 1609 693 nostras
1633 674 1703 694 cum
1728 664 1838 694 rebusr

201 705 277 748 [eth
299 707 443 747 personis
467 707 656 746 protectioni
680 706 764 737 sedis
788 708 964 748 apostolice
989 709 1216 749 supponendo,
1241 713 1272 740 et
1296 714 1518 750 protestamur,
1549 714 1632 754 quod
1657 715 1837 746 huiusmodi

198 758 461 799 provocacionem
485 760 517 788 et
534 757 789 798 appellacionem
814 759 845 788 in
862 760 1023 799 presentia
1040 759 1159 790 domini
1182 760 1280 801 legati
1298 762 1432 801 predicti
1456 765 1558 803 parati
1576 775 1716 796 essemus
1740 767 1836 796 inter-

198 819 327 850 ponere,
352 810 376 839 si
399 810 467 839 eius
485 809 610 849 copiam
628 809 830 841 haberemus.
866 810 908 840 Et
932 821 1027 851 quam
1052 812 1113 842 cito
1139 812 1206 842 eius
1231 813 1356 853 copiam
1380 814 1500 845 habere
1526 818 1709 856 poterimus,
1734 818 1836 858 ipsam

198 870 305 891 coram
329 870 367 891 eo
391 861 631 901 interponemus
656 864 688 891 et
711 860 866 892 faciemus
891 865 923 892 et
947 862 1083 892 eandem
1108 863 1328 894 innovabimus
1360 875 1418 904 per
1447 876 1503 896 nos
1531 878 1586 897 sen
1615 872 1837 908 procuratores

197 915 318 942 nostros
341 912 373 941 in
398 912 483 942 omni
506 912 554 942 sui
578 912 690 950 forma,
715 916 809 952 prout
832 914 977 953 superius
1002 917 1050 944 est
1067 924 1264 954 expressum.
1300 915 1423 946 Dantes
1440 916 1614 957 Got(frido)
1632 920 1691 949 hoc
1709 920 1836 950 nomine

168 975 179 992 5
198 964 312 994 clerico
330 963 513 994 Coloniensi
529 963 701 995 exhibitori
718 965 924 1004 presentium,
949 975 1044 1005 quem
1062 965 1168 1005 quoad
1192 966 1253 996 hoc
1272 968 1411 998 omnium
1429 972 1570 999 nostrum
1595 974 1626 1000 et
1643 971 1835 1011 singulorum

196 1018 441 1056 procuratorem.
458 1018 601 1046 nostrum
626 1017 859 1053 constituimus,
885 1016 1017 1047 facimus
1042 1022 1073 1047 et
1098 1017 1297 1055 ordinamus,
1322 1022 1515 1059 potestaten]
1540 1025 1571 1051 et
1595 1022 1724 1062 plenum
1746 1033 1835 1053 man-

197 1066 319 1106 datum,
348 1070 383 1096 ut
412 1066 593 1097 huiusmodi
622 1068 886 1108 provocacionem
919 1071 950 1098 et
974 1068 1229 1109 appellacionem
1262 1080 1369 1100 coram
1399 1071 1542 1111 predicto
1568 1072 1694 1103 domino
1718 1073 1836 1113 legato.

195 1118 222 1148 si
252 1121 284 1148 et
311 1128 381 1149 cum
411 1119 478 1148 eius
502 1119 627 1159 copiam
659 1118 778 1149 habere
807 1120 960 1159 potuerit,
995 1124 1026 1150 et
1055 1130 1162 1150 coram
1192 1121 1323 1161 prelatis
1354 1125 1386 1152 et
1415 1123 1558 1163 collegiis
1586 1124 1836 1165 quibuscumque

195 1170 227 1200 in
260 1169 406 1200 omnibus
430 1169 516 1204 locis,
546 1170 601 1200 ubi
631 1170 785 1211 expedire
813 1171 942 1211 viderit,
978 1171 1106 1202 innovet
1139 1175 1172 1202 et
1206 1183 1262 1212 pro
1293 1172 1385 1203 nobis
1418 1174 1564 1204 omnibus
1599 1178 1631 1205 et
1654 1176 1784 1215 singulis
1819 1187 1837 1206 a

195 1221 366 1251 vocacione
397 1231 454 1251 seu
485 1221 655 1259 citacione‚
684 1232 836 1262 processu
867 1226 898 1252 et
934 1222 1085 1253 mandato
1115 1226 1147 1253 et
1179 1224 1395 1254 cominacione
1428 1225 1578 1265 predictis
1608 1225 1692 1267 [ad]‘³
1727 1227 1836 1257 sedem

196 1272 403 1313 apostolicam
427 1273 459 1303 in
482 1273 606 1313 scriptis
631 1276 783 1313 provocet
808 1276 840 1303 et
856 1273 1007 1314 appellet.
1052 1273 1170 1304 Ratum
1196 1283 1227 1304 et
1251 1278 1377 1315 gratum
1401 1275 1549 1313 habituri,
1575 1277 1727 1317 quidquid
1751 1277 1836 1308 idem

195 1328 382 1365 procurator
404 1335 460 1365 pro
485 1324 577 1355 nobis
601 1328 634 1355 et
656 1325 784 1355 nomine
808 1329 915 1356 nostro
940 1326 1053 1356 fecerit
1076 1327 1107 1356 in
1130 1327 1301 1366 premissis.

300 1375 337 1406 In
361 1376 449 1406 cuius
472 1376 519 1406 rei
543 1376 760 1406 testimonium
788 1387 919 1417 presens
951 1378 1102 1418 scriptum
1127 1377 1231 1418 sigillo
1263 1377 1398 1408 ecclesie
1429 1378 1628 1409 Coloniensis
1655 1380 1696 1410 ad
1725 1390 1835 1411 causas

195 1426 327 1458 fecimus
351 1428 547 1458 communiri.

302 1491 343 1522 Et
366 1503 423 1523 nos
454 1492 494 1523 N.
518 1492 580 1523 Dei
603 1493 711 1533 gracia
735 1492 933 1523 Coloniensis
957 1493 1216 1534 archiepiscopus
1245 1497 1473 1534 protestantes,
1503 1494 1586 1534 quod
1616 1495 1691 1526 dicti
1720 1496 1835 1536 prelati

197 1546 228 1573 et
260 1543 395 1574 ecclesie
425 1544 608 1574 huiusmodi
637 1544 893 1585 appellacionem
930 1548 963 1575 et
994 1546 1260 1585 provocacionem
1289 1556 1396 1577 coram
1429 1545 1520 1576 nobis
1555 1550 1586 1576 et
1614 1547 1645 1577 in
1674 1548 1831 1587 presentia

195 1598 302 1626 nostra
324 1596 356 1626 in
380 1596 465 1626 omni
489 1597 536 1626 sui
560 1596 673 1636 forma,
696 1600 791 1637 prout
815 1598 960 1637 superius
984 1601 1034 1627 est
1058 1608 1260 1638 expressum,
1284 1608 1342 1638 per
1365 1608 1399 1628 se
1424 1601 1457 1628 et
1479 1601 1718 1638 procuratorem
1743 1609 1832 1629 suum

194 1647 371 1687 predictum
394 1648 643 1688 interposuerint
666 1651 698 1678 et
720 1648 939 1679 innovaverint
969 1649 1176 1688 protestando
1206 1652 1241 1679 ut
1265 1653 1313 1680 est
1336 1650 1524 1690 premissum
1549 1653 1581 1679 ct
1603 1649 1666 1679 alia
1687 1649 1832 1680 faciendo

195 1708 255 1739 que
287 1699 432 1739 superius
463 1700 678 1739 continentur,
702 1699 840 1740 sigillum
864 1704 1005 1730 nostrum
1030 1704 1062 1731 et
1085 1704 1244 1731 secretum
1273 1701 1390 1741 apponi
1414 1701 1546 1731 fecimus
1571 1700 1642 1730 huic
1666 1701 1791 1741 scripto.

300 1762 367 1793 Nos
392 1763 488 1793 etiam
512 1763 638 1804 prelati,
663 1763 803 1804 capitula
827 1774 883 1793 seu
905 1764 1042 1805 collegia
1060 1764 1277 1803 ecclesiarum,
1302 1764 1447 1799 abbates,
1469 1765 1591 1805 priores
1615 1768 1646 1794 et
1663 1768 1834 1795 conventus

194 1815 458 1845 monasteriorum
483 1814 619 1855 predicti
642 1815 746 1855 sigilla
763 1819 879 1852 nostra,
904 1815 1111 1846 ecclesiarum
1137 1820 1168 1846 et
1192 1817 1456 1846 monasteriorum
1480 1819 1674 1847 nostrorum.
1699 1827 1831 1856 quorum

194 1866 296 1907 sigilla
324 1865 458 1896 comode
487 1866 599 1896 haberi
631 1870 794 1907 poterant,
834 1867 947 1907 quibus
978 1878 1033 1897 nos
1064 1867 1126 1903 aliiq
1157 1878 1289 1908 quorum
1318 1867 1421 1908 sigilla
1454 1868 1653 1908 presentibus
1677 1878 1738 1897 non
1762 1872 1833 1897 sunt

195 1928 350 1958 appensa,
378 1918 517 1948 contenti
541 1928 649 1947 sumus
680 1918 711 1948 in
738 1918 797 1948 hac
826 1922 927 1958 parte7
952 1919 982 1948 in
1014 1919 1229 1949 testimonium
1261 1919 1399 1949 omnium
1429 1919 1654 1959 premissorum
1684 1918 1831 1948 duximus

194 1969 394 2010 presentibus
418 1969 619 2009 apponenda.

299 2022 414 2051 Actum
440 2024 472 2050 et
495 2020 692 2061 appellatum
718 2024 776 2050 etc.

400 2122 477 2154 6⁶24.
515 2122 832 2154 PROTESTATJO
856 2122 1121 2154 ECCLESJAE
1140 2123 1412 2154 MINDENSIS.
1459 2124 1549 2154 Febr.
1573 2125 1623 2153 23.

298 2173 455 2205 Ecclesiae
483 2174 703 2213 suffroyaneae
733 2175 985 2213 protestationis,
1013 2184 1093 2213 quae
1120 2175 1192 2205 ‘item
1221 2175 1328 2213 manni
1356 2175 1500 2205 momenti
1527 2171 1583 2211 est,
1616 2174 1830 2213 autoyrapbou

194 2223 265 2255 olim
293 2225 488 2256 bibliothecae
512 2226 669 2265 yymnasii
699 2225 891 2256 Coloniensis
922 2226 997 2255 dicti
1029 2229 1082 2256 ‘an
1109 2225 1299 2262 Mareellew',
1329 2236 1414 2256 mme
1442 2226 1476 2256 in
1507 2225 1662 2256 tabulario
1692 2225 1830 2255 civitatis

193 2278 397 2308 asservatur&
434 2277 580 2316 Sigillum
604 2277 694 2314 deest,
718 2277 782 2307 loro
805 2277 1036 2307 membranaceo
1059 2276 1173 2307 relicta
1209 2277 1333 2307 Publici
1357 2278 1440 2307 iuris
1459 2278 1533 2315 feeit
1548 2278 1613 2307 iam
1635 2288 1719 2307 (marzo
1736 2278 1827 2307 11382.

196 2327 360 2358 Cardauns
382 2328 542 2359 ‘Annalem
565 2328 616 2359 (les
631 2328 836 2359 historischen
866 2328 991 2358 Vereins
1009 2328 1070 2368 fiir
1092 2328 1151 2358 den
1172 2328 1388 2359 Nieclerrhein’
1408 2328 1509 2359 XXX
1518 2328 1611 2365 VIII,
1626 2330 1667 2358 34
1690 2339 1737 2358 nr.
1755 2329 1795 2356 40¹
1805 2328 1827 2359 2'.

194 2378 257 2410 Sed
276 2380 358 2411 viros
380 2381 483 2411 doctos
507 2381 543 2411 de
566 2380 624 2410 hae
647 2391 680 2410 re
702 2381 886 2411 disserentes
909 2391 1013 2411 omnes
1034 2380 1137 2410 ocllme
1160 2380 1282 2410 latebat.
1320 2380 1419 2411 Nobis
1435 2380 1613 2418 petentibus
1635 2380 1734 2409 (lenm)
1757 2388 1827 2409 eon-

193 2430 265 2461 tulit
285 2432 334 2462 vir
356 2432 384 2463 d.
401 2431 444 2463 H.
462 2433 615 2464 Keussen.
664 2433 705 2462 In
727 2432 810 2463 linea
834 2431 1045 2471 elzronoloyiea
1067 2431 1160 2462 stilus
1176 2432 1340 2471 paschalis
1362 2432 1522 2462 adhibitus
1545 2442 1607 2461 esse
1630 2431 1760 2461 videtmx

1537 2482 1590 2519 (P.
1613 2482 1719 2517 deest.)

295 2542 546 2574 Honorabilibus
570 2544 705 2574 dominis
730 2544 870 2584 prelatis,
896 2544 1062 2583 prioribus7
1086 2544 1242 2584 capitulis,
1272 2543 1415 2583 collegiis
1440 2546 1472 2572 et
1495 2541 1699 2572 conventibus
1724 2541 1825 2570 eccle-

193 2593 308 2625 siarum
336 2599 368 2625 et
390 2596 655 2626 monasteriorum
684 2595 819 2625 civitatis
850 2600 882 2625 et
910 2595 1054 2635 dyocesis
1080 2594 1277 2625 Coloniensis
1344 2594 1510 2634 prepositi,
1544 2592 1668 2624 decani,
1702 2592 1824 2632 prelati,

291 2670 356 2697 623.
384 2674 408 2703 P)
427 2674 539 2704 sequitur
558 2673 652 2696 lacuna
671 2672 753 2696 decem
773 2672 915 2696 litterarum
935 2673 966 2696 Α,
1048 2672 1071 2702 ι1)
1096 2672 1161 2696 deest
1181 2673 1212 2696 A.
1293 2673 1312 2695 Γ)
1333 2680 1411 2702 supra
1432 2671 1523 2694 lincam
1540 2670 1569 2693 Α.
1649 2670 1667 2699 ⁹)
1688 2673 1825 2699 sequuntur

196 2717 325 2738 terram—
338 2724 511 2748 provocamus,
532 2716 575 2740 sed
593 2716 674 2740 ‹lelela
695 2716 725 2739 A.

294 2773 317 2805 1)
340 2773 380 2804 Cf.
401 2774 616 2806 ΚΙῑίίῐΐΙιεἰῖιινιῃνπ
635 2782 685 2798 aus
703 2773 759 2798 (lem
780 2772 950 2798 Stmltarebiv
970 2780 1016 2797 ron
1039 2772 1118 2797 Koba*
1139 2772 1190 2802 IX,
1212 2777 1264 2798 125.
1370 2772 1395 2795 2¹1
1421 2770 1469 2794 l'bi
1487 2770 1576 2794 datum
1597 2770 1660 2794 male
1680 2768 1822 2794 indicatur.
