2259 3116
428 122 467 151 64
743 118 898 145 RUDOLFI
916 117 1022 145 Rufus
1041 118 1360 145 CONSTITUTIONEs.
1398 117 1471 143 1274.
1492 117 1564 143 1275.
1601 117 1647 142 Nr.
1661 117 1701 142 76.
1714 117 1754 142 77.

534 207 619 237 Dum
652 206 822 243 beneficia,
858 216 919 247 que
957 205 996 236 de
1026 206 1178 237 uberibus
1209 205 1319 236 matris
1353 205 1491 236 ecclesie
1522 215 1579 246 per
1610 214 1719 235 sacras
1749 214 1862 235 manus
1886 207 2010 235 vestras
2039 204 2070 234 in

428 259 526 290 multa
542 257 763 289 habundantia
784 258 845 288 iam
863 257 999 288 dulciter
1015 258 1154 299 gustavi,
1181 258 1277 288 immo
1295 257 1387 299 plene
1404 257 1511 298 recepi
1536 260 1569 287 ct
1585 256 1711 298 plenius
1737 255 1776 287 dc
1794 256 1941 287 ubertate
1966 257 2070 297 gratie

429 314 535 341 vestre
566 320 615 340 me
639 313 844 350 recepturum
871 320 982 351 spero,
1017 310 1153 340 sollicite
1179 309 1361 346 considero,
1396 308 1435 339 ad
1460 308 1521 339 Dei
1552 312 1583 338 et
1615 308 1715 349 ipsius
1740 308 1877 338 ecclesie
1902 319 1938 339 ac
1963 311 2072 339 vestra

428 363 631 404 beneplacita
656 365 688 393 et
714 362 852 392 servicia
876 362 1002 392 animus
1027 372 1118 393 meus
1145 365 1230 392 totus
1256 361 1465 392 inardescens
1491 361 1536 390 ita
1560 359 1710 391 ardenter
1734 359 1794 390 ada
1817 360 1875 391 illa
1899 359 2070 394 desiderat,

428 416 509 445 sicut
533 425 646 445 cervus
671 413 711 444 ad
735 414 841 444 fontes
868 424 1022 455 aquarum
1035 415 1053 444 ¹.
1102 413 1240 455 Propter
1275 412 1359 453 quod
1393 423 1443 442 me
1472 412 1617 442 totaliter
1645 411 1789 453 disposui
1819 414 1851 442 et
1881 422 1952 442 cum
1986 413 2069 443 omni

428 466 586 497 desiderio
611 469 742 508 paratus
768 476 897 507 semper
922 465 1057 496 inveniri
1083 465 1187 506 cupio,
1212 468 1247 495 ut
1272 465 1326 495 illa
1351 464 1515 495 efficacius
1539 464 1665 494 valeam
1690 474 1891 505 promovere.
1931 463 2070 505 Spei-ans

428 520 523 559 igitur
551 522 581 549 et
613 517 778 549 confidens
809 518 840 548 in
865 516 1018 557 Dbmino,
1055 517 1138 558 quod
1167 517 1229 548 hoc
1258 520 1346 548 tanto
1377 517 1487 547 utilius
1512 517 1618 547 facere
1648 520 1777 558 potere,
1813 518 1931 557 quanto
1961 516 1992 546 in
2020 527 2071 547 me

428 570 628 602 consumatio
654 573 760 601 vostre
785 570 886 611 gratie
912 569 1026 600 clarius
1053 569 1199 609 fulgebit,
1226 569 1316 599 mitto
1341 568 1380 599 ad
1398 568 1498 610 pedes
1517 568 1698 599 sanctitatis
1725 571 1830 599 vestre
1847 567 2071 599 honorabilem

427 626 459 653 et
487 622 677 664 prudentem
701 622 803 652 virum
833 621 1008 652 liudolfum
1039 621 1159 662 regalis
1189 621 1261 651 aule
1292 631 1363 651 mee
1396 621 1643 658 cancellarium,
1678 619 1861 650 Com-adum
1894 619 2007 651 ducem
2032 620 2071 651 de

427 675 549 705 Teehia
579 674 756 716 principem
789 684 896 704 meum
934 674 1110 709 illustrem,
1153 673 1345 715 prudentum
1377 673 1476 703 virum
1514 672 1646 703 Petrum
1681 672 1818 703 electum
1851 671 2068 703 Basiliensem

428 727 744 768 circumspectosque
775 729 808 757 et
838 726 1008 766 religiosos
1039 726 1136 761 viros.
1174 725 1348 755 familiares
1384 735 1470 755 meos
1507 724 1638 755 fratrem
1670 724 1902 765 Berengerium
1934 724 2072 765 priorem

428 779 548 809 ordinis
574 778 753 818 Hospitalis
778 778 881 808 sancti
906 777 1059 808 Iohannis
1088 777 1360 808 lherosolimitani
1392 788 1449 819 per
1473 777 1702 808 Alemanniam
1728 780 1760 807 et
1783 777 1913 808 fratrem
1939 776 2072 808 Heinri-

428 842 498 862 cum
524 830 642 861 ordinis
667 830 800 860 fratrum
827 829 988 860 Minorum
1013 830 1168 860 lectorem
1195 829 1226 860 in
1246 829 1414 870 Maguntia
1437 840 1527 860 meos
1553 829 1682 860 nuntios
1708 840 1745 860 ac
1769 829 1857 870 ipsos
1880 839 1971 860 meos
1997 839 2070 860 con-

428 883 526 913 stituo
551 886 787 924 procuratores.
822 881 912 912 Dans
937 882 983 913 eis
1009 885 1041 912 et
1058 882 1229 923 unicuique
1247 882 1389 923 ipsorum
1414 881 1444 911 in
1471 881 1617 917 solidum.
1647 881 1691 912 ita
1715 881 1799 922 quod
1824 891 1885 911 non
1911 881 1952 912 sit
1976 891 2071 912 occu-

428 935 533 977 pantis
557 934 669 965 melior
693 933 833 964 conditio
844 933 866 965 2.
893 934 1034 975 speciale
1060 933 1244 964 mandatum
1275 936 1306 964 et
1336 934 1464 975 plenam
1496 944 1532 964 ac
1564 933 1697 964 liberam
1728 936 1923 974 potestatem
1949 933 2070 974 suppli-

429 986 521 1018 candi
544 987 670 1017 nomine
695 996 767 1016 meo
792 986 958 1017 humiliter
982 989 1013 1016 et
1038 986 1196 1016 instanter
1221 986 1384 1016 sanctitati
1409 989 1533 1025 vestre,
1562 988 1596 1016 ut
1627 996 1676 1016 me
1701 985 1853 1016 devotum
1877 984 1975 1015 filium
2000 995 2070 1016 ves-

428 1042 511 1069 trum
536 1038 574 1069 ad
598 1038 797 1076 unctionem,
823 1038 1097 1069 consecrationem
1123 1041 1154 1068 et
1178 1038 1305 1079 imperii
1336 1037 1496 1079 dyadema
1528 1040 1700 1078 ceteraque
1729 1038 1827 1078 ipsius
1857 1037 1982 1079 imperii
2011 1037 2072 1067 sol-

429 1089 590 1132 lempniab
614 1090 654 1121 de
678 1089 781 1120 beatis
806 1090 993 1131 apostolicis
1022 1090 1170 1120 manibus
1201 1089 1388 1131 recipienda
1420 1090 1451 1120 in
1482 1090 1566 1120 alma
1596 1089 1675 1120 urbe
1699 1088 1847 1120 Romana
1878 1089 1909 1119 in
1939 1089 2074 1120 basilica

427 1142 578 1183 principis
603 1142 820 1183 apostolorum
845 1141 1021 1172 secundum
1046 1141 1226 1172 laudabiles
1251 1142 1351 1183 ipsius
1375 1141 1512 1172 ecclesie
1549 1144 1580 1172 et
1614 1140 1759 1172 eiusdem
1784 1141 1911 1182 imperii
1935 1151 2071 1172 consue-

429 1194 556 1225 tudines
587 1195 737 1225 celeriter
761 1204 875 1224 vocare
905 1193 1080 1235 dignemini
1113 1198 1144 1225 et
1176 1193 1215 1224 ad
1252 1193 1397 1235 predicta
1426 1193 1564 1224 celerem
1596 1193 1765 1224 terminum
1799 1193 1973 1234 assignare.
2020 1192 2071 1223 Do

429 1247 560 1288 insuper
584 1246 630 1277 eis
656 1246 752 1276 simili
777 1245 871 1276 niodo
895 1246 1035 1287 speciale
1054 1245 1239 1276 mandatum
1269 1249 1300 1276 et
1317 1245 1449 1276 liberam
1467 1248 1663 1287 potestatem
1688 1245 1727 1276 ad
1745 1245 1931 1287 petendum,
1956 1255 2071 1286 accep-

429 1298 559 1329 tandum
586 1300 617 1328 et
640 1297 860 1339 recipiendum
886 1298 1036 1328 similiter
1062 1308 1131 1328 meo
1157 1297 1286 1328 nomine
1316 1298 1489 1328 terminum
1515 1297 1734 1339 supradictum
1766 1300 1798 1328 et
1826 1296 1866 1327 ad
1890 1296 2071 1327 faciendum

429 1350 460 1381 in
484 1350 650 1392 premissis
675 1353 706 1379 et
731 1350 814 1380 eirca
838 1350 998 1391 premissa
1023 1350 1129 1380 onmia
1153 1352 1184 1379 et
1209 1349 1347 1390 singula,
1375 1360 1435 1390 que
1463 1350 1647 1380 necessaria
1673 1353 1705 1380 et
1727 1349 1819 1380 utilia
1842 1359 1913 1379 esse
1937 1352 2072 1390 possunt

431 1406 461 1432 et
486 1412 686 1443 quecumque
712 1402 779 1432 veri
805 1405 837 1432 et
862 1402 996 1442 legitimi
1021 1405 1246 1443 procuratores
1271 1401 1376 1432 facere
1401 1401 1558 1432 deberent
1582 1404 1638 1432 aut
1660 1404 1807 1442 possent,
1833 1401 1956 1431 etiamsi
1982 1411 2072 1431 man-

430 1454 539 1485 datum
564 1454 732 1495 exigerent
763 1454 920 1496 speciale,
950 1457 1053 1484 ratum
1084 1464 1134 1484 me
1163 1454 1353 1495 promittens
1384 1453 1567 1484 habiturum
1601 1457 1633 1484 et
1664 1453 1804 1491 firmum,
1835 1452 1983 1494 quicquid
2014 1463 2072 1494 per

432 1517 486 1536 eos
510 1506 561 1536 vel
587 1516 696 1536 eorum
721 1506 860 1547 aliquem
886 1509 993 1536 actum
1018 1506 1114 1536 fuerit
1138 1506 1169 1536 in
1194 1506 1369 1548 premissis
1410 1505 1446 1536 In
1472 1506 1560 1536 cuius
1579 1506 1623 1536 rei
1642 1505 1861 1536 testimonium
1885 1507 2071 1547 presentem

429 1558 689 1600 procurationem
716 1558 783 1589 fieri
809 1558 956 1588 mandavi
982 1561 1013 1589 et
1038 1558 1127 1599 regio
1153 1558 1258 1599 sigillo
1283 1558 1408 1588 muniri.

534 1609 652 1640 Datum
686 1610 771 1651 apud
804 1609 1046 1651 Nueremberg.
1082 1620 1165 1640 anno
1195 1609 1327 1639 Domini
1365 1609 1535 1640 millesimo
1576 1608 1797 1640 ducentesimo
1831 1609 2072 1651 septuagesimo

429 1665 553 1703 quarto,
577 1661 666 1692 XVI.
685 1661 757 1693 Kal.
782 1662 922 1699 Ianuar.⁷
947 1662 1037 1703 regni
1063 1672 1136 1692 vero
1161 1662 1223 1692 mei
1249 1672 1331 1692 anno
1356 1661 1509 1694 seeundo.

613 1756 664 1788 77.
695 1756 921 1787 EPISTULA
949 1756 1182 1787 GREGORH
1203 1756 1244 1787 X.
1270 1756 1392 1787 REGI
1410 1756 1560 1787 MISSA.
1607 1756 1699 1787 1275.
1736 1756 1826 1787 Febr.
1845 1758 1893 1787 15.

538 1809 685 1849 Sequa-sse·
718 1810 749 1839 in
779 1809 951 1840 collectione
980 1809 1187 1839 dictaminum
1216 1809 1356 1839 Remuli
1379 1807 1592 1847 Neapolitani.
1643 1808 1780 1839 Codicem
1806 1807 1958 1839 tabularii
1984 1807 2071 1838 I'ati-

429 1861 501 1891 rani
531 1861 592 1890 111111
629 1861 660 1891 (ἠ
687 1862 765 1891 sem·
793 1864 945 1892 sommum
976 1861 1114 1899 Reyjlstrae'
1145 1863 1215 1892 tone.
1239 1860 1319 1891 ‘2021
1346 1871 1424 1890 sace.
1452 1860 1551 1891 XIII.
1576 1870 1623 1891 ην,
1649 1861 1690 1889 83
1722 1859 1853 1890 commit
1877 1859 2072 1898 Pofjatscher.

433 1913 555 1942 (fodias
592 1912 735 1943 l'atimm'
767 1913 819 1944 las.
844 1903 929 1943 3⁴17)
959 1913 1101 1943 hessones
1134 1913 1413 1951 praem-m[simus.
1460 1912 1571 1942 Edidit
1602 1911 1733 1942 Tlle‘iner
1762 1912 1794 1942 in
1826 1911 1949 1943 ‘Codice
1976 1911 2072 1950 diplo-

430 1965 541 1994 matico
564 1965 694 1995 ‹lrmm'nii
718 1964 896 2003 tenzparulis
918 1976 941 1994 s.
960 1965 1057 1995 ,S'cdis'
1082 1965 1107 1997 I.
1124 1965 1184 1994 13⁸
1207 1975 1254 1994 m:
1272 1966 1343 1995 330¹.
1370 1983 1409 1986 —
1434 1963 1577 1994 Pottlmst
1600 1974 1648 1995 nr.
1665 1964 1779 1994 20965).
1826 1963 1971 2001 Biilzmcr,
1997 1963 2071 2003 Rey.

432 2016 504 2053 1111)».
531 2015 669 2047 11:127.
1779 2015 1832 2054 (1¹.
1857 2015 1964 2054 deest.)

538 2084 712 2114 Carissimo
739 2085 767 2114 in
794 2084 920 2114 (un-isto
945 2084 1010 2114 filio
1035 2083 1172 2114 Rudolfo
1197 2084 1266 2124 regi
1291 2084 1509 2115 Romanorum
1535 2084 1651 2115 illustri
1677 2083 1812 2114 salutem
1838 2087 1897 2115 etc.

539 2135 760 2166 Sacerdotium
803 2140 834 2166 et
870 2136 1037 2176 imperium
1073 2146 1135 2165 11011
1166 2136 1264 2166 multo
1297 2136 1426 2167 differre
1457 2137 1570 2167 merito
1604 2136 1763 2177 sapientia
1795 2136 1896 2166 civilis
1925 2135 2070 2166 asseruit.

434 2187 598 2228 Siquidem
625 2187 676 2217 illa
702 2190 863 2228 tamquam
890 2187 1031 2217 maxima
1055 2187 1139 2217 dona
1165 2187 1224 2217 Dei
1250 2198 1268 2217 a
1293 2188 1405 2218 celesti
1432 2189 1548 2219 collata
1574 2188 1745 2219 clementia
1769 2187 1917 2229 principii
1942 2187 2072 2217 coniun—

432 2240 478 2278 git
503 2238 697 2280 idemptitas.
725 2250 763 2269 ea
781 2240 871 2269 velut
896 2239 1025 2269 auxiliis
1052 2240 1168 2269 mutuis
1194 2250 1323 2281 semper
1349 2241 1477 2280 egentia
1498 2240 1640 2281 suffragii
1666 2240 1731 2270 suis
1749 2240 1831 2270 inter
1855 2239 1923 2281 ipsa
1949 2238 2072 2269 vicibus

433 2290 611 2321 alternandi
631 2291 699 2321 unit
717 2291 916 2321 neccessitas
936 2295 966 2320 et
984 2291 1023 2321 ad
1043 2292 1220 2332 perfeetum
1239 2292 1346 2322 mundi
1366 2292 1509 2332 regimen
1529 2292 1685 2327 instituta.
1710 2295 1743 2322 ut
1767 2291 1902 2322 alterum
1921 2290 2071 2321 videlicet

435 2342 656 2383 spiritualibus
682 2343 851 2377 ministret.
878 2343 1035 2384 reliquum
1056 2354 1129 2373 vero
1154 2344 1253 2385 presit
1278 2344 1437 2379 humanis,
1463 2354 1527 2374 una
1551 2347 1582 2374 et
1608 2343 1719 2374 eadem
1740 2343 1950 2374 institutionis
1975 2352 2072 2373 causa

434 2394 538 2424 tinalis
565 2394 633 2435 ipsa
657 2394 925 2435 inseparabiliter.
952 2395 1026 2424 lieet
1051 2395 1109 2425 snb
1133 2395 1381 2425 ministeriorum
1400 2395 1586 2427 diversitate
1612 2396 1781 2426 coniuncta
1805 2394 1963 2436 designat.
2004 2393 2070 2424 Ho-

435 2456 501 2475 rum
518 2446 648 2487 insuper
665 2447 900 2476 nec-cessariam
920 2447 1066 2477 unionem
1086 2447 1271 2477 alterutrius
1297 2448 1500 2478 eonsiderata
1518 2447 1659 2478 carentia
1684 2446 1850 2477 evidenter
1874 2447 2016 2477 insinuat
2040 2449 2072 2477 et

434 2498 633 2537 emergentia
659 2498 775 2527 exinde
800 2498 984 2528 discrimina
1003 2499 1221 2528 manifestant.
1262 2498 1435 2540 imperinm
1462 2510 1600 2540 namque
1625 2499 1655 2529 in
1673 2498 1849 2540 apostolice
1873 2497 1958 2528 sedis
1977 2507 2070 2528 vaca-

434 2549 519 2579 tione
545 2560 600 2579 000
625 2549 809 2579 destituitur
826 2549 983 2580 directore
1003 2550 1132 2582 salutis.
1159 2550 1295 2580 ecelesia
1315 2561 1388 2581 vero
1414 2551 1443 2580 in
1469 2551 1574 2581 throni
1593 2551 1773 2581 cessatione
1790 2549 1913 2580 cesarei
1937 2559 2069 2591 oppres-

435 2612 539 2631 sorum
566 2604 652 2642 patet
677 2601 870 2632 incursibus.
903 2602 976 2632 dum
1012 2612 1067 2631 sno
1099 2602 1268 2633 defensore
1301 2603 1453 2643 privatur.
1501 2604 1622 2633 (jurare
1653 2603 1761 2643 itaque
1791 2601 1929 2641 debent,
1958 2611 2070 2632 curare

538 2669 581 2695 'Mi-
603 2674 625 2700 n)
644 2671 676 2694 :id
696 2670 761 2693 dees!
783 2670 815 2695 Is.
905 2670 927 2700 1')
946 2672 1085 2703 solempnia
1108 2671 1136 2695 [κ’.

541 2722 561 2745 11
586 2721 624 2746 l’s.
645 2725 718 2749 Γ11,·.’.
817 2722 843 2746 ’.31
866 2722 904 2751 ‘'l'-
933 2721 993 2753 Diss.
1016 2722 1070 2749 ΙΙΙ,
1134 2726 1179 2747 512:
1207 2722 1302 2748 XLII.
1325 2727 1342 2749 l.
1362 2726 1399 2748 Η).-
1425 2722 1483 2747 ίΙ(’111
1509 2724 1640 2747 Summam
1669 2722 1799 2747 Iohannis
1827 2721 2003 2746 Bononiensis
2030 2720 2069 2747 etl.

436 2763 586 2797 narsi-inw-
606 2764 779 2798 ‘Jlrwsslcllvr
800 2764 855 2788 um!
877 2764 1081 2789 19010111111“11;111’1·’
1101 2775 1106 2794 1
1137 2783 1143 2785 -
1164 2766 1278 2798 viselle»
1302 2765 1358 2790 111111
1380 2766 1585 2799 Ιῑ’1·ι)1·111“11111](’11’
1605 2765 1664 2799 IX)
1683 2769 1728 2791 ‹il-3*
1740 2773 1791 2798 sqq.

2098 682 2123 700 10

2102 946 2123 964 15

2100 1202 2124 1221 20

2100 1773 2125 1791 30

2100 2033 2123 2051 35

2099 2306 2123 2322 ⁴⁰

2099 2564 2122 2582 45
