2259 3116
745 160 875 187 ADOLFI
895 160 1000 186 REGIS
1020 159 1345 186 CONSTITUTIONES.
1384 160 1458 185 1297.
1494 159 1614 184 N1-.579.
1634 158 1692 184 580.

389 167 406 194 27!

411 167 427 193 ,ι-

433 165 450 194 w

496 247 720 278 [niversitatis
744 251 849 277 vestre
881 247 998 277 noticie
1023 246 1224 277 declaramus
1248 247 1376 287 publice
1400 244 1596 286 profitendo,
1628 244 1713 285 quod
1743 254 1801 275 nos
1831 245 1862 275 in
1894 246 2039 277 omnibus

389 300 549 340 expensis,
575 309 653 339 quas
677 298 870 329 venerabilis
887 297 1095 329 Boemundus
1119 298 1379 338 archiepiscopus
1401 297 1607 327 Trevirorum
1630 296 1778 336 princeps
1806 299 1914 327 noster
1939 296 2039 328 karis-

389 352 485 381 simus
515 351 545 380 in
575 350 744 390 legacione
776 352 884 380 nostra
915 349 1019 380 eundo
1051 350 1082 379 in
1110 349 1296 379 Flandriam
1327 348 1368 379 ad
1401 350 1556 378 tractatus
1586 347 1707 378 ibidem
1737 347 1904 378 habendos
1932 351 2038 379 nostro

388 403 516 432 nomine
548 412 644 442 super
675 412 755 442 paee
785 401 867 431 inter
902 412 959 431 nos
990 404 1023 431 et
1046 401 1185 431 illustres
1208 400 1425 431 Edewardum
1450 404 1481 430 et
1505 399 1565 429 Ph.
1590 399 1707 440 Anglie
1732 401 1765 429 et
1787 398 1922 430 Francie
1946 410 2038 441 reges

388 453 501 483 stando
528 456 559 483 et
577 452 741 483 redeundo
760 452 873 483 fecerit
897 456 928 483 et
944 452 1094 483 habuerit
1110 463 1181 483 eum
1199 452 1345 483 omnibus
1367 455 1399 481 et
1415 451 1547 491 singulis
1564 450 1710 491 dampnis
1727 451 2040 491 supercrescentibus
2069 462 2081 480 5

389 516 496 535 sumus
528 508 560 535 et
594 505 711 534 erimus
743 504 846 534 eidem
877 503 912 534 B.
945 503 1189 545 archiepiscopo
1220 504 1279 534 rite
1314 507 1345 533 et
1375 503 1533 543 legittime
1567 501 1676 532 debite
1711 502 1882 532 solucionis
1915 503 2039 533 vinculo

389 556 532 597 obligati.
579 556 614 586 In
646 556 734 586 cuius
764 556 974 596 obligacionis
1003 559 1110 586 nostre
1141 559 1173 585 et
1207 555 1377 585 solucionis
1409 554 1540 584 evidens
1570 554 1787 584 testimonium
1822 556 1855 584 et
1882 554 2040 584 cautelam

389 612 556 648 presentes
580 607 703 637 litteras
726 607 904 637 maiestatis
931 610 1038 637 nostre
1063 607 1167 648 sigillo
1192 606 1326 637 fecimus
1351 605 1548 636 communiri.

497 668 570 698 Dat.
597 667 699 708 Spire„
723 668 764 699 X.
782 667 855 698 Kal.
880 667 1030 708 Ianuarii,
1055 667 1147 698 indic.
1173 668 1233 707 XI,
1258 678 1339 698 anno
1358 667 1488 697 Domini
1512 666 1682 697 millesimo
1701 665 1919 696 ducentesimo
1942 675 2040 696 nono-

388 720 510 760 gesimo
536 720 682 760 septimo,
708 720 797 760 regni
822 729 897 749 vero
923 720 1020 749 nostri
1045 730 1126 749 aimo
1152 722 1254 749 sexto.
2059 722 2082 740 1⁰

593 1101 694 1151 580.
744 1098 1156 1152 FAOULTAS
1200 1097 1838 1150 TRANSFERENDI

1015 1175 1418 1228 [UDIOIUMJ

1062 1277 1168 1312 1297.
1206 1277 1289 1312 Mai.
1316 1277 1371 1312 13.

492 1385 606 1417 Denuo
634 1386 856 1424 descripsimus
884 1385 1037 1416 tabularii
1060 1385 1243 1416 Leodiensis
1270 1386 1487 1426 cmctoyraplzon
1516 1396 1564 1416 ur.
1582 1387 1658 1423 432,
1686 1396 1746 1425 quo
1779 1396 1882 1417 omnes
1911 1386 2040 1417 redeunt

388 1438 547 1468 aldiones.
593 1436 743 1476 Siqillum
767 1437 849 1467 deest
873 1436 936 1467 loro
961 1437 1192 1467 membranaceo
1215 1437 1330 1467 relicto.
1355 1456 1395 1459 ——
1420 1437 1566 1475 Biilmcer,
1590 1437 1665 1477 Req.
1689 1437 1751 1468 Ad.
1769 1439 1841 1468 345.
2058 1443 2080 1461 ¹⁵

1748 1489 1799 1528 (P.
1825 1489 1932 1528 deest.)

495 1548 633 1579 Adolfus
657 1549 719 1579 Dei
743 1550 847 1589 gratia
871 1548 1089 1579 Romanorum
1114 1559 1171 1579 rex
1196 1559 1324 1590 semper
1348 1553 1501 1590 augustus
1524 1550 1623 1580 nobili
1647 1551 1714 1580 viro
1732 1550 1866 1580 Iohanni
1891 1549 1930 1580 de
1948 1549 2039 1581 Kuch

388 1599 474 1629 affini
499 1610 555 1630 suo
580 1599 697 1630 dilecto
722 1601 858 1640 gratiam
884 1610 974 1630 suam
1000 1603 1031 1630 et
1056 1610 1149 1630 omne
1174 1600 1301 1631 bonum.

494 1659 599 1691 Decet
623 1660 855 1701 benignitatem
880 1661 1003 1700 regiani
1029 1660 1229 1691 subditorum
1254 1664 1286 1691 et
1308 1660 1451 1691 fidelium
1476 1661 1674 1702 profectibus
1699 1665 1731 1692 et
1747 1662 1841 1692 saluti
1866 1672 1904 1692 ea
1921 1662 2039 1692 sereni-

387 1711 460 1740 tatis
484 1712 587 1751 gratia
611 1711 793 1750 intendere,
824 1711 909 1752 quod
935 1711 1124 1742 devotorum
1150 1712 1300 1753 exemplo
1325 1723 1451 1751 eorum,
1480 1712 1594 1753 quibus
1618 1713 1736 1743 favoris
1768 1716 1800 1743 et
1823 1713 1926 1754 gratie
1951 1723 2036 1743 com·
2054 1721 2080 1741 2⁰

387 1762 516 1792 modum
542 1766 590 1792 est
614 1763 803 1803 impensum,
829 1764 928 1794 ceteri
952 1764 983 1793 in
1007 1763 1183 1794 devocione
1208 1765 1290 1794 sacri
1313 1765 1439 1805 imperii
1464 1764 1581 1795 forcius
1598 1765 1785 1796 animentur.
1823 1764 1905 1795 Sane
1922 1764 2035 1795 nobilis

388 1814 433 1843 vir
458 1838 486 1843 ..
513 1824 620 1844 comcs
644 1814 800 1845 Lunensis
824 1819 931 1845 nostro
957 1815 1085 1845 culmini
1109 1816 1276 1853 intimavit,
1301 1815 1387 1856 quod
1411 1816 1486 1847 licet
1510 1816 1550 1846 ab
1573 1816 1647 1846 olim
1672 1817 1703 1846 in
1718 1816 1793 1847 villa
1817 1826 1873 1846 sua
1890 1815 2034 1847 Flieder-

387 1865 465 1902 nial7
498 1875 591 1905 quam
621 1877 637 1895 a
668 1866 759 1896 nobis
788 1870 819 1896 et
848 1867 982 1907 imperio
1007 1866 1106 1897 habet
1129 1867 1161 1897 in
1186 1866 1330 1907 feodum,
1356 1867 1396 1897 de
1420 1869 1625 1908 septuaginta
1650 1867 1774 1898 duabus
1797 1868 1878 1898 villis
1903 1869 2034 1899 circum-

387 1916 496 1955 positis
521 1916 671 1946 iudicium
697 1919 897 1948 consueverit
922 1928 1090 1957 exercere,
1125 1919 1169 1948 ita
1194 1918 1278 1958 quod
1303 1920 1426 1959 gravati
1451 1920 1480 1949 in
1506 1930 1562 1949 suo
1587 1920 1653 1950 iure
1679 1919 1718 1950 de
1743 1919 1824 1949 villis
1849 1919 1969 1950 eisdem
1993 1918 2033 1949 ad

387 1968 489 2006 ipsum
529 1967 678 1998 iudicium
719 1973 930 2009 provocantes
969 1970 1175 2009 quesiverunt
1214 1975 1246 2000 et
1282 1971 1487 2010 optinuerunt-
1525 1971 1645 2001 ibidem
1685 1981 1740 2001 sue
1780 1972 1890 2002 iniurie
1928 1970 2033 2001 suble·
2051 1979 2075 1998 2⁵

388 2028 511 2055 vamen,
601 2019 669 2059 ipsa
694 2023 800 2050 tamen
825 2020 897 2050 villa
921 2024 985 2050 111111
1012 2022 1039 2050 111
1058 2021 1153 2051 rebus
1178 2032 1273 2062 quam
1292 2022 1472 2052 homiuibus
1497 2022 1579 2053 :ideo
1597 2023 1819 2063 depauperata
1844 2026 1876 2053 et
1892 2022 2035 2053 desolata

387 2069 520 2102 existat,
551 2070 635 2110 quod
664 2072 766 2101 minus
794 2076 869 2111 apta
894 2071 1020 2102 videtur
1043 2072 1082 2102 de
1108 2076 1216 2103 cetero
1250 2073 1290 2103 ad
1315 2073 1496 2104 huiusmodi
1520 2074 1637 2104 iudicia.
1662 2074 1853 2105 exercenda.
1899 2073 2035 2114 Propter

388 2120 472 2159 quod
497 2121 587 2150 nobis
611 2121 773 2152 humiliter
796 2123 1028 2163 supplicabat&
1053 2127 1087 2154 ut
1111 2124 1323 2155 transferendi
1348 2125 1451 2165 ipsum
1474 2125 1625 2156 iudicium
1649 2125 1690 2156 ad
1719 2126 1825 2156 villam
1850 2136 1939 2155 suam
1955 2125 2034 2164 Lon,

387 2182 447 2210 que
473 2172 617 2202 similiter
641 2184 659 2202 a
683 2173 773 2203 nobis
798 2180 828 2203 et
853 2175 987 2214 imperio
1012 2175 1184 2205 feodaliter
1208 2175 1399 2216 possidetur,
1424 2176 1483 2206 sibi
1507 2176 1692 2207 facultatem
1718 2176 1894 2207 concedere
1923 2176 2033 2216 digna-

388 2233 501 2253 remur.
543 2223 621 2253 Cum
641 2224 736 2261 igitur
760 2228 791 2254 tu
817 2225 856 2254 dv
875 2226 1036 2265 premissis
1061 2231 1224 2266 tamquam
1242 2227 1345 2257 incola
1371 2229 1567 2258 contermino
1585 2229 1723 2269 regionis
1747 2229 1897 2259 noticiam
1913 2227 2032 2258 habeas
2050 2235 2075 2255 ³⁰

389 2274 578 2313 pleniorem.
611 2275 757 2306 fidelitati
789 2283 840 2306 tuc
871 2278 1097 2307 ‹·‹›mmitti1m1s
1128 2282 1160 2307 et
1188 2278 1390 2317 mandamus7
1423 2280 1570 2319 quatinus
1599 2281 1624 2310 si
1655 2280 1783 2311 utilitati
1811 2279 1973 2310 hominum
2001 2280 2033 2308 ct

388 2325 492 2355 iudicii
523 2326 666 2356 eiusdem
692 2327 831 2357 crederis
856 2329 1009 2368 expedire
1035 2340 1070 2359 ae
1095 2329 1126 2359 id
1150 2330 1181 2359 111
1198 2329 1292 2359 alieni
1318 2331 1391 2360 iuris
1408 2331 1618 2371 preiudicium
1644 2342 1705 2362 non
1723 2331 1891 2370 redundat,
1916 2334 1947 2360 tu
1965 2330 2031 2359 vice

388 2382 418 2405 vt
444 2378 633 2407 auctoritate
659 2383 765 2408 nostra
790 2380 947 2418 postulata
974 2381 1132 2411 concedas
1156 2382 1263 2412 comiti
1287 2382 1481 2422 supradicto.

494 2437 612 2467 Datum
646 2438 791 2477 (folonie,
826 2439 884 2469 111.
913 2440 989 2470 Idus
1023 2441 1113 2472 Maii.
1149 2441 1319 2472 indictione
1350 2443 1394 2479 X,
1427 2454 1508 2473 anno
1543 2443 1670 2474 Domini
1706 2441 2031 2480 MCCLXXXXVII,

387 2488 474 2525 regni
502 2499 576 2518 vero
601 2490 696 2519 nostri
721 2500 802 2519 anno
828 2498 929 2521 sexto.
2049 2497 2073 2516 ³⁵

490 2777 555 2803 5⁵0.
575 2784 585 2794 '⁴¹
619 2780 659 2803 bui
681 2789 746 2804 ςυνν.
767 2789 796 2802 ‘1¹'
816 2781 849 2803 vit
872 2792 894 2803 ru
