2259 3164
131 722 153 740 10

129 979 151 997 15

127 1235 150 1254 20

128 1490 151 1509 25

129 1749 152 1767 30

128 2009 150 2028 35

128 2522 151 2542 45

279 161 373 187 ACTA
392 160 619 186 VICARIORUM
641 160 877 186 GENERALIUM
900 160 937 185 ΙΝ
960 160 1079 186 [TALIA
1100 162 1353 188 FUNGENTIUM.
1394 164 1464 190 1276.
1502 164 1548 189 ΝΥ,
1563 165 1620 190 602.
1640 166 1697 190 1503.
1751 168 1811 196 5⁴55

171 247 340 286 Miiadin0,
365 246 510 281 Urbana,
539 246 693 284 Merlara,
724 245 798 276 villa
823 256 884 286 que
909 252 1040 277 vocatur
1064 248 1236 284 Placenza,
1267 250 1399 279 Colonio
1424 261 1495 280 cum
1521 251 1587 280 eius
1612 254 1713 289 curte,
1738 251 1808 280 villa

172 299 280 337 Saleti,
305 298 420 331 Casali,
438 298 625 338 Vighezele,
650 299 803 328 comitatu
820 298 948 339 Radigii
966 309 1036 329 cum
1054 300 1199 330 omnibus¹
1217 300 1407 331 adiacenciis
1432 306 1463 332 et
1480 303 1682 342 pertinenciis
1702 303 1765 332 suis
1783 303 1811 331 in

171 351 339 391 integrum,
363 350 439 380 item
464 349 503 380 de
527 349 627 379 Adrio
653 352 684 379 et
708 349 849 380 Adriano
875 360 945 380 cum
971 350 1116 380 omnibus
1140 351 1330 382 adiacenciis
1356 357 1386 382 et
1410 354 1614 393 pertinenciis
1638 353 1811 384 eorundem

172 401 285 433 eodem
309 401 402 431 iurel.
493 400 716 431 Concedentes
740 400 846 431 eidem
863 411 920 441 pro
938 412 971 431 se
990 406 1022 431 et
1039 401 1307 433 descendentibus
1325 414 1364 433 ex
1383 415 1420 434 eo
1438 405 1505 434 vice
1523 413 1554 435 et
1571 405 1697 435 nomine
1715 406 1812 445 ipsius

171 453 289 484 domini
312 453 397 493 regis
422 455 453 482 et
476 452 556 482 sacri
580 452 705 492 imperii
728 451 798 481 loca
823 453 889 492 ipsa
917 456 949 482 et
973 453 1150 493 quemlibet
1174 454 1313 494 ipsorum
1338 466 1408 485 cum
1431 456 1571 495 plenaria
1603 456 1810 489 iurisditione,

170 515 240 535 cum
261 504 345 534 omni
362 503 492 542 honore,
517 503 661 533 districtu
679 506 710 533 et
728 503 901 549 dominatu,
926 514 998 533 eum
1016 504 1161 534 omnibus·
1185 505 1320 545 publicis
1338 507 1560 542 functionibus.¹
1586 518 1655 537 cum
1673 508 1811 547 angariis

170 559 202 587 et
224 555 435 597 parangariis,
465 565 535 584 cum
561 555 628 585 iure
653 555 802 591 mercati,
834 555 980 595 pedagiis
1011 558 1043 585 et
1071 556 1259 586 tholomeis²¹
1286 560 1349 587 tam
1382 559 1411 587 in
1436 568 1517 598 aqua
1543 569 1637 599 quam
1663 559 1692 588 in
1716 562 1810 590 terra.

170 618 239 638 cum
271 609 431 647 potestate
462 605 738 636 animadvertendi
770 607 799 636 in
824 606 1033 640 facinorosos,
1060 618 1130 637 eum
1156 609 1268 647 pratis,
1293 608 1392 640 silvis.
1416 610 1555 650 pascui&
1581 610 1810 643 venationilJus,

171 657 406 699 piscationibus.
424 656 624 693 molendinis,
643 657 740 687 terisa
757 657 848 687 cultis
866 660 898 687 et
915 658 1050 696 incultis7
1068 658 1168 698 aquis,
1187 660 1405 698 aqua11ioliis³,
1430 660 1576 690 salec-etis
1594 671 1811 701 aquarumque

172 709 372 747 decursibus,
407 708 578 749 paludibus
609 712 640 738 et
671 719 742 738 cum
774 708 936 745 omnibus,
972 719 1034 749 que
1062 709 1103 739 ad
1131 710 1288 750 integram
1318 715 1349 740 et
1380 711 1556 751 plenariam
1580 712 1810 742 iurisditionem

170 762 330 803 pertinent
358 763 391 791 et
418 760 579 800 pertinere
610 759 766 790 videntur.
813 759 855 790 Et
883 761 1062 800 spetialiter
1091 764 1122 790 et
1150 761 1345 801 generaliter
1378 762 1417 792 de
1442 763 1587 792 omnibus
1616 767 1647 793 et
1671 764 1810 804 singulis,

171 823 231 854 que
260 813 327 843 Azo
357 812 476 852 primus
510 814 541 841 et
569 812 636 841 Azo
667 811 824 841 secundus
855 811 894 841 de
920 811 1015 841 domo
1040 811 1165 842 Estensi
1191 816 1222 842 et
1247 823 1356 843 omnes
1381 813 1434 843 alii
1459 818 1489 843 et
1514 815 1628 854 singuli
1653 814 1691 845 de
1717 815 1810 845 domo

170 864 305 900 EstensL
329 873 530 904 quocumque
548 863 675 893 nomine
692 864 864 904 nuncupati
883 863 1010 898 fuerint,
1028 863 1218 902 habuerunt,
1243 867 1412 894 tenuerunt
1437 871 1468 895 et
1490 865 1674 905 posiderunt
1698 877 1754 906 per
1778 876 1810 896 se

170 916 220 946 vel
253 926 310 956 per
340 915 420 945 alios
453 918 485 945 et
514 914 571 944 visi
601 914 731 944 fuerunt
756 914 893 953 habere,
926 918 1036 945 tenere
1066 918 1098 945 et
1127 915 1293 955 possidere
1322 926 1377 945 seu
1407 917 1663 957 ‹piasipossidere
1693 929 1749 958 per
1778 931 1810 948 se

170 967 221 998 vel
244 977 301 1007 per
324 966 402 997 alios
426 967 457 996 in
481 965 632 1006 predictis
656 967 734 997 locis
759 971 790 997 et
814 966 959 1007 quolibet
984 977 1095 996 eorum
1121 977 1177 997 seu
1202 967 1232 997 in
1256 977 1457 1008 quocumque
1489 969 1550 998 alio
1575 968 1725 999 locorum.
1772 969 1812 999 Et

169 1019 273 1049 omnia
296 1018 473 1059 privilegia,
508 1018 717 1048 instrumenta
753 1020 785 1048 et
820 1018 888 1048 iura
917 1028 935 1047 a
966 1017 1046 1048 divis
1082 1018 1328 1058 imperatoribus
1365 1023 1396 1048 et
1431 1018 1648 1049 Romanorum
1684 1020 1811 1060 regibus

169 1070 403 1101 marchionibus
428 1068 615 1099 Estensibus
644 1072 676 1099 et
700 1069 830 1099 cuilibet
855 1079 965 1099 eorum
990 1079 1124 1099 concesa
1154 1070 1220 1099 sive
1252 1069 1291 1099 de
1322 1070 1390 1100 iure
1415 1071 1480 1099 sive
1506 1081 1545 1100 ex
1570 1078 1657 1101 certa
1681 1072 1809 1101 scientia

169 1123 233 1153 sive
258 1132 298 1152 ex
325 1120 523 1162 plenitudine
548 1122 716 1161 potestatis
741 1121 963 1151 confirmamus
988 1122 1178 1151 auctoritate
1211 1131 1272 1161 qua
1297 1121 1457 1161 fungimur
1486 1126 1516 1151 et
1547 1132 1585 1151 ea
1609 1123 1713 1151 onmia
1737 1133 1810 1152 con-

170 1173 298 1204 ferimus
322 1175 353 1203 in
377 1174 452 1214 ipsis
476 1175 650 1216 privilegiis
674 1178 823 1205 contenta
842 1185 882 1205 ex
907 1178 995 1205 certa
1013 1176 1146 1205 scientia
1171 1175 1210 1205 ad
1228 1186 1397 1215 personam
1423 1179 1455 1205 et
1476 1176 1506 1205 in
1530 1186 1697 1216 personam
1715 1177 1812 1216 ipsius

169 1225 285 1256 domini
310 1225 460 1266 Opizonis
491 1229 523 1256 et
552 1237 607 1257 sue
637 1227 847 1266 posteritatis,
879 1237 916 1256 ac
947 1227 972 1256 si
996 1237 1014 1256 a
1039 1227 1192 1267 principio
1223 1226 1328 1257 eidem
1358 1226 1484 1257 domino
1519 1228 1651 1267 Upizoni
1681 1227 1812 1257 fuissent

171 1287 313 1315 eoncesa,
344 1277 429 1308 nullo
454 1278 521 1308 iure
547 1278 703 1308 obstante.
750 1277 791 1308 Et
815 1279 882 1318 ipsa
907 1278 1084 1319 privilegia
1111 1279 1318 1308 instrumenta
1344 1282 1376 1308 et
1400 1279 1467 1308 iura
1492 1279 1686 1316 innovamus,
1710 1282 1810 1309 trans-

171 1328 308 1359 ferentes
337 1332 369 1359 et
393 1329 594 1359 conferentes
623 1340 661 1360 ea
686 1331 791 1359 omnia
820 1333 852 1360 et
876 1329 999 1370 singula
1024 1330 1054 1359 in
1079 1330 1182 1370 ipsum
1207 1330 1368 1360 dominum
1394 1329 1570 1370 Opizonem
1594 1330 1810 1360 marchionem

170 1383 201 1411 et
225 1381 291 1410 eius
315 1383 469 1421 posteros
494 1383 528 1410 ut
552 1380 671 1411 dictum
697 1385 755 1411 est.

275 1434 303 1462 2.
328 1432 430 1467 Quam
456 1432 675 1462 investituram
700 1435 732 1462 et
757 1433 862 1462 onmia
887 1436 918 1462 et
942 1432 1065 1473 singula
1089 1432 1272 1472 supradicta
1297 1433 1364 1463 vice
1391 1436 1422 1463 et
1439 1433 1564 1462 nomine
1589 1433 1669 1462 sacri
1687 1433 1808 1473 imperii

171 1491 203 1514 et
225 1484 416 1514 serenissimi
442 1483 561 1513 domini
585 1484 669 1524 regis
697 1484 760 1514 iam
786 1484 859 1514 dicti
889 1485 1080 1514 auctoritate
1110 1494 1170 1524 qua
1200 1484 1360 1524 fungimur
1389 1483 1493 1514 eidem
1526 1483 1652 1514 domino
1677 1484 1811 1524 Opizoni

170 1535 414 1575 omnitempore
432 1534 522 1564 firma
547 1538 578 1565 et
602 1538 668 1565 rata
695 1535 815 1565 habere
841 1538 872 1565 et
897 1538 1005 1565 tenere
1032 1539 1063 1565 et
1086 1545 1148 1564 non
1165 1535 1384 1565 contravenire
1401 1535 1504 1575 ipsum
1522 1535 1682 1565 dominum
1700 1546 1810 1576 regem

169 1596 226 1617 nec
250 1597 308 1627 per
330 1597 364 1617 se
389 1597 447 1617 nec
468 1597 526 1627 per
542 1587 778 1627 interpossitam
795 1597 964 1627 personam
981 1587 1195 1627 promittimus
1220 1590 1251 1616 et
1277 1588 1340 1627 ipsa
1361 1587 1442 1617 bona
1460 1587 1606 1616 universa
1632 1591 1663 1617 et
1686 1588 1809 1627 singula

169 1639 200 1668 in
222 1638 420 1679 protectione
445 1639 526 1668 sacri
544 1638 681 1668 Romani
705 1639 831 1679 imperii
855 1643 886 1669 et
911 1638 986 1668 dicti
1011 1638 1129 1668 domini
1154 1639 1239 1679 regis
1264 1642 1296 1668 et
1318 1643 1424 1668 nostra
1451 1639 1518 1668 eius
1534 1639 1660 1668 nomine
1678 1639 1809 1679 suscipi-

169 1700 246 1727 muS,
271 1689 382 1720 dantes
407 1689 513 1720 eidem
538 1689 664 1720 domino
683 1689 817 1730 Opizoni
833 1693 1028 1730 potestatem
1046 1689 1233 1730 plenariam,
1256 1690 1489 1730 possessiimem
1515 1693 1546 1720 et
1570 1690 1659 1730 quasi
1684 1701 1809 1730 posses-

170 1742 290 1772 sionem
323 1740 460 1771 intrandi
496 1741 536 1771 de
568 1742 714 1772 omnibus
743 1746 774 1771 et
809 1741 940 1782 singulis
969 1741 1158 1782 supradictis
1195 1751 1253 1782 per
1288 1752 1321 1771 se
1354 1741 1404 1771 vel
1438 1752 1495 1781 per
1526 1742 1673 1771 nuncium
1708 1753 1808 1774 suum.

172 1792 434 1833 quandocumque
458 1793 605 1833 voluerit,
638 1796 670 1823 et
694 1794 928 1834 possessionem
961 1804 1056 1834 quam
1092 1793 1189 1823 habet
1220 1794 1247 1823 ei
1279 1793 1512 1823 confirmamus.
1566 1792 1749 1823 Statuentes
1779 1802 1809 1823 er

170 1855 257 1874 sacro
282 1844 437 1885 imperiali
463 1850 495 1874 et
518 1846 606 1885 regio
632 1844 737 1875 edicto
761 1845 893 1875 firmiter
917 1846 1145 1885 precipientes,
1179 1849 1212 1874 ut
1237 1844 1276 1874 de
1302 1848 1410 1874 cetero
1435 1844 1520 1874 nulla
1545 1845 1664 1883 civitas,
1689 1845 1807 1875 nullum

170 1906 319 1935 comune,
347 1896 451 1926 nullus
480 1896 560 1935 dux,
590 1897 692 1926 nullus
720 1907 841 1934 comes,
868 1897 1056 1935 vicecomes,
1082 1896 1168 1926 nulla
1193 1903 1335 1936 potestas
1361 1896 1509 1936 nullaque
1534 1906 1670 1936 persona
1694 1906 1808 1936 magna

168 1947 218 1978 vel
244 1958 351 1988 parvaq
381 1947 628 1979 eccllesiastica²²
654 1948 703 1978 vel
732 1948 883 1978 secularis
914 1949 1006 1978 huius
1035 1948 1248 1978 concessionis
1274 1951 1305 1977 et
1332 1947 1518 1977 investiture
1544 1952 1576 1977 et
1600 1948 1809 1978 innovationis

169 1999 317 2039 paginam
348 2004 380 2030 et
403 1999 562 2040 privilegii
592 2010 648 2030 seu
673 2000 923 2040 priviligioruma
954 2000 1127 2040 infringere
1157 1999 1276 2029 audeat
1308 1998 1358 2029 vel
1393 1999 1499 2039 aliquo
1530 2009 1608 2029 ausu
1638 2000 1808 2029 temerario

170 2050 365 2091 contrahyre.
413 2050 477 2082 Sed
500 2054 569 2081 rata
593 2052 746 2092 firmaque
772 2054 981 2092 permaneant
1004 2052 1035 2081 in
1059 2054 1212 2081 eternum.
1261 2050 1460 2091 Quicumque
1485 2054 1592 2080 autem
1617 2054 1724 2080 contra
1749 2051 1807 2080 he«-

170 2106 223 2132 aut
246 2102 385 2142 ipsorum
409 2102 539 2143 aliquod
563 2107 733 2133 attemtare
759 2103 975 2143 presumserit,
1004 2102 1256 2142 indignationem
1286 2103 1366 2132 sacri
1399 2102 1524 2142 imperii
1555 2106 1586 2131 et
1617 2103 1807 2132 serenissimi

170 2152 287 2183 domini
311 2154 395 2193 regis
419 2155 481 2184 iam
507 2154 582 2184 dicti
610 2165 646 2184 ac
670 2158 811 2184 nostram
835 2155 932 2195 ipsius
956 2155 1083 2184 nomine
1108 2164 1142 2183 se
1168 2154 1308 2194 graviter
1331 2154 1453 2183 noverit
1477 2153 1672 2183 incursurum
1697 2158 1728 2183 et
1752 2164 1807 2193 pro

170 2214 223 2234 sue
247 2205 436 2235 temeritatis
459 2216 542 2246 pena
567 2207 756 2246 quingentas
780 2206 876 2236 libras
905 2207 972 2236 auri
1003 2206 1115 2246 optimi
1146 2205 1409 2245 compositurum⁷
1441 2204 1649 2235 medietatem
1680 2204 1807 2245 quidem

170 2254 287 2286 domini
310 2257 394 2297 regis
423 2256 669 2297 Roman(orum)
696 2263 851 2293 camaress,
885 2257 1041 2297 reliquam
1072 2257 1248 2287 marchioni
1286 2256 1428 2296 predicto
1463 2261 1495 2285 et
1528 2257 1594 2286 eius
1626 2256 1806 2286 heredibus.

168 2305 228 2336 Etb
254 2332 482 2339 ........

274 2361 301 2389 3.
337 2359 450 2400 Ibique
475 2359 637 2400 predictus
662 2360 806 2390 dominus
824 2360 924 2400 Opizo
949 2360 1090 2390 marchio
1115 2359 1258 2399 predicto
1284 2359 1411 2389 domino
1436 2358 1624 2389 canzellerio
1642 2359 1806 2398 recipienti

169 2410 235 2440 vice
261 2413 293 2440 et
315 2411 442 2441 nomine
459 2410 597 2441 Romani
621 2412 746 2451 imperii
771 2415 803 2441 et
826 2411 999 2452 supradicti
1024 2411 1145 2441 domini
1168 2411 1252 2451 regis
1276 2410 1389 2440 iuravit
1405 2410 1594 2440 fidelitatem
1618 2412 1702 2438 tacto
1727 2409 1806 2438 libro

168 2460 198 2491 in
221 2461 302 2492 hunc
326 2462 470 2492 modum:

274 2512 445 2543 ‘Videlicet
479 2513 564 2554 quod
595 2513 635 2543 ab
666 2513 724 2543 hac
760 2514 837 2544 hora
872 2515 999 2544 inantea
1037 2515 1095 2544 erit
1124 2513 1227 2543 fidelis
1258 2512 1403 2543 Romano
1435 2512 1567 2552 imperio
1601 2514 1632 2540 et
1664 2511 1804 2550 predicto

233 2563 359 2595 domino
393 2565 472 2605 regi.
524 2564 573 2595 Ita
605 2564 690 2605 quod
719 2575 780 2595 non
815 2566 873 2595 erit
904 2566 933 2595 in
965 2565 1094 2595 consilio
1124 2575 1228 2605 neque
1256 2565 1286 2594 in
1315 2564 1415 2596 facto,
1448 2563 1499 2593 ubi
1530 2562 1631 2592 dictus
1662 2562 1805 2591 (lominus

233 2625 289 2646 rex
316 2617 443 2647 amittat
467 2617 564 2647 vitam
594 2627 651 2647 nec
684 2617 849 2647 menbrum
880 2628 936 2647 nec
965 2628 1055 2647 suum
1085 2617 1236 2646 honorem
1267 2615 1315 2645 vel
1346 2615 1490 2655 capiatur
1520 2613 1612 2643 malla
1648 2614 1804 2652 captione.

268 2708 334 2735 603.
354 2711 376 2742 ¹²)
396 2712 430 2735 sic
450 2721 486 2736 or.
575 2710 598 2741 b)
618 2711 729 2742 sequimi·
748 2711 841 2734 lacuna
862 2713 890 2734 15
908 2712 963 2742 sere
983 2711 1123 2734 litterarum
1145 2710 1170 2733 ιἰι
1183 2712 1238 2741 sine
1258 2709 1339 2732 lineae
1359 2718 1394 2731 or.

270 2785 294 2809 ll
316 2785 356 2816 Cf.
373 2787 536 2819 privile-‘simil
557 2796 581 2811 a.
598 2789 664 2811 1231.
686 2786 806 2818 :itt-(1924.
825 2785 925 2817 datum,
947 2786 1006 2817 Ray.
1027 2786 1086 2816 imp.
1108 2784 1150 2813 ΓΙ,
1167 2788 1226 2809 1377
1242 2787 1263 2808 (Ἰ
1284 2783 1377 2808 ‘Nemus-
1398 2782 1503 2807 <iselam-¹
1526 2781 1642 2808 XXIX,
1657 2786 1703 2806 6:1⁵6
1713 2790 1746 2813 sq.
