2259 3116
465 111 523 141 142
794 107 952 134 RUDOLFI
972 107 1077 135 REGIS
1096 108 1416 137 CONSTITUTIONES.
1453 111 1527 137 1277.
1562 110 1609 137 Nr.
1624 111 1680 138 145.
1701 111 1757 137 146.

464 206 593 227 suorum
618 196 812 228 communite
836 196 1012 235 continent,
1037 196 1143 236 daret,
1167 197 1360 229 concederet
1383 200 1415 229 et
1438 198 1593 237 traderet,
1618 198 1723 230 verbis
1748 201 1967 240 competenter
1988 203 2092 232 trans-

462 249 609 288 mutatis,
639 251 767 280 servato
799 248 912 279 eodem
941 259 998 291 per
1028 250 1133 280 omnia
1160 250 1341 287 intellectu,
1373 253 1406 281 et
1434 250 1517 292 quod
1548 249 1644 281 iidem
1669 249 1815 281 dominus
1848 253 1958 282 noster
1981 262 2039 283 rex
2062 255 2094 284 et

461 300 625 342 principes
650 311 687 331 ac
710 300 850 331 barones
874 300 922 331 sui
947 300 1113 332 consimile
1138 301 1221 332 sieut
1243 312 1302 333 rex
1323 301 1544 334 Romanorum
1567 301 1757 343 prestabunt
1779 312 1838 344 per
1862 303 1967 334 omnia
1985 313 2092 335 sacra-

460 355 613 383 mentum.

565 404 759 434 Litterarum
784 405 892 435 autem
915 404 1089 445 supradicti
1112 404 1231 435 domini
1255 404 1293 435 R.
1316 404 1534 436 Romanorum
1559 406 1643 447 regis
1668 409 1762 438 tenor
1786 409 1833 437 est
1855 406 1944 438 talis:

566 463 734 495 ‘Rodelfus
757 463 819 495 Dei
843 464 952 505 gracia
966 483 1005 487 -
1018 475 1101 496 anno
1126 464 1260 506 quarto.’
1294 476 1393 505 supra
1414 476 1463 496 mn
1481 467 1552 498 144.

502 626 576 658 146.
601 627 840 659 LITTERAE
861 627 1003 659 REGIS
1026 628 1238 660 RUDOLFJ
1252 628 1637 661 ARCHJEPJSOOPJS
1659 628 1723 660 ET
1742 627 1989 660 PRINCJPJB
1997 629 2049 662 Us

872 680 1120 711 UNGARIAE
1140 680 1388 711 DIRECTAE.
1434 682 1516 721 (post
1539 680 1682 721 111112.)

565 748 711 788 Superest
733 749 768 779 ‘iu
791 749 879 780 libris
905 748 1133 790 formularum,
1165 750 1201 780 (le
1228 750 1340 789 quibus
1368 761 1393 781 v.
1425 760 1525 789 supra
1552 750 1595 780 cod
1623 760 1671 780 nr.
1691 751 1839 782 14-16.
1885 750 2040 782 Praebent
2062 751 2088 782 E

453 799 512 841 fol.
528 802 600 830 11:2¹
623 811 672 831 nr.
691 802 740 838 70,
763 801 818 832 ubi
841 801 970 833 rubrum
987 802 1059 833 Rex
1083 802 1193 832 scribit
1216 802 1414 843 principibus
1439 802 1583 843 Ungarie
1608 801 1648 832 ad
1671 802 1873 833 tractandum
1898 802 1936 833 de
1960 813 2039 844 paee
2062 806 2090 834 et

456 852 482 882 Ο
505 852 559 890 fol.
575 854 627 883 31¹
650 864 698 884 nr.
716 854 771 891 39,
795 853 849 884 ubi
871 854 1001 885 rubrum
1024 855 1130 884 volnus
1154 857 1270 884 rectum
1293 853 1367 885 Rex
1391 855 1578 896 apostolico.
1626 853 1725 884 Varia
1748 853 1873 885 lectione
1896 857 1975 898 reete
1997 855 2088 886 aesti-

454 907 541 934 mata
564 904 705 935 dubitari
727 916 789 936 non
806 908 917 943 polest,
941 906 1019 944 quin
1042 916 1140 936 unam
1155 906 1342 944 eandemque
1357 905 1516 944 epistolam
1532 905 1736 944 Recdolfinam
1760 906 1794 936 ‘in
1818 908 1947 946 utroque
1969 907 2089 944 sormu-

453 955 556 986 Zarum
581 956 680 987 codiee
704 957 855 988 traditam.
879 958 1056 995 habeamus,
1080 968 1143 989 ozon
1166 958 1252 994 duos,
1277 957 1408 988 alteram
1432 957 1561 996 Rudolft
1584 957 1716 988 alteram
1743 957 1885 989 Ottoltari
1907 969 2022 998 reyum.
2050 978 2086 982 —

452 1007 596 1045 Beltmer,
621 1008 695 1049 Req.
713 1009 785 1047 imp.
807 1009 859 1046 VJ,
873 1010 942 1041 515.
1796 1009 1849 1049 (P.
1874 1009 1981 1051 deest.)

560 1102 766 1145 Rud(0lfus)³
789 1104 850 1135 Dei
876 1105 982 1145 gracia
1006 1108 1065 1135 etc.
1083 1105 1324 1136 venerabilibus
1348 1105 1379 1135 in
1398 1104 1525 1135 Christo
1550 1105 1695 1146 patribus
1720 1108 1752 1136 et
1775 1105 1886 1136 amicis
1905 1104 2086 1149 Strig[oni]-

455 1155 522 1185 ensi
547 1158 579 1186 et
604 1155 772 1187 Colocensi
798 1157 1050 1198 archiepiscopis
1076 1161 1107 1188 et
1131 1168 1242 1189 eorum
1266 1155 1506 1199 suffragan[e]is
1530 1167 1656 1188 necnon
1680 1157 1877 1199 principibus
1902 1161 1934 1189 et
1957 1158 2084 1189 baroni-

454 1206 515 1237 bus
539 1217 597 1248 per
621 1218 755 1249 regnum
779 1208 922 1249 Ungaric
947 1210 1128 1240 constitutis
1153 1210 1290 1241 salutem
1315 1213 1347 1241 et
1370 1210 1495 1241 sincere
1520 1210 1609 1251 regie
1633 1209 1842 1251 benignitatis
1866 1210 2048 1242 affectum&

562 1268 744 1309 Vigilantes
772 1269 803 1299 in
828 1270 928 1300 multa
951 1270 1163 1300 sollicitudine
1188 1269 1242 1301 etb
1266 1270 1374 1300 oculos
1398 1270 1513 1300 mentis
1537 1273 1646 1301 nostre
1670 1280 1801 1311 perraro
1827 1270 2003 1301 claudimus
2027 1281 2086 1302 nec

452 1319 587 1350 sudores
611 1319 824 1361 abstergimus
850 1322 889 1352 ab
914 1321 1047 1359 eisdem,
1073 1322 1174 1353 donec
1199 1333 1257 1353 rex
1282 1332 1392 1363 regum
1416 1325 1466 1352 etc
1489 1321 1633 1353 dominus
1658 1321 1912 1362 dominancium,
1938 1322 2084 1364 princeps

452 1372 540 1412 pacis
564 1372 652 1403 illam
677 1372 768 1403 nobis
799 1383 839 1403 ex
869 1374 933 1404 alto
966 1374 1109 1404 conferat
1138 1376 1347 1415 potestatem,
1383 1385 1446 1415 qua
1474 1373 1592 1405 divisas
1623 1374 1654 1404 in
1684 1374 1803 1416 populo
1839 1374 2010 1405 christiano
2044 1385 2084 1405 ex

450 1423 559 1453 multis
584 1423 752 1455 discordiis
777 1425 940 1456 hominum
966 1426 1148 1457 voluntates
1173 1426 1213 1456 ad
1237 1426 1330 1457 unius
1356 1426 1420 1456 voti
1445 1426 1650 1467 propositum,
1675 1425 1736 1456 adb
1761 1426 1846 1467 quod
1870 1426 1972 1457 eterni
1995 1426 2080 1467 regis

452 1474 581 1515 graciad
606 1476 785 1507 conformes
809 1487 867 1507 nos
892 1477 1002 1516 faciat,
1028 1477 1228 1509 reducamus.
1274 1477 1326 1508 Ad
1350 1477 1410 1508 hoc
1442 1478 1559 1508 mentis
1589 1480 1697 1509 nostre
1729 1480 1921 1519 conceptum
1946 1477 2085 1509 feliciter

452 1526 707 1557 consumendum
732 1527 889 1559 illustrem
913 1529 1091 1570 principem
1109 1529 1271 1560 dominum
1295 1529 1331 1561 L.
1357 1540 1466 1571 regem
1484 1529 1623 1567 Ungarie
1648 1529 1786 1560 amicum
1810 1532 1952 1560 nostrum
1980 1528 2083 1570 preci—

450 1588 547 1618 puum
578 1579 809 1620 principalemc
833 1580 924 1611 nobis
955 1581 1110 1622 elegimus
1135 1585 1367 1623 promotorem,
1394 1592 1465 1612 cum
1490 1592 1551 1623 quo
1577 1581 1616 1613 de
1640 1585 1751 1613 nostra
1775 1584 1808 1613 et
1832 1585 1890 1613 sua
1917 1581 2083 1612 concordi⁰

450 1633 480 1659 ct
510 1640 650 1661 consona
682 1632 843 1662 voluntate
873 1632 1036 1664 societatis
1067 1636 1098 1664 et
1127 1634 1271 1664 amicicie
1295 1633 1405 1664 federa
1432 1636 1588 1674 perpetuo
1619 1633 1771 1665 duratura
1800 1633 1981 1675 pepigimus
2005 1633 2080 1664 sibi-

449 1680 527 1722 quef
551 1683 754 1723 promisimus
780 1687 811 1714 et
827 1685 1017 1725 promissum
1043 1696 1062 1715 a
1079 1686 1193 1716 nuncio
1218 1696 1274 1716 suo
1293 1685 1332 1716 ad
1356 1685 1416 1716 hoc
1433 1685 1618 1726 specialiter
1641 1685 1681 1716 ad
1700 1696 1757 1717 nos
1774 1686 1872 1717 misso
1890 1685 2078 1727 recepimus,

448 1733 533 1773 quod
558 1734 588 1764 in
613 1734 766 1775 iuribusss,
791 1736 995 1767 libertatibus
1020 1740 1051 1767 et
1068 1737 1242 1768 honoribus
1266 1748 1447 1778 regnorum,
1472 1740 1629 1768 terrarum
1655 1740 1686 1769 et
1709 1737 1872 1768 hominum
1896 1741 2079 1769 nostrorum

447 1785 598 1816 adversus
617 1797 848 1829 quemcumque
868 1788 1029 1820 homiuem
1047 1789 1280 1820 defendendish
1297 1789 1382 1820 fideli
1406 1789 1626 1820 vicissitudine
1650 1799 1708 1820 nos
1733 1789 1914 1820 iuvabimus
1942 1789 2079 1828 favorec,

448 1838 581 1867 consilio
607 1841 638 1869 et
663 1839 782 1869 auxilio
807 1841 956 1879 manuali,
981 1844 1075 1882 prout
1098 1842 1129 1871 in
1153 1841 1267 1872 litteris
1293 1841 1408 1872 nostris
1425 1841 1611 1883 patentibus
1636 1841 1695 1872 hee
1719 1844 1750 1872 et
1773 1841 1836 1872 alia
1854 1841 1980 1883 plenius
2004 1850 2080 1871 con-

446 1889 608 1920 tinenturi-
622 1890 640 1920 ¹.
679 1890 800 1922 Verum
819 1902 888 1922 eum
907 1892 947 1923 ad
965 1893 1024 1923 hoe
1042 1893 1144 1923 solum
1162 1893 1301 1924 intencio
1319 1892 1448 1924 nostrak
1472 1893 1637 1934 dirigatur,
1662 1896 1697 1923 ut
1720 1892 1816 1924 oculil
1833 1893 1932 1924 nostri
1951 1891 2080 1936 videant

448 1941 641 1981 equitatem,
672 1943 730 1973 hos
755 1947 911 1975 tractatus
936 1945 1005 1975 sinc
1029 1948 1136 1976 vestro
1167 1946 1298 1976 consilio
1323 1948 1355 1976 et
1379 1956 1514 1976 assensu
1537 1944 1774 1987 perficiendos11¹
1798 1944 1866 1976 fore
1890 1954 1953 1975 non
1978 1943 2080 1975 credi-

446 2002 533 2029 mus,
569 2004 639 2024 cum
671 1995 795 2035 negocii
828 1996 965 2036 qualitas
1002 2000 1035 2027 et
1065 1997 1111 2027 rei
1142 2000 1231 2038 geste
1260 1997 1381 2027 utilitas
1413 1997 1596 2038 specialiter
1620 2008 1676 2028 vos
1701 1997 1880 2038 contingat,
1915 1995 2080 2026 caritatem

445 2048 582 2075 vostram
606 2046 797 2087 requirimus
823 2051 854 2078 ct
873 2059 1022 2088 rogamus
1047 2048 1212 2088 instanter,
1238 2054 1396 2090 quatenus
1422 2049 1639 2090 supradictum
1656 2059 1765 2090 regem
1782 2048 1919 2079 amicum
1936 2050 2079 2078 nostrum

446 2096 648 2127 carissimum
675 2098 705 2127 in
726 2100 869 2139 presenti
886 2104 1023 2131 tractatu
1041 2104 1194 2132 eatenuse
1212 2102 1397 2141 informetis,
1415 2101 1522 2142 quod¹¹
1541 2102 1611 2143 paci
1627 2101 1754 2143 publice
1772 2103 1804 2132 et
1820 2100 1926 2130 divine
1943 2098 2076 2133 iusticie,

444 2158 537 2188 quani
555 2149 687 2189 privatis
712 2151 830 2181 nostris
856 2152 997 2182 comodis
1016 2153 1218 2194 parvipensis
1243 2153 1274 2183 in
1298 2153 1453 2194 agendis⁰
1477 2153 1594 2184 nostris
1616 2163 1744 2194 semper
1761 2152 1924 2193 elegimuS,
1949 2150 2077 2182 creditis

444 2199 609 2240 expedire.
656 2200 697 2230 Et
721 2206 755 2231 ut
779 2205 884 2233 nostre
910 2204 1103 2235 sinceritatis
1129 2205 1261 2235 affectus
1280 2209 1407 2235 vestrep
1432 2205 1604 2246 prudencie
1629 2205 1753 2246 plenius
1778 2205 1951 2241 elucescat,
1975 2203 2075 2234 virum

442 2250 630 2291 religiosum
656 2252 786 2284 fratrem
811 2254 1005 2296 Ilarperium
1031 2256 1150 2287 ordinis
1174 2256 1355 2287 Minorumq
1380 2257 1420 2287 ad
1445 2257 1643 2298 presenciam
1668 2260 1807 2288 vestram
1832 2256 1992 2296 misimus,
2024 2255 2075 2296 qui

444 2306 537 2332 extra
562 2303 684 2335 litteras
709 2305 798 2336 vobis
822 2307 940 2347 poterit
970 2308 1106 2338 iustum⁸³
1138 2309 1168 2338 in
1199 2308 1258 2339 hac
1288 2312 1378 2350 parte
1408 2313 1551 2340 nostrum
1581 2309 1778 2350 propositum
1807 2307 1987 2338 distinctius
2018 2317 2074 2338 ex-

442 2354 570 2394 plicare.

547 2406 666 2438 Datum
691 2412 769 2440 etc.r

514 2456 526 2469 §-

545 2509 606 2535 HG.
627 2516 648 2538 Ἀ)
670 2513 982 2539 nudemus-1-affiwnun
1003 2514 1028 2539 in
1048 2517 1100 2539 solo
1124 2516 1150 2540 ln'.
1231 2515 1253 2544 b)
1273 2515 1338 2540 devs-e
1361 2520 1386 2540 Η.
1470 2516 1491 2548 v)
1512 2517 1578 2541 deese
1601 2516 1627 2541 [ι’.
1707 2515 1732 2547 d)
1751 2517 1836 2548 gracie
1856 2515 1887 2540 Ε.
1974 2514 1996 2546 ⁰)
2015 2523 2071 2539 cou-

440 2553 524 2576 ‹nu-<lia
549 2553 576 2577 Ι’.’.
667 2554 685 2578 ἢ
705 2556 750 2579 sihi
771 2561 793 2580 vr
819 2557 845 2580 ll.
940 2559 963 2589 Η)
983 2563 1005 2582 er
1026 2559 1085 2582 ιιιΙιΙ.
1108 2559 1137 2583 Ja'.
1237 2558 1259 2589 ¹¹)
1279 2560 1440 2583 defendente<
1464 2560 1490 2584 lv).
1588 2559 1606 2591 i)
1626 2561 1801 2592 vxpriununtlu·
1823 2562 1849 2583 (7.
1942 2557 1967 2588 k)
1986 2561 2070 2582 ”Osn‘st

441 2596 548 2619 intem-iu
571 2597 599 2621 la'.
680 2596 696 2622 ¹>
716 2599 762 2622 eli-1
787 2599 813 2623 lz'.
903 2604 932 2627 ¹¹¹)
953 2602 1111 2631 1·1-‹=n›1-0n1l‹·s
1135 2601 1171 2624 Η.)
1282 2602 1306 2631 ¹¹)
1331 2607 1455 2632 quatenus
1484 2604 1510 2626 0.
1618 2604 1642 2633 ⁰)
1662 2603 1786 2635 agendum
1817 2602 1846 2627 Ε.
1941 2603 1965 2631 1¹)
1990 2604 2071 2625 vestre

440 2640 509 2670 prud,
534 2642 561 2664 0.
650 2640 674 2669 Ἰ)
695 2641 748 2664 lum
770 2643 846 2674 llarp.
866 2644 917 2667 ord.
939 2644 998 2667 Min.
1024 2644 1056 2667 Ι·,’;
1076 2646 1102 2668 (¹.
1191 2648 1209 2675 Υ)
1231 2645 1322 2668 batum
1343 2649 1388 2669 ete.
1409 2645 1458 2669 (lt'n'.
1482 2645 1509 2669 lu'.

544 2735 566 2765 l)
588 2734 674 2766 Supra
695 2743 734 2760 nr.
752 2739 803 2759 ΙΗ.

2117 815 2139 833 10

2115 1121 2136 1139 15

2110 1386 2134 1405 20

2109 1644 2131 1663 25

2107 1905 2131 1924 ³0

2103 2163 2126 2182 35

2100 2430 2124 2448 ⁴0

2094 2743 2116 2762 «5
