2259 3164
470 183 625 210 RUDOLFI
646 183 748 210 REGIS
770 183 1092 210 CONSTITUTIONES.
1130 185 1202 211 1‘278.
1239 186 1287 212 Nr.
1304 187 1358 212 1⁴37.
1373 188 1429 213 1025.
1710 191 1765 219 157

137 272 336 310 Wiilesowe,
362 271 491 313 opidum
510 270 678 312 Sempach,
702 270 831 312 opidum
857 270 964 307 Surse,
990 271 1189 302 advocatiam
1214 271 1441 309 Beronensem,
1467 274 1594 315 opidum
1620 275 1708 315 Zuge
1735 279 1767 305 et

137 327 255 354 curtem
279 333 336 354 seu
361 323 479 353 curiam
505 322 621 354 ibidem
647 326 679 353 et
695 322 832 352 officium
850 322 993 353 exterius
1020 333 1089 353 cum
1115 323 1260 354 omnibus
1278 324 1460 355 attinenciis
1485 326 1578 356 bonis
1603 327 1765 356 attinenti-

135 375 194 406 bus
218 374 402 411 antedictis,
426 374 543 405 vallem
568 374 682 415 Agroi,
708 374 824 404 vallem
850 374 881 403 in
906 373 1009 404 Swize
1034 384 1104 404 eum
1131 375 1226 405 curiis
1252 374 1290 405 de
1315 375 1451 417 Kybnrg
1475 380 1506 407 et
1530 377 1568 407 de
1592 377 1766 417 Yroburgh

136 431 168 458 et
190 436 299 457 eorum
316 426 531 467 pertinenciis,
567 426 649 456 Item
672 426 792 456 curiam
809 425 889 456 Arte
914 436 985 455 cum
1011 426 1077 456 suis
1095 426 1276 456 attinenciis
1295 437 1330 456 ac
1348 431 1445 457 totam
1464 428 1627 468 Argoiam,
1651 439 1765 459 seeun-

99 491 109 508 t·
136 479 208 510 dum
233 477 315 519 quod
346 476 505 518 quondam
530 488 637 508 comes
662 477 883 508 Hartmannus
916 477 1020 507 iunior
1052 477 1092 508 de
1116 477 1251 518 Kyburg
1285 483 1317 509 et
1350 479 1402 520 pie
1438 481 1590 510 memorie
1617 481 1766 511 Albertus

86 746 108 764 10

88 1003 109 1022 15

85 1261 108 1280 20

84 1520 107 1538 25

86 1780 108 1798 30

86 2041 108 2060 35

87 2454 110 2472 40

87 2705 111 2724 45

134 530 257 571 genitor
279 532 389 560 noster
418 532 450 560 et
481 539 588 560 comes
612 529 651 560 de
676 528 852 570 Habspurg
875 528 1082 559 Eberhardus
1114 534 1225 560 noster
1257 531 1411 571 patruelis
1437 531 1599 561 habebant
1636 536 1668 562 et
1692 543 1765 573 pos-

135 581 282 612 sidebant
306 580 456 618 eandem,
481 591 551 611 cum
577 581 726 611 omnibus
751 581 845 611 bonis
870 581 963 611 cultis
988 584 1020 611 ct
1045 581 1191 618 incultis,
1216 582 1275 612 viis
1300 586 1332 612 et
1356 583 1463 619 inviis,
1489 584 1604 624 pratis,
1629 584 1765 613 nemori-

135 633 203 671 bus,
228 632 365 674 pascuis,
389 632 522 673 stagnis,
547 633 639 673 aquis
657 643 874 674 aquarumque
893 632 1091 668 decursibus,
1117 643 1186 663 cum
1210 633 1401 671 hominibus,
1426 633 1619 664 districtibus
1644 645 1766 665 necnon

137 684 218 715 omni
244 684 311 715 iure
336 684 455 725 pariter
479 684 658 720 ethonore,
682 684 827 725 exceptis
852 684 956 725 opidis
974 684 1215 724 Bremegarten,
1240 685 1439 726 Meienberg,
1464 685 1594 726 Brugge
1619 689 1650 716 et
1674 686 1766 716 bonis

137 735 200 766 suis
224 735 255 766 in
280 735 400 776 predio,
425 735 508 776 quod
532 735 711 776 vulgariter
735 735 850 766 dieitur
878 736 908 766 in
939 735 1012 766 dem
1036 735 1151 776 Eigen.
1240 736 1288 777 (3)
1313 736 1361 767 Ita
1393 736 1475 777 quod
1504 737 1588 767 dicta
1612 737 1766 770 Iohanna,

137 787 162 818 si
187 797 223 818 ea
247 787 420 828 superstite
444 787 548 818 dictus
572 787 614 818 Π.
639 788 723 818 filius
748 791 859 818 noster
883 790 969 817 sorte
994 787 1164 818 fatalitatis
1189 788 1326 818 humane
1351 788 1539 827 decesserit,
1563 789 1669 819 omnia
1693 799 1766 829 pre-

138 842 248 870 notata
270 838 353 869 bona
371 838 410 869 ad
434 842 580 880 tempora
604 839 668 869 vite
694 850 750 870 sue
774 839 908 880 pacifice
933 843 965 870 et
988 839 1096 880 quiete
1120 839 1297 880 possideat,
1327 840 1397 880 ipsa
1422 843 1528 870 tamen
1554 839 1701 871 defuncta
1727 840 1766 870 ad

134 888 269 921 heredes
294 893 418 921 nostros
448 890 621 931 legittimos
655 891 758 921 libere
789 901 978 930 reversura,
1007 891 1032 921 si
1057 891 1214 932 prefatam
1239 891 1262 921 Ι.
1288 902 1306 921 a
1335 890 1478 932 predicto
1502 891 1543 922 H.
1569 891 1632 922 filio
1658 895 1766 922 nostro

133 942 254 983 prolem
280 952 341 972 non
366 942 536 983 contigerit
554 943 746 984 suscepisse.
782 942 902 973 Verum
928 943 964 981 si,
989 942 1053 972 filio
1079 946 1188 973 nostro
1213 942 1416 973 Hartmanno
1442 942 1583 983 predicto
1608 943 1766 983 pinguiori

136 1003 286 1034 processu
303 994 457 1034 temporis
475 994 636 1024 arridente
653 994 789 1032 fortuna,
814 994 938 1036 prefato
956 994 1133 1035 Anglorum
1152 995 1219 1035 regi
1237 995 1402 1036 placuerit,
1427 994 1511 1035 quod
1536 995 1567 1025 in
1585 995 1656 1024 aliis
1675 994 1767 1024 terris

134 1048 165 1075 et
194 1044 287 1083 loeis,
325 1055 386 1085 que
424 1045 527 1086 ipsum
560 1045 660 1076 filium
697 1050 841 1076 nostrum
872 1045 1006 1087 adipisci
1041 1046 1225 1087 contigerit⁷
1258 1046 1421 1087 sepedicto
1454 1046 1517 1076 filie
1543 1056 1599 1076 sue
1624 1045 1766 1076 Iohanne

134 1095 266 1126 donacio
284 1099 413 1137 propter
430 1097 563 1138 nupcias
581 1097 774 1138 assignetur,
800 1097 980 1128 huiusmodi
1000 1098 1199 1139 pei-mutacio
1224 1097 1283 1128 sibi
1307 1098 1362 1127 fiet
1386 1108 1442 1138 pro
1467 1108 1522 1127 sue
1547 1097 1638 1128 libito
1655 1097 1766 1128 volun-

133 1147 216 1178 tatis.
307 1147 353 1188 (4)
377 1147 420 1178 Et
444 1158 540 1189 super
564 1148 624 1178 hiis
649 1149 795 1179 omnibus
821 1152 885 1180 tam
910 1149 1058 1180 sollerter
1082 1160 1175 1190 quam
1200 1149 1338 1180 fideliter
1363 1149 1575 1190 adimplendis
1595 1149 1764 1179 caueiones

133 1199 342 1229 rationabiles
368 1202 399 1230 et
423 1199 585 1238 honestas,
610 1210 689 1241 quas
714 1200 798 1231 idem
823 1201 1001 1241 Anglorum
1027 1212 1084 1231 rex
1109 1201 1228 1231 habere
1254 1202 1417 1234 maluerit,
1448 1202 1476 1232 ei
1500 1201 1584 1231 bona
1608 1200 1669 1231 fide
1694 1211 1766 1241 pro-

134 1250 285 1280 mittimus
310 1261 365 1281 nos
390 1250 533 1282 daturos.
578 1251 614 1282 In
639 1263 773 1293 quorum
798 1253 937 1283 omnium
964 1253 1184 1283 testimonium
1209 1257 1241 1283 et
1266 1253 1465 1284 evideneiam
1491 1252 1667 1294 pleniorem
1693 1262 1766 1293 pre-

134 1312 208 1333 sens
226 1302 377 1343 scriptum
396 1302 513 1334 exinde
532 1304 689 1334 conscribi
707 1308 738 1335 et
754 1305 932 1335 maiestatis
949 1308 1056 1335 nostre
1073 1304 1177 1345 sigillo
1196 1305 1344 1335 iussimus
1360 1304 1560 1335 communiri.
1643 1304 1689 1343 (5)
1702 1303 1767 1333 Nos

133 1354 231 1384 eciam
256 1353 411 1385 Albertus
437 1358 468 1385 et
492 1355 722 1392 Hartmannus,
747 1356 803 1386 filii
828 1357 1023 1387 serenissimi
1048 1357 1201 1397 principis
1226 1356 1343 1386 domini
1369 1356 1466 1387 nostri
1489 1355 1527 1386 R.
1545 1355 1763 1385 Romanorum

133 1405 232 1446 regie,
257 1405 295 1436 de
319 1405 494 1447 Hapsburg
523 1410 555 1437 et
586 1406 625 1438 de
650 1407 776 1448 Kiburg
800 1408 953 1447 comites,
982 1408 1131 1439 Alsaeiae
1163 1408 1333 1449 lantgravii
1368 1408 1593 1449 suprascriptis
1619 1406 1765 1436 omnibus

133 1460 275 1488 nostrum
299 1457 451 1495 liberum,
480 1458 611 1499 plenum
636 1462 668 1489 et
692 1459 873 1490 ultroneum
899 1459 1088 1490 adhibentes
1113 1470 1297 1492 assensum,
1322 1470 1360 1490 ea
1385 1460 1416 1489 in
1440 1459 1573 1499 singulis
1599 1458 1664 1488 suis
1688 1458 1763 1487 arti-

134 1508 228 1547 culis,
253 1512 345 1550 prout
369 1513 442 1540 sunt
466 1520 623 1551 expressa
646 1511 808 1552 superius,
840 1511 921 1542 bona
946 1511 1008 1542 fide
1033 1516 1097 1542 tam
1128 1515 1196 1542 rata
1221 1522 1314 1552 quam
1340 1511 1527 1541 inconvulsa
1550 1509 1764 1551 promittimus

133 1570 191 1591 nos
216 1564 372 1602 perpetuo
397 1565 594 1601 servaturos,
624 1562 731 1602 sigilla
755 1566 863 1593 nostra
894 1563 924 1593 in
957 1563 1080 1594 stabilis
1110 1563 1268 1593 firmitatis
1300 1562 1448 1592 indicium
1479 1572 1543 1592 una
1567 1572 1637 1592 eum
1663 1560 1764 1601 sigillo

134 1611 267 1653 predicti
289 1612 409 1643 domini
433 1614 560 1654 augusti
586 1614 742 1654 genitoris
767 1615 868 1645 nostri
893 1615 1096 1655 presentibus
1121 1614 1354 1656 appendentes.
1444 1613 1492 1654 (6)
1517 1613 1632 1644 Testes
1657 1616 1763 1642 autem

133 1663 225 1694 huius
256 1664 301 1695 rei
332 1667 421 1695 sunt:
457 1664 496 1697 G.
513 1664 725 1696 virdunensis
758 1670 790 1696 et
813 1666 854 1696 H.
879 1665 1070 1697 Basiliensis
1101 1666 1259 1707 episcopi,
1290 1666 1327 1696 A.
1354 1666 1452 1696 maior
1476 1664 1636 1695 'Bullensis
1660 1663 1763 1694 arehi-

133 1715 297 1753 diaconus,
324 1715 361 1747 G.
387 1716 541 1748 Soliensis
565 1720 596 1747 et
620 1717 659 1749 A.
678 1716 867 1748 werdensis
892 1719 1063 1759 prepositi,
1088 1718 1186 1748 frater
1210 1717 1417 1758 Beringerius
1442 1716 1480 1747 de
1506 1716 1615 1747 ordine
1640 1715 1760 1756 Hospi-

134 1767 206 1797 talis
236 1768 337 1798 sancti
366 1767 519 1799 Iohannis
545 1768 819 1807 Ierosolomitani,
854 1769 898 1801 H.
922 1769 960 1800 de
984 1769 1223 1810 Kerstenberg,
1253 1768 1290 1800 Ε.
1315 1768 1353 1798 dc
1379 1767 1706 1807 Catzenellenbogen,
1731 1790 1761 1796 ..

138 1817 176 1849 de
200 1818 417 1861 Toggenburg
448 1823 479 1850 et
502 1819 541 1850 R.
565 1820 604 1851 de
628 1819 890 1862 Raprehiswiller
914 1821 1064 1857 comites,
1098 1820 1133 1851 C.
1158 1820 1348 1860 burgravius
1372 1819 1411 1850 de
1436 1819 1627 1859 Nurenberg
1651 1818 1763 1855 iunior,

134 1869 254 1911 dapifer
276 1874 308 1901 et
332 1895 362 1902 ..
389 1872 582 1902 camerarius
607 1872 754 1908 Austrie,
786 1873 824 1903 A.
849 1872 888 1903 de
914 1872 1112 1913 Cum-ingen,
1141 1871 1265 1902 Tumbo
1298 1871 1337 1901 de
1366 1870 1456 1901 Novo
1487 1870 1614 1905 Castro,
1648 1869 1764 1899 Petrus

137 1920 296 1953 Scalarius
320 1922 360 1953 de
384 1922 513 1954 Basilea
536 1923 653 1954 milites
678 1923 795 1964 aliique
821 1934 914 1964 quam
939 1924 1056 1965 plures.

239 1981 310 2013 Dat.
335 1982 485 2019 Wienne,
511 1983 550 2014 V.
568 1983 649 2014 Non.
674 1982 759 2020 Maii,
785 1984 892 2015 indict.
910 1984 967 2022 VI,
992 1995 1075 2015 anno
1100 1983 1228 2014 Domini
1252 1981 1551 2021 MCCLXXVIIIb‚
1576 1982 1665 2022 regni
1691 1992 1763 2011 vero

135 2033 231 2064 nostri
255 2044 337 2064 anno
361 2035 481 2075 quinto.

170 2176 242 2210 168.
270 2178 331 2210 RA
338 2179 387 2210 TI
388 2180 559 2211 HABITI
560 2180 585 2211 O
608 2180 828 2212 PROMLS'SI
830 2180 892 2212 ΟΝ
895 2181 908 2212 I
912 2181 967 2211 VM
986 2181 1078 2211 PER
1104 2180 1314 2212 PROCURA
1324 2179 1467 2210 Telelis
1490 2179 1551 2210 DA
1558 2179 1614 2209 TA
1621 2179 1669 2209 R(
1677 2178 1731 2209 til.

817 2233 909 2263 1273.
945 2233 1028 2264 Mai.
1052 2234 1080 2264 3.

241 2299 293 2330 Ex
315 2300 415 2331 eodem
439 2300 553 2332 Rotulo
577 2311 626 2331 nr.
644 2303 672 2332 7.
698 2319 737 2323 —
762 2300 905 2333 Bahmer,
930 2300 1003 2339 Rey.
1024 2301 1095 2339 imp.
1116 2301 1256 2332 VL940.
1474 2299 1526 2337 (P.
1551 2300 1656 2339 ‹lans-ff.)

243 2393 433 2436 Rudolphus
457 2394 519 2426 Dei
544 2396 647 2436 gratia
671 2394 888 2426 Romanorum
916 2406 972 2426 rex
1002 2405 1129 2436 semper
1152 2398 1306 2435 augustus
1336 2393 1491 2424 universis
1521 2394 1602 2423 sacri
1627 2392 1759 2422 Romani

136 2443 256 2485 imperii
280 2445 426 2477 fidelibus
451 2451 619 2488 presentes
644 2447 768 2478 litteras
795 2447 988 2488 inspecturis
1013 2447 1147 2487 gratiam
1174 2456 1262 2476 suam
1289 2448 1320 2476 et
1344 2456 1436 2475 omne
1462 2445 1587 2475 bonum.

239 2496 464 2528 Universitatis
492 2502 597 2529 vestre
622 2499 738 2529 notieie
762 2498 963 2529 declaramus
989 2498 1176 2539 simpliciter
1205 2500 1235 2526 et
1260 2496 1386 2536 publice
1412 2500 1644 2536 protestantes,
1677 2494 1759 2535 qnod

137 2556 207 2578 eum
233 2548 294 2579 iam
319 2549 441 2590 pridem
464 2550 683 2581 venerabilem
701 2550 976 2581 I{.Basilie11sen1
1002 2550 1187 2590 episcopum
1205 2548 1379 2588 principem
1404 2552 1544 2577 nostrum
1563 2547 1759 2577 carissimum

137 2601 168 2628 et
192 2599 377 2640 magistrum
395 2601 588 2643 And1·(eam)
607 2602 803 2643 prepositum
818 2601 1031 2631 W'erdenscn]
1056 2600 1229 2631 familiares
1247 2603 1369 2629 nostros
1394 2599 1432 2629 ad
1451 2599 1650 2637 magnifieum
1676 2597 1759 2637 prin-

137 2648 240 2689 cipem
267 2650 427 2682 dominum
444 2652 638 2683 Edwardum
658 2652 719 2683 Dei
743 2653 847 2693 gratia
871 2663 978 2693 regem
997 2652 1115 2691 Anglie
1140 2662 1236 2692 super
1258 2651 1457 2680 matrimonio
1483 2651 1563 2679 inter
1588 2649 1757 2678 Hartman>-

138 2709 209 2730 num
241 2701 279 2733 de
303 2701 479 2744 Habspurg
508 2708 540 2734 et
569 2704 607 2734 de
638 2703 774 2745 Kyburg
805 2704 968 2739 comitem,
1004 2703 1132 2732 Alsacie
1167 2702 1392 2741 lantgravium.
1428 2700 1525 2729 tilium
1557 2704 1697 2729 nostrum
1729 2702 1756 2727 vt

237 2794 298 2821 167.
318 2795 342 2825 b)
361 2797 407 2821 VII
427 2801 456 2822 tr.
