2259 3164
82 764 105 783 10

83 1023 104 1041 15

82 1280 105 1300 20

82 1538 105 1558 25

81 1795 104 1815 3⁰

83 2050 104 2069 35

83 2307 106 2326 40

83 2563 106 2583 45

504 191 659 218 RUDOLFI
679 192 782 219 REGIS
801 193 1120 221 CONSTITUTIONES.
1159 197 1231 222 1279.
1268 197 1384 223 N1·.‘237.
1702 201 1763 232 229

239 281 288 311 21.
313 280 383 318 (19.)
407 279 489 310 Item
514 279 597 321 quod
627 280 683 310 fiat
710 280 947 311 matrimonium
982 281 1054 311 olim
1088 285 1256 314 tractatum
1288 295 1346 325 per
1375 284 1536 316 dominum
1562 286 1762 327 Gregorium,

133 332 214 375 quod
242 332 296 363 illa
322 331 387 362 filia
414 331 500 372 regis
525 331 710 370 Ahmanie,
747 331 786 363 de
822 343 884 373 qua
922 335 1092 363 tractatum
1117 334 1175 364 fuit
1205 338 1236 365 et
1259 345 1320 375 que
1345 336 1438 366 debet
1460 337 1528 367 dari
1552 338 1763 379 primogenito

130 384 293 428 principis,
318 383 463 414 mittatur
486 383 526 413 ad
550 393 659 424 regem
685 383 803 423 Sicilie,
829 384 910 414 sicut
934 388 967 415 et
991 384 1116 425 quando
1141 385 1300 416 videbitur
1324 387 1451 418 domino
1477 400 1570 431 pape.

237 437 286 467 22.
311 437 385 473 (20.)
409 434 492 465 Item
517 433 556 465 de
580 434 656 465 dote
682 435 723 465 sit
746 435 776 465 in
802 435 1005 477 beneplacito
1029 435 1166 467 Romani
1191 438 1359 478 pontificis.

235 489 285 518 23.
309 488 386 526 (21.)
411 486 559 517 Omnium
585 488 711 524 autem.
736 497 797 527 que
824 487 908 518 inter
932 487 1150 518 Romanorum
1183 492 1214 519 et
1243 488 1352 520 Sicilie
1383 501 1477 531 reges
1503 492 1641 523 illustres
1667 504 1764 535 super

130 539 292 582 premissis
327 541 478 579 agentur,
518 540 688 579 antequam
735 538 922 569 ordinentur
964 542 995 569 et
1030 539 1104 569 dum
1141 540 1373 571 ordinabuntur
1402 547 1434 572 ct
1466 547 1635 584 postquam
1666 546 1761 575 etiam

132 595 222 625 erunt
246 590 394 622 ordinata
418 593 450 621 et
473 590 598 620 firmata
623 600 679 631 per
703 593 822 631 partes,
847 591 943 631 plena
968 591 1190 632 interpretatio
1209 595 1240 622 et
1257 592 1431 623 declaratio
1449 594 1584 625 Romani
1602 597 1761 636 pontificis

130 644 161 675 in
185 643 244 674 hiis
269 642 416 673 omnibus
440 641 545 673 eidem
563 641 709 672 Romano
727 642 867 683 pontifici
892 646 1086 681 reservetur,
1111 644 1200 674 cuius
1226 644 1523 685 interpretationem
1543 658 1599 678 seu
1618 648 1761 679 declara-

131 696 250 727 tionem
274 693 454 725 faciendam
480 693 577 724 etiam
602 693 737 734 simplici
763 694 860 724 verbo
884 697 992 735 partes
1018 698 1190 726 teneantur
1213 697 1374 727 scrvare¹.

236 748 284 777 24.
309 748 384 785 (22.)
413 745 494 776 Item
529 745 634 786 agitur
668 745 752 786 quod
789 756 846 776 rex
881 745 989 777 Sicilie
1026 747 1076 777 vel
1113 748 1180 778 eius
1211 747 1348 779 heredes
1378 760 1487 789 regem
1512 750 1681 781 Alamanie
1705 762 1763 792 per
1798 749 1868 792 02²³*

130 810 164 831 se
187 798 238 830 vel
269 808 327 840 per
357 797 436 828 alios
465 807 528 828 non
560 797 724 828 offendent
748 797 779 827 in
804 797 928 838 aliquo.
963 808 1021 828 nec
1047 799 1228 829 volentibus
1254 800 1357 840 ipsum
1384 801 1547 832 offendere
1572 802 1762 843 prestabunt

130 850 299 887 auxilium,
330 848 494 879 consilium
529 848 577 878 vel
609 848 752 879 favorem
781 848 910 889 publice
945 849 994 879 vel
1025 850 1159 882 occulte.
1213 850 1385 892 Imperium
1417 853 1512 883 etiam
1544 854 1592 883 vel
1624 855 1762 895 aliquam

131 902 198 934 eius
222 904 345 943 partem
371 910 433 930 non
458 899 661 940 occupabunt
684 900 732 930 vel
758 900 909 931 invadent
934 911 991 942 per
1016 912 1049 932 se
1076 902 1125 932 vel
1150 913 1207 943 per
1231 903 1309 933 alios
1334 914 1392 934 nec
1417 905 1566 946 occupari
1591 906 1639 935 vel
1657 906 1763 937 invadi

131 953 359 996 procurabunt,
393 962 452 983 nec
476 951 628 982 invadere
653 952 704 982 vel
733 962 892 994 occupare
924 953 1154 994 temptantibus
1183 954 1372 995 prcstabunt
1395 956 1564 992 auxilium,
1596 958 1761 988 consilium

131 1006 180 1037 vel
211 1005 352 1036 favorem
385 1004 546 1046 publicum
572 1004 622 1034 vel
652 1004 822 1036 occultum.
883 1004 988 1035 Salvis
1025 1005 1056 1035 in
1090 1006 1253 1046 premissis
1283 1017 1343 1047 que
1372 1008 1404 1037 in
1434 1007 1492 1038 hoc
1525 1009 1657 1039 articulo
1688 1020 1761 1040 con-

132 1058 272 1089 tinentur
296 1056 485 1088 auctoritate
511 1058 542 1086 et
565 1055 715 1086 mandato
740 1055 875 1086 Romani
899 1056 1059 1097 pontificis
1084 1057 1134 1087 vel
1160 1058 1336 1098 apostolice
1361 1058 1454 1090 sedis.

235 1110 283 1139 25.
309 1110 385 1146 (23.)
414 1107 495 1138 Item
534 1107 691 1137 vassallos
729 1118 802 1137 suos
846 1111 956 1138 contra
988 1108 1203 1149 predictorum
1245 1109 1363 1150 aliquid
1395 1110 1552 1142 facientes
1583 1122 1639 1153 pro
1668 1123 1763 1153 posse

129 1161 214 1192 bona
236 1160 298 1191 fide
325 1162 531 1201 compescent
555 1163 585 1190 et
609 1159 753 1200 punient.
801 1159 903 1190 Salvis
933 1161 964 1191 in
988 1161 1151 1202 premissis
1177 1171 1236 1202 quc
1262 1162 1291 1191 in
1317 1162 1375 1192 hoc
1399 1163 1532 1193 articulo
1561 1165 1765 1195 continentur

130 1213 315 1244 auctoritate
341 1215 372 1242 et
395 1211 547 1242 mandato
575 1210 714 1241 Romani
738 1212 898 1252 pontificis
923 1212 972 1243 vel
999 1213 1174 1254 apostolice
1198 1213 1294 1244 sedis.

236 1266 286 1295 26.
312 1265 386 1302 (24.)
424 1263 505 1294 Item
540 1263 564 1293 si
599 1273 656 1293 rex
692 1262 802 1293 Sicilie
838 1266 949 1294 contra
984 1264 1128 1304 predicta
1160 1265 1210 1295 vel
1241 1265 1367 1306 aliquod
1393 1266 1621 1307 predictorum,
1647 1278 1707 1308 que
1733 1268 1763 1298 in

130 1315 311 1359 precedenti
344 1315 480 1346 articulo
510 1315 564 1345 ubi
595 1315 737 1355 loquitur
767 1314 806 1345 <le
836 1315 971 1356 imperio
1003 1316 1225 1349 continentur,
1264 1317 1400 1355 faceret,
1435 1318 1529 1349 liceat
1558 1319 1704 1349 omnibus
1733 1324 1764 1350 et

131 1368 261 1409 singulis
292 1367 503 1409 principibus,
529 1366 719 1403 baronibus.
744 1367 891 1397 vassallis
917 1370 949 1397 et
973 1368 1222 1398 comunitatibus
1247 1369 1336 1409 regni
1362 1368 1468 1400 Sicilie
1493 1373 1524 1400 et
1549 1371 1645 1401 totius
1670 1376 1763 1409 terre,

130 1430 188 1462 que
220 1422 268 1451 est
306 1419 384 1450 citra
418 1418 537 1450 Farum
573 1428 673 1460 usque
702 1418 741 1449 ad
771 1419 908 1449 confinia
939 1422 1095 1450 terrarum
1133 1419 1279 1451 Romane
1310 1421 1462 1452 ecclesie.
1495 1432 1555 1462 que
1588 1423 1671 1453 idem
1706 1434 1764 1455 rex

134 1471 238 1503 Sicilie
262 1482 280 1503 a
303 1471 449 1502 Romana
481 1473 570 1501 tenet
603 1471 753 1507 ecclesia.
785 1474 816 1501 et
845 1471 984 1501 omnium
1015 1471 1148 1502 aliarum
1182 1476 1337 1502 terrarum
1373 1483 1517 1513 suarum,
1553 1485 1613 1515 que
1638 1479 1710 1505 sunt
1734 1477 1763 1506 in

131 1524 276 1566 imperio,
311 1522 349 1554 ad
374 1522 558 1553 mandatum
584 1521 720 1553 Romani
744 1522 902 1563 pontificis
928 1523 978 1553 vel
1003 1523 1088 1553 sedis
1118 1524 1290 1564 apostolice
1320 1524 1430 1555 iuvare
1461 1535 1570 1566 regem
1595 1526 1763 1557 Alamanic

130 1579 161 1607 et
188 1576 411 1617 imperatorem
448 1575 666 1606 Romanorum
704 1577 815 1605 contra
849 1585 957 1615 regem
991 1574 1098 1605 Sicilie
1129 1579 1160 1606 ct
1193 1575 1330 1606 heredes
1367 1587 1440 1606 suos
1470 1576 1508 1607 ad
1544 1577 1761 1609 defensionem

130 1627 263 1669 imperii.
308 1626 351 1658 Et
375 1637 432 1668 pro
458 1636 495 1657 eo
521 1625 605 1667 quod
630 1625 785 1656 iuvabunt
809 1626 1033 1667 imperatorem
1059 1627 1108 1657 vel
1133 1637 1242 1667 regem
1268 1627 1443 1668 predictum
1469 1628 1508 1658 ad
1526 1628 1762 1661 defendendum

130 1678 295 1720 imperium
329 1681 438 1709 contra
473 1688 581 1719 regem
613 1677 719 1708 Sicilie
748 1678 799 1708 vel
828 1678 964 1709 heredes
996 1690 1084 1713 snos,
1117 1690 1179 1709 non
1212 1682 1400 1720 reputentur
1430 1680 1548 1720 aliquid
1577 1681 1683 1721 egisse
1713 1682 1762 1712 vel

132 1740 224 1771 agere
260 1734 369 1761 contra
402 1729 586 1770 homagium
622 1730 671 1760 vel
707 1729 895 1760 fidelitatem
931 1730 970 1761 ab
1006 1731 1084 1772 ipsis
1114 1731 1247 1772 prestita
1279 1731 1329 1761 vel
1359 1731 1531 1772 prestanda
1561 1733 1629 1773 regi
1655 1733 1762 1764 Sicilie

129 1785 161 1812 et
182 1781 353 1813 heredibus
382 1782 458 1812 suis.
503 1781 545 1812 Et
570 1781 653 1822 quod
679 1785 808 1822 propter
831 1782 986 1812 auxilium
1012 1782 1061 1813 vel
1087 1783 1246 1820 iuvamen,
1271 1782 1355 1822 quod
1381 1783 1410 1813 in
1438 1783 1495 1813 hoc
1522 1794 1597 1814 casu
1615 1784 1653 1814 ad
1671 1795 1760 1815 man-

127 1833 232 1864 datum
269 1833 405 1864 Romani
438 1833 595 1875 pontificis
631 1833 681 1863 vel
723 1832 807 1864 sedis
848 1833 1023 1874 apostolice
1063 1834 1253 1875 prestabunt
1294 1834 1478 1875 imperatori
1514 1836 1564 1866 vel
1601 1836 1668 1876 regi
1700 1836 1762 1866 Ro-

129 1894 302 1924 manorum,
327 1885 448 1915 nullum
473 1884 655 1925 dampnum.
681 1884 907 1915 detrimentum
932 1885 982 1916 vel
1007 1886 1159 1916 iacturam
1186 1886 1245 1927 ipsi
1263 1886 1312 1916 vel
1330 1896 1437 1917 eorum
1456 1887 1592 1918 heredes
1611 1888 1641 1917 in
1658 1888 1762 1918 feudis

129 1939 159 1967 et
185 1937 292 1975 terris,
327 1946 386 1978 que
417 1937 448 1967 in
473 1946 570 1977 regno
597 1936 704 1967 Sicilie
730 1939 761 1967 et
785 1940 853 1967 tota
877 1940 962 1967 terra
986 1937 1136 1978 predictis
1162 1942 1291 1975 tenent.
1327 1939 1488 1969 incurrent
1513 1939 1562 1970 vel
1592 1940 1762 1980 accipient.

127 1986 168 2018 Et
200 1988 283 2029 quod
316 1988 462 2019 homines
491 1998 549 2019 seu
579 1988 708 2018 vassalli
745 1989 835 2028 regni
861 1988 969 2019 Sicilie
1003 1999 1064 2019 non
1102 1992 1272 2020 tencantur
1309 1990 1439 2021 obedire
1470 1991 1529 2031 ipsi
1558 1991 1626 2031 regi
1655 1990 1761 2021 Sicilie

130 2039 246 2071 volenti
268 2050 325 2081 per
350 2051 383 2071 se
407 2040 459 2071 vel
483 2050 542 2081 per
565 2039 662 2070 alium
687 2040 855 2081 imperium
882 2040 930 2071 vel
956 2040 1095 2081 aliquam
1120 2041 1188 2071 cius
1212 2045 1346 2082 partem.
1372 2045 1406 2072 ut
1430 2041 1550 2072 dictum
1575 2045 1640 2077 est,
1666 2053 1760 2073 occu-

128 2101 223 2132 pare,
259 2091 409 2123 invadere
439 2101 495 2122 seu
526 2092 557 2122 in
593 2091 698 2132 aliquo
737 2091 911 2123 offendere.
968 2091 1072 2122 Salvis
1111 2092 1141 2122 in
1178 2093 1342 2133 premissis
1376 2104 1436 2134 que
1469 2094 1500 2123 in
1530 2093 1590 2123 hoc
1627 2094 1761 2124 articulo

130 2142 327 2174 continentur
347 2144 538 2174 auctoritate
562 2146 593 2174 et
618 2142 768 2174 mandato
792 2143 930 2173 Romani
955 2144 1113 2184 pontificis
1138 2145 1188 2175 vel
1214 2145 1391 2186 apostolice
1416 2144 1512 2175 sedis.

232 2196 280 2226 27.
303 2197 377 2234 (25.)
401 2195 484 2226 Item
508 2205 566 2225 rex
591 2194 701 2225 Sicilie
727 2205 789 2225 non
815 2195 938 2225 iuvabit
962 2195 1109 2226 inimicos
1135 2196 1220 2237 regis
1247 2196 1416 2227 Alamanie
1441 2199 1547 2226 contra
1573 2196 1676 2237 ipsum
1702 2206 1759 2227 nec
1796 2229 1801 2233 ,

130 2254 184 2276 rex
215 2245 383 2277 Alamanie
423 2246 567 2277 inimicos
613 2247 697 2288 regis
737 2246 844 2277 Sicilie
887 2249 998 2277 contra
1040 2248 1153 2288 ipsum.
1213 2247 1316 2278 Salvis
1355 2248 1385 2278 in
1428 2248 1591 2289 premissis
1632 2258 1692 2289 que
1728 2248 1758 2278 in

131 2295 189 2327 hoe
213 2298 344 2329 articulo
369 2299 571 2329 eontinentur
594 2299 785 2329 auctoritate
811 2302 843 2329 et
867 2298 1016 2329 mandato
1042 2299 1178 2330 Romani
1202 2299 1361 2341 pontificis
1386 2299 1436 2329 vel
1461 2300 1636 2340 apostolice
1663 2299 1756 2330 sedis.

130 2345 171 2378 Et
210 2352 344 2391 excepto
387 2350 469 2391 quod
513 2351 538 2380 si
582 2360 638 2380 rex
673 2350 783 2381 Sicilie
820 2350 956 2381 haberet
995 2361 1143 2391 guerram
1180 2355 1292 2382 contra
1329 2351 1496 2381 ecclesiam
1533 2351 1582 2381 vel
1622 2351 1756 2381 ecclesia

131 2403 237 2431 contra
259 2400 379 2442 ipsum,
411 2402 514 2443 possit
539 2400 608 2443 [rex
632 2401 812 2443 Alamanie]
835 2402 1013 2433 Romanam
1047 2403 1216 2434 ecelesiam
1250 2402 1352 2433 libere
1382 2402 1546 2436 adiuvare,
1584 2406 1615 2432 et
1646 2402 1671 2432 si
1702 2413 1757 2432 rex

130 2449 293 2484 Alamanie
325 2452 457 2484 haberet
490 2464 639 2495 guerram
670 2461 780 2485 eontra
815 2455 985 2486 eeclesiam
1022 2455 1072 2486 vel
1109 2455 1246 2486 ecclesia
1275 2458 1384 2485 contra
1413 2455 1533 2495 ipsum.
1569 2455 1668 2495 possit
1701 2465 1756 2484 rex

131 2500 235 2534 Sicilie
267 2502 441 2536 Romanam
483 2506 655 2536 ecclesiam
695 2506 795 2537 libere
837 2506 998 2537 adiuvare.
1051 2506 1160 2537 Possit
1200 2507 1296 2537 etiam
1338 2518 1394 2537 rex
1437 2506 1604 2536 Alamanie
1649 2516 1755 2545 regem

131 2551 268 2595 Ungarie
302 2556 410 2589 iuvare
446 2558 477 2588 in
507 2557 721 2589 defendendo.
781 2558 838 2589 Set
880 2569 939 2590 nec
975 2558 1013 2589 de
1047 2558 1226 2589 hominibus
1263 2558 1388 2600 imperii
1423 2558 1525 2599 possit
1558 2568 1615 2588 rex
1648 2556 1755 2587 Sicilie

132 2606 245 2636 servire
279 2607 373 2639 alicui
408 2612 518 2640 contra
552 2619 661 2650 regem
690 2609 909 2640 Romanorum
943 2610 992 2640 vel
1025 2610 1254 2651 imperatorem
1296 2620 1355 2640 nec
1390 2609 1429 2639 de
1461 2608 1641 2638 hominibus
1671 2608 1754 2647 regis

131 2654 260 2690 Francie
284 2662 432 2691 teneatur
455 2661 574 2692 servire
599 2661 694 2691 alicui
719 2665 830 2692 contra
854 2672 963 2703 regem
989 2661 1136 2692 Francie.
1183 2662 1287 2692 Salvis
1312 2661 1342 2690 in
1367 2660 1532 2702 premissis
1557 2670 1617 2700 qne
1643 2660 1670 2689 in
1696 2659 1754 2688 hoc

131 2708 257 2740 articulo
281 2712 481 2743 continentur
504 2713 694 2743 auctoritate
719 2717 751 2744 et
775 2713 927 2744 mandato
952 2713 1087 2743 Romani
1113 2713 1273 2754 pontificis
1297 2713 1347 2742 vel
1373 2712 1547 2752 apostolice
1573 2710 1668 2740 sedis.

228 2805 252 2838 1)
277 2805 305 2831 V.
320 2814 347 2838 p.
362 2810 412 2833 223
430 2815 456 2833 n.
472 2813 491 2834 1.

1785 752 1809 764 ni·

1788 1106 1839 1125 ibid.

1787 1138 1804 1151 c.
1821 1134 1839 1152 ’2.

1788 1259 1838 1278 ilud.

1787 1291 1805 1304 (⁸.
1821 1289 1840 1306 3.

1784 2186 1834 2207 ibid.
