2259 3116
427 112 488 142 422
803 109 959 136 RUDOLFI
979 110 1085 137 REGIS
1104 109 1423 137 CONSTITUTIONES.
1460 112 1534 138 1290,
1570 110 1690 138 Nr.43s›.

755 291 832 324 435.
859 292 1112 324 COMMISSIO
1138 293 1330 324 TERRAE
1349 292 1547 324 FRISIAE.
1593 293 1655 324 Iul.
1672 294 1722 324 29.

536 361 631 392 Dedit
656 361 755 391 Herrc
778 372 815 392 ea·
842 361 872 402 1)
897 364 924 392 et
948 361 981 403 2)
1005 362 1123 393 duobus
1145 362 1348 401 antoqrswlu's
1374 362 1454 393 inter
1475 372 1507 392 se
1523 362 1792 399 concordantibus,
1815 372 1895 402 quae
1918 362 1953 393 ‘ln
1976 363 2065 394 tabu-

428 413 507 443 lario
538 416 650 444 secreto
679 413 787 444 domus
816 413 917 453 reyiac
940 413 1129 444 Rawarime
1157 416 1368 444 (essm-miurus.
1416 413 1526 453 Siyilla
1549 413 1625 452 plus
1652 414 1791 444 minusve
1821 413 1905 445 laesa
1931 414 2066 453 pendent

431 464 495 503 filis
517 466 625 496 sericis
648 465 736 495 rubei
758 464 876 496 caloris.
902 484 941 488 —
965 464 1110 503 Bijlwner,
1136 465 1210 505 Πομ.
1228 466 1300 505 ‘imp
1324 465 1486 503 1'L223:'›2.
1775 465 1829 505 (P.
1854 466 1959 503 deest.)

536 586 695 617 Rudolfus
720 586 781 618 Dei
806 587 916 627 gracia
935 586 1152 617 Romanorum
1178 596 1235 616 rex
1261 596 1389 628 semper
1412 589 1568 627 augustus
1592 586 1751 617 universis
1777 589 1809 617 et
1825 586 1961 627 singulis
1986 586 2066 617 sacri

431 638 554 680 imperii
579 638 736 669 Romania
759 637 908 669 fidelibus
932 638 1072 680 graciam
1098 648 1186 668 suam
1211 641 1243 668 et
1267 648 1360 669 omne
1384 638 1514 669 bonum.

538 706 586 748 (1)
612 707 829 738 Attendentes
854 707 1007 737 virtutum
1031 706 1198 746 beneficia,
1223 707 1409 737 meritorum
1434 707 1582 748 insignia,
1607 707 1781 738 constantis
1805 706 1878 738 fidei
1903 707 2065 748 suffragia,

429 759 543 800 quibus
573 758 760 800 spectabilis
795 759 842 789 vir
873 758 1061 799 Reynaldus
1094 769 1201 789 comes
1234 758 1344 789 Gelrie
1379 758 1480 789 fidelis
1515 762 1626 789 noster
1658 758 1794 789 dilectus
1831 769 1907 800 erga
1941 769 1998 789 nos
2034 762 2066 789 et

430 821 555 841 sacrum
578 810 759 841 Romanum
784 810 952 851 imperium
978 809 1154 840 dinoscitur
1177 809 1333 849 relucere,
1358 813 1510 850 gerentes
1535 808 1735 840 confidencie
1761 809 2005 854 plenitudinem·
2021 810 2060 841 de

430 862 559 899 eodem,
585 861 669 892 dicto
693 861 792 892 nobili
816 861 986 902 Reynaldo
1012 861 1119 891 comiti
1144 860 1254 891 Gelrie
1279 863 1378 891 totam
1403 860 1540 891 Frisiam
1565 871 1626 902 que
1650 860 1766 892 dicitur
1790 862 1965 903 vulgariter
1988 849 2062 893 Ost-

430 914 604 944 vrieslantb
628 919 660 944 et
684 923 811 943 omnem
835 912 931 943 aliam
957 912 1092 943 Frisiam
1117 912 1157 943 ad
1182 923 1238 943 nos
1262 916 1293 943 et
1318 913 1486 954 imperium
1505 915 1716 954 spectantem,
1742 918 1881 955 excepta
1898 913 2066 945 dumtaxat

431 966 484 996 illa
508 968 600 1007 parte
625 965 663 995 ad
694 964 834 995 nobilem
859 965 961 995 virum
987 989 1018 996 ..
1043 965 1191 995 comitem
1222 964 1262 995 de
1296 964 1471 995 Hollandia
1495 965 1693 1006 pertinente,
1719 964 1759 996 de
1787 971 1966 997 nostrorum
1992 977 2064 1008 pro-

432 1027 540 1048 cerum
565 1017 698 1047 consilio
723 1016 873 1047 duximus
899 1016 1158 1047 committendam
1175 1017 1194 1048 ¹.
1234 1016 1357 1047 Dantes
1382 1016 1486 1047 eidem
1514 1016 1691 1057 plenariam
1719 1020 1912 1058 potestatem
1945 1028 2003 1060 per
2032 1029 2066 1049 se

433 1070 483 1100 vel
508 1080 583 1100 suos
616 1069 655 1100 de
685 1068 813 1100 delictis
837 1069 1053 1110 cognoscendi
1079 1073 1110 1100 et
1133 1069 1299 1110 puniendi,
1328 1069 1504 1107 iudicandi,
1537 1070 1774 1109 sentenciandi,
1808 1070 1841 1101 in
1868 1070 2064 1101 facinorosos

431 1121 577 1152 homines
595 1120 880 1159 animadvertendi,
899 1131 1000 1162 penas
1017 1121 1213 1162 imponendi,
1239 1121 1308 1151 iura
1324 1124 1434 1152 nostra
1452 1124 1483 1152 et
1499 1122 1625 1163 imperii
1642 1121 1865 1164 recuperandi,
1882 1122 2066 1164 ampliandi,

431 1173 584 1204 collectas
609 1183 667 1204 seu
691 1173 859 1214 precarias7
885 1183 956 1203 cnm
981 1173 1040 1203 sibi
1065 1172 1220 1214 expedire
1244 1172 1420 1209 videbitur,
1444 1173 1583 1204 faciendi
1613 1174 1644 1204 in
1674 1174 1743 1215 ipsa
1765 1173 1887 1213 Frisia,
1912 1173 2067 1205 officiatos

433 1224 554 1256 iudices
578 1235 635 1266 pro
660 1236 694 1256 se
720 1224 947 1257 constituendi.
972 1225 1041 1255 iura
1066 1224 1238 1263 condendi,
1267 1235 1306 1255 ea
1331 1225 1504 1256 observare
1529 1225 1669 1256 faciendi
1693 1228 1724 1256 et
1748 1226 1855 1257 onmia
1878 1236 1915 1256 ac
1940 1225 2065 1267 singula

432 1277 582 1313 faciendi,
608 1276 787 1315 ordinandi,
814 1276 1020 1318 disponendi,
1044 1276 1217 1316 tractandi,
1246 1287 1307 1318 que
1332 1276 1454 1315 facere,
1482 1277 1646 1317 ordinare,
1677 1277 1848 1320 disponere
1876 1281 1908 1309 et
1930 1281 2066 1309 tractare

433 1339 615 1370 possemus,
652 1329 677 1359 si
713 1339 861 1359 essemus
894 1328 1012 1359 ibidem
1046 1329 1259 1369 personaliter
1287 1329 1467 1365 constituti,
1500 1329 1544 1359 ita
1573 1329 1659 1370 quod
1686 1329 1726 1361 de
1754 1330 1844 1360 iustis
1878 1329 2067 1367 redditibus,

433 1381 523 1411 iustis
548 1380 702 1422 precariis
732 1384 764 1411 et
794 1380 832 1411 de
858 1381 972 1411 ceteris
1004 1380 1043 1411 de
1073 1381 1157 1411 iusto
1188 1380 1303 1411 iudicio
1330 1380 1595 1422 provenientibus
1620 1381 1715 1412 nobis
1739 1381 1790 1412 vel
1814 1382 1929 1412 nostris
1953 1381 1985 1412 in
2009 1381 2064 1412 im-

434 1433 542 1474 perio⁰
566 1432 805 1463 successoribus
823 1432 998 1474 legitimam
1022 1432 1185 1463 tenebitur
1208 1433 1458 1474 computacionis
1482 1432 1620 1464 reddere
1644 1433 1817 1466 racionem.
1899 1432 1946 1475 (2)
1971 1432 2066 1464 Porro

433 1484 576 1526 predicta
610 1484 728 1523 Frisia,
768 1495 862 1526 quam
899 1484 982 1515 dicto
1020 1484 1129 1516 Gelrie
1165 1484 1293 1516 comitid
1328 1484 1476 1516 duximus
1510 1485 1790 1524 committendam,
1825 1495 1882 1527 per
1919 1495 1977 1516 nos
2018 1485 2067 1517 vel

434 1539 560 1567 nostros
597 1546 800 1567 successores
835 1547 898 1567 non
933 1536 1029 1567 debet
1063 1537 1224 1568 ullatenus
1265 1537 1408 1577 avocari,
1445 1536 1506 1568 nisi
1546 1537 1633 1578 prius
1673 1536 1712 1569 de
1749 1537 1902 1579 expensis
1941 1539 1973 1568 et
2009 1537 2066 1568 im-

434 1588 557 1630 pensis,
590 1598 668 1629 quas
696 1588 727 1618 in
756 1588 1034 1629 recuperacionee,
1062 1589 1254 1620 attractione
1286 1599 1409 1620 necnon
1437 1588 1669 1620 reformacione
1700 1589 1800 1630 ipsius
1824 1588 1926 1620 Frisie
1950 1599 2007 1630 pro
2032 1599 2066 1621 se

435 1643 466 1670 et
497 1640 560 1670 suis
595 1639 724 1671 duxerit
753 1639 918 1671 faciendas
956 1643 988 1670 et
1021 1640 1244 1682 exponendas,
1277 1640 1338 1671 sibi
1365 1641 1417 1672 vel
1448 1641 1514 1672 suis
1546 1640 1720 1672 heredibus
1748 1651 1807 1682 per
1836 1651 1892 1672 nos
1915 1640 1966 1672 vel
1995 1651 2066 1671 suc-

436 1702 583 1722 cessores
608 1695 734 1722 nostros
760 1692 888 1733 penitus
912 1691 1030 1722 refusis
1055 1692 1226 1734 prehabita
1251 1692 1503 1734 computacionis
1527 1692 1672 1734 legitima
1687 1693 1826 1724 racione.
1863 1691 1965 1723 Donis
1982 1702 2067 1732 vero,

436 1743 700 1782 liberalitatibus,
725 1744 886 1782 exenniis,
911 1744 1189 1783 concessionibus,
1212 1744 1392 1775 redditibus
1417 1754 1473 1775 seu
1498 1744 1706 1786 proventibus
1732 1755 1790 1775 seu
1815 1745 2066 1786 quibuscumque

435 1795 668 1825 curialitatibus
699 1795 759 1826 sibi
783 1795 876 1826 factis
901 1796 951 1826 vel
976 1795 1131 1826 faciendis
1156 1797 1283 1828 racione
1311 1797 1616 1827 amministracionis
1641 1797 1742 1838 ipsius
1766 1796 1880 1835 Frisie‚
1905 1806 1965 1837 que
1989 1796 2067 1826 fiunt

435 1847 542 1877 comiti
567 1846 709 1888 predicto
736 1858 793 1888 per
820 1847 956 1878 Frisiam
986 1847 1177 1889 predictam,
1208 1859 1265 1890 per
1298 1848 1419 1879 dictum
1452 1848 1602 1880 comitem
1630 1852 1686 1879 aut
1716 1849 1784 1879 eius
1815 1848 1952 1879 heredes
1976 1847 2065 1878 nobis

435 1901 467 1928 ct
496 1898 611 1928 nostris
644 1898 884 1930 successoribus
913 1899 1099 1930 nullatenus
1134 1900 1367 1941 computandis.
1463 1900 1512 1941 (3)
1543 1899 1628 1931 Sane
1654 1900 1679 1931 si
1707 1899 1827 1931 dictum
1859 1899 2006 1930 comitem
2035 1899 2065 1929 in

435 1948 540 1980 Frisia
570 1949 714 1991 predicta
744 1950 868 1991 aliquas
904 1954 1006 1981 terras
1037 1961 1093 1982 seu
1126 1952 1350 1992 possessiones
1386 1952 1557 1993 contigerit
1590 1962 1792 1994 comparare,
1827 1951 1867 1982 ad
1900 1951 2066 1993 imperium

437 2004 545 2032 tamen
562 2012 625 2032 non
643 2004 837 2042 spectantes,
855 2002 926 2032 illas
944 2002 1075 2043 pacifice
1094 2014 1111 2033 a
1128 2003 1219 2034 nobis
1237 2006 1269 2034 et
1286 2004 1419 2045 imperio
1436 2004 1528 2035 titulo
1545 2003 1631 2035 feodi
1643 2003 1829 2046 possidebit.
1910 2002 1957 2044 (4)
1974 2001 2066 2034 Cete-

437 2063 505 2083 rum
540 2053 571 2083 in
604 2052 678 2084 dicti
709 2054 832 2084 comitis
862 2053 1005 2084 laborum
1043 2058 1074 2085 et
1110 2055 1359 2086 sollicitudinum
1386 2066 1627 2097 recompensam
1655 2058 1791 2097 quatuor
1822 2055 1909 2086 milia
1945 2064 2066 2086 marca-

437 2115 505 2135 rum
540 2105 665 2146 argenti
691 2106 761 2147 puri
794 2109 826 2137 et
854 2106 1044 2136 examinatis
1071 2106 1201 2148 dignum
1232 2107 1382 2138 duximus
1415 2107 1520 2139 cidem
1549 2107 1656 2139 comiti
1679 2106 1854 2149 largienda.
1896 2106 1938 2138 Et
1961 2106 1986 2137 si
2008 2115 2064 2137 nos

438 2157 486 2187 vel
531 2167 732 2187 successores
774 2161 898 2187 nostros
939 2157 1054 2189 dictam
1100 2162 1217 2190 terram
1250 2159 1351 2190 Frisie
1387 2170 1405 2190 a
1450 2159 1533 2190 dicto
1574 2159 1688 2190 comite
1728 2159 1896 2200 contigerit
1932 2167 2064 2189 avocare

438 2209 525 2249 prius
551 2219 643 2250 quam
669 2212 785 2239 terram
810 2210 975 2245 restituat,
1009 2210 1093 2241 dicta
1126 2214 1264 2252 quatuor
1291 2211 1378 2242 milia
1408 2221 1586 2242 marcarum
1622 2220 1678 2252 per
1711 2221 1769 2242 nos
1794 2210 1844 2242 vel
1868 2220 2064 2242 successores

439 2263 564 2290 nostros
588 2260 707 2291 debent
731 2261 834 2291 cidem
860 2262 967 2292 comiti
992 2262 1150 2303 assignari
1182 2266 1213 2294 et
1237 2263 1438 2304 integraliter
1461 2263 1611 2304 persolvi.
1701 2262 1817 2294 Testes
1842 2265 1948 2293 autem
1974 2262 2064 2293 huius

438 2312 670 2342 commissionis
709 2312 837 2343 fuerunt
868 2313 999 2344 inferius
1035 2315 1204 2345 nominati:
1237 2315 1453 2346 venerabilisg
1487 2314 1645 2345 Rudolfus
1681 2314 1940 2356 archiepiscopus
1977 2313 2063 2344 Salz-

439 2364 614 2404 purgensis,
640 2364 773 2394 illustris
791 2364 945 2395 Albertus
963 2365 1027 2396 dux
1046 2366 1217 2405 Saxoniess,
1236 2366 1358 2397 nobiles
1375 2366 1560 2397 Fridericus
1577 2366 1768 2407 burgravius
1792 2365 1831 2397 de
1848 2364 2064 2406 Nfirenbergh,

2093 874 2115 892 lo

2095 1132 2115 1151 15

2093 1395 2116 1414 20

2092 1651 2115 1670 25

2089 2165 2111 2184 ³5

440 2415 645 2446 Eberhardus
674 2426 781 2446 comes
813 2416 852 2446 de
877 2416 1194 2459 Catzenellenbogei‚
1221 2428 1329 2449 comes
1354 2418 1507 2449 Albertus
1538 2418 1577 2449 de
1602 2417 1845 2459 Hohembergk‚
1874 2407 2000 2449 I‘jlricus
2022 2415 2059 2448 de
2087 2421 2110 2440 ⁴⁰

544 2534 608 2561 435.
632 2538 655 2568 ¹¹)
681 2538 786 2561 Romani
813 2538 909 2570 imperii
933 2537 954 2562 2.
1063 2538 1085 2566 ¹⁸)
1111 2539 1296 2564 (mstvricslnnt
1319 2539 1342 2563 2.
1447 2540 1469 2571 ο)
1494 2540 1625 2572 imperium
1648 2539 1672 2564 2.
1782 2536 1806 2569 d)
1830 2539 1913 2564 comiti
1938 2537 2019 2563 Gelrle
2039 2534 2062 2560 2-

440 2584 461 2605 (⁵)
482 2583 506 2603 ct
526 2580 586 2604 mlrl.
606 2580 630 2604 2.
701 2580 719 2605 s,
740 2581 874 2605 vxanimnti
898 2581 918 2605 l.
991 2585 1014 2607 Η)
1034 2583 1416 2607 venerabilis—Saxonis
1435 2583 1526 2608 «lesum
1543 2582 1566 2607 ‘2-
1598 2579 1611 2591 ³
1646 2581 1669 2610 ¹¹)
1690 2582 1818 2607 Nornbere
1837 2581 1859 2606 2.
1938 2579 1955 2611 i)
1969 2581 2063 2604 Kazen-

439 2624 536 2647 eleboiu
556 2624 580 2647 2,
667 2621 691 2653 k,
712 2624 862 2648 llolienberc
880 2624 903 2648 ⁵2.

544 2717 567 2745 l)
590 2716 629 2741 lu
649 2717 720 2741 rerba
740 2717 909 2742 reimmittere
931 2725 949 2743 r.
971 2717 1023 2743 ium
1041 2726 1123 2750 supra
1140 2728 1167 2752 p.
1182 2724 1227 2744 2114
1246 2728 1272 2746 τι.
1290 2724 1312 2751 Ι;
1332 2721 1364 2751 cf.
1387 2729 1425 2746 ur.
1444 2724 1494 2746 1⁸⁸0.
1515 2724 1571 2747 2655.
1594 2724 1639 2745 2164
1660 2720 1694 2746 al.
