2259 3116
429 128 489 158 298
730 124 888 151 RUDOLFI
907 123 1013 150 REGIS
1035 124 1356 150 CONSTITUTIONES.
1394 124 1467 149 1281.
1505 123 1552 148 Nr.
1565 124 1623 148 300.
1637 123 1695 148 301.
1710 122 1767 148 302.

429 213 454 243 si
485 212 579 254 eulpa
610 222 673 242 non
706 214 810 249 esset,
846 211 951 241 locum
983 210 1077 241 venia
1103 221 1166 241 non
1195 210 1346 249 haberet,
1377 213 1409 240 et
1437 210 1603 251 cupientes
1628 208 1846 240 misericordie
1871 209 2073 241 condimento

428 264 555 294 iusticie
581 267 763 304 temperare
788 262 937 303 rigorem,
963 262 1133 303 presertim
1151 273 1221 292 cuni
1240 261 1343 303 passis
1360 262 1509 292 iniuriam
1527 261 1623 291 fuerit
1640 260 1850 298 satisfactum,
1875 261 2074 302 predictum*³

430 315 557 355 t(alem)
582 314 621 345 de
648 314 767 355 regalis
792 314 1047 345 mansuetudinis
1072 314 1228 344 beneficio
1254 314 1347 355 plene
1374 325 1410 344 ac
1441 313 1565 353 integre
1597 311 1798 342 restituimus
1826 311 1962 352 pristino
1991 311 2075 342 iures

430 377 496 397 suo.
542 365 737 396 Mandantes
763 369 876 397 tenore
902 366 1106 407 presencium
1130 366 1299 403 universis,
1324 368 1359 395 ut
1383 365 1466 396 sieut
1491 364 1579 406 prius
1604 363 1643 393 ad
1669 373 1780 394 omnes
1804 366 1895 393 actus
1914 363 2025 394 civiles
2042 366 2075 394 et

427 417 574 459 publicos
598 417 795 448 admittatur.

987 517 1063 550 300.
1087 518 1198 549 ALIA
1224 517 1515 548 RESTITUTIO.

536 579 589 609 Er
614 578 639 609 Ε
660 578 718 619 fol.
738 580 799 608 110
824 590 870 609 nr.
888 581 937 609 54.
964 598 1001 601 —-
1028 570 1174 610 Belimer.
1200 579 1273 617 Rry.
1293 579 1363 616 imp.
1387 577 1440 614 VI,
1460 577 1550 606 1539.
1782 576 1836 615 (P.
1860 576 1967 616 deest.)

536 665 635 696 Primi
659 665 804 706 parentis
828 665 982 703 facinora,
1008 676 1069 706 que
1094 676 1134 695 ex
1152 663 1374 695 inobediencie
1393 664 1474 693 vicio
1494 662 1700 704 pullularunt,
1727 662 1771 692 sic
1790 665 1863 692 sunt
1880 662 1911 693 in
1929 665 2073 704 posteros

429 716 588 751 derivata,
625 716 709 758 quod
745 717 954 747 humanitatis
992 717 1135 747 condicio
1166 726 1403 756 nonnumquam
1436 714 1475 744 ad
1507 714 1624 744 malum
1658 724 1692 744 se
1727 714 1860 744 inclinat
1891 715 2074 756 prompcius

429 779 523 808 quam
550 768 589 798 ad
615 768 743 799 bonum.
790 768 875 799 Sane
900 779 971 798 cum
998 768 1099 807 taltis)
1125 767 1164 798 de
1189 768 1244 797 tali
1270 768 1338 797 loco
1365 767 1502 797 humane
1522 765 1742 796 sensualitatis
1760 765 1912 796 instinctu
1930 769 1962 796 et
1979 766 2074 797 animi

428 820 562 850 levitate
598 819 750 850 seductus
786 820 817 849 in
854 830 993 861 persona
1026 819 1129 860 taltis)
1161 818 1369 849 homicidium
1401 817 1638 858 perpetraverit
1668 820 1700 847 et
1730 816 1847 847 obinde
1877 817 1973 847 fuerit
2001 828 2075 858 pro-

429 871 616 912 scripcionis
641 871 806 901 sentencia
832 871 1004 901 innodatus
1029 882 1065 901 ao
1091 870 1284 910 condignam
1310 869 1479 900 emendam
1505 868 1616 899 amicis
1635 868 1733 898 occisi
1751 868 1940 909 prestiterit,
1964 879 2074 899 recon-

430 923 597 953 ciliacione
623 923 807 952 omnimoda
830 926 1060 963 consequente,
1090 922 1172 952 sicut
1203 921 1243 951 ad
1273 924 1416 951 nostram
1446 920 1593 961 pervenit
1624 919 1790 958 noticiam,
1821 930 1880 950 nos
1907 919 1947 950 ad
1976 920 2076 951 instar

430 973 526 1012 illius,
551 974 605 1014 qui
631 984 693 1004 non
718 978 815 1014 negat
840 974 965 1004 veniam
990 977 1062 1014 post
1086 973 1249 1007 delictum.
1274 972 1419 1014 predicto
1445 972 1500 1002 tali
1525 971 1564 1002 ad
1583 971 1737 1002 humilem
1754 971 1856 1012 ipsius
1874 971 2075 1010 instanciam,

431 1025 456 1055 si
489 1025 656 1066 premissis
688 1025 807 1055 veritas
840 1026 1048 1065 suffragatur,
1081 1025 1244 1055 infamiam
1281 1035 1375 1065 quam
1407 1024 1536 1054 racione
1571 1023 1646 1053 dieti
1678 1022 1841 1053 homicidii
1875 1023 2074 1054 contraxisse

431 1076 609 1107 dinoscitur
632 1077 812 1110 abolentes,
839 1087 912 1107 eum
937 1077 1031 1117 plene
1057 1080 1089 1107 et
1113 1076 1236 1116 integre
1261 1075 1461 1106 restituimus
1486 1075 1622 1116 pristino
1648 1074 1708 1104 iuri
1733 1085 1790 1105 suo
1815 1077 1847 1105 et
1873 1074 2076 1105 habilitamus

430 1127 567 1158 eundem
592 1128 631 1158 ad
657 1129 775 1165 onmia,
804 1128 843 1158 ad
875 1139 935 1169 que
966 1128 1082 1158 habilis
1112 1128 1234 1165 extitit,
1265 1127 1451 1167 priusquam
1481 1126 1600 1157 dictum
1631 1125 1835 1156 homicidium
1870 1125 2076 1167 perpetravit.

430 1178 623 1209 Mandantes
648 1179 771 1220 v(obis)
796 1179 981 1218 uni(versis)
1000 1183 1031 1210 et
1053 1179 1226 1219 sintgulis),
1251 1181 1286 1208 ut
1310 1178 1415 1219 ipsum
1433 1178 1464 1208 in
1483 1181 1589 1208 vestra
1608 1177 1738 1208 civitate
1757 1177 1796 1208 ad
1814 1177 1924 1208 civiles
1942 1177 2076 1208 honores

431 1233 462 1260 et
486 1233 577 1261 actus
601 1231 745 1272 publicos
770 1230 956 1266 admittatis,
987 1242 1023 1261 ac
1049 1231 1075 1261 si
1100 1230 1220 1260 dictum
1245 1229 1371 1260 facinus
1396 1240 1570 1270 numquam
1595 1229 1660 1260 ullo
1686 1232 1831 1270 tempore
1856 1229 2075 1260 commisisset.

431 1281 468 1311 In
494 1282 582 1312 cuius
608 1285 668 1313 etc.

988 1407 1064 1439 301.
1089 1408 1205 1439 ALIA
1230 1408 1520 1440 RESTITUTIO.

538 1469 697 1499 [aedilem
725 1469 838 1499 damus
865 1480 902 1499 ω]
932 1469 958 1499 Τ
986 1471 1058 1505 247,
1089 1469 1141 1499 aba·
1169 1469 1300 1499 rubrum
1330 1468 1509 1499 Absolucio
1541 1470 1723 1510 proscripti.
1754 1489 1794 1492 —-
1821 1469 1970 1507 Bolaner,
2001 1469 2073 1509 Rey.

433 1521 504 1559 imp.
525 1520 574 1551 VI
592 1521 682 1551 deest.
1786 1521 1840 1561 (P.
1864 1521 1970 1561 deest.)

542 1614 671 1646 Delicta
700 1616 869 1652 iuvenum,
899 1626 960 1656 que
992 1626 1033 1646 ex
1062 1615 1196 1646 levitate
1229 1615 1327 1645 animi
1354 1615 1538 1645 inconsulta
1562 1615 1757 1656 procedunt,
1782 1625 2022 1657 nonnumquam
2044 1616 2075 1646 in

433 1666 681 1698 mansuetudine
707 1667 900 1708 preterimus
930 1677 989 1697 nec
1020 1678 1130 1697 eorum
1163 1667 1202 1697 ad
1227 1667 1368 1697 animum
1394 1676 1583 1697 revocamus
1612 1676 1769 1706 errorem,
1800 1667 1853 1708 qui
1882 1667 2012 1698 devotos
2036 1678 2070 1698 se

434 1717 591 1748 exhibent
624 1718 664 1748 ad
701 1718 880 1749 emendam.
932 1718 1011 1748 Cum
1041 1718 1149 1759 itaque
1178 1718 1281 1758 t(alis)
1313 1728 1415 1758 nuper
1450 1720 1561 1759 raptus
1600 1718 1724 1759 impetu
1754 1721 1875 1750 temere
1904 1718 2075 1749 iuventutis

434 1768 586 1799 dilectum
621 1769 782 1810 fi(delem)
816 1770 989 1810 n(0stru1n)
1018 1769 1146 1810 t(alem)
1179 1769 1415 1811 presumpserit
1450 1769 1632 1810 captivare,
1669 1769 1797 1801 tandem
1836 1770 2011 1812 prudenter
2043 1772 2074 1800 et

435 1820 568 1860 provide
594 1831 832 1860 recognoscens
857 1832 891 1851 se
916 1822 1037 1861 regiam
1063 1822 1265 1852 maiestatem
1288 1821 1431 1861 graviter
1455 1820 1637 1859 offendisse,
1663 1820 1784 1852 dictum
1809 1821 1935 1862 t(alem)
1959 1821 2074 1852 resolvi

434 1872 510 1902 fecit
535 1883 553 1901 a
577 1872 727 1909 vinculis,
759 1883 892 1913 sperans
922 1884 979 1914 per
1007 1872 1065 1903 hoc
1094 1876 1202 1903 nostre
1232 1873 1340 1913 gracie
1372 1872 1499 1902 facilius
1524 1872 1699 1902 reformari.
1746 1872 1812 1903 Nos
1838 1873 1935 1913 igitur
1958 1872 2074 1903 dictum

436 1922 561 1962 t(alcni)
587 1923 626 1954 ad
652 1924 863 1954 dex-ecienem
882 1927 1024 1954 nostram
1050 1928 1081 1954 et
1098 1924 1237 1954 Romani
1263 1924 1387 1965 imperii
1413 1924 1575 1954 humiliter
1598 1927 1818 1955 revertentem
1843 1924 1981 1965 benigne
2005 1935 2072 1955 sus-

437 1975 579 2015 cepimus
611 1976 719 2015 gracie
752 1979 858 2005 nostre
890 1987 930 2006 ex
960 1976 1086 2016 integro
1117 1986 1174 2017 pro
1209 1986 1347 2006 excessu
1384 1975 1566 2005 huiusmodi
1597 1975 1815 2008 reformatum.
1861 1975 1902 2006 Et
1933 1979 1967 2006 ut
1994 1976 2075 2006 circa

437 2036 509 2055 cum
537 2030 643 2055 nostre
670 2027 843 2056 clemencie
870 2027 966 2057 nichil
992 2027 1085 2061 desit.
1111 2038 1224 2057 omnes
1250 2027 1524 2068 proscripcionum
1544 2027 1728 2057 sentencias
1753 2038 1770 2057 a
1795 2027 1888 2057 nobis
1912 2030 1944 2058 et
1961 2027 2074 2057 nostris

437 2077 597 2107 iudicibus
616 2079 744 2108 racione
764 2080 963 2109 contunnwie
983 2079 1204 2119 promulgatas
1222 2079 1252 2108 in
1270 2079 1375 2119 ipsum
1393 2078 1586 2109 auctoritate
1605 2079 1693 2119 regia
1710 2089 1908 2119 revocamus,
1933 2078 2074 2109 volentes

436 2132 469 2158 ut
504 2128 679 2159 adversarii
715 2130 776 2165 sni,
815 2130 855 2160 ad
891 2141 1024 2171 quorum
1055 2130 1245 2161 instanciam
1278 2133 1328 2160 est
1351 2130 1564 2171 proscript11S,
1600 2141 1640 2161 ex
1675 2131 1800 2171 integro
1835 2131 1894 2161 sibi
1929 2132 2074 2161 moveant

436 2180 637 2219 questionem
669 2192 775 2211 coram
806 2181 911 2212 iudice
941 2185 1154 2223 competente.
1201 2181 1270 2212 Has
1301 2186 1408 2212 antem
1440 2182 1567 2222 gracias
1597 2182 1797 2223 profluentes
1827 2192 1845 2212 a
1875 2181 2072 2212 multitudine

437 2230 524 2271 regie
550 2231 679 2271 pietatis
705 2233 808 2263 eidem
835 2233 1061 2274 impendimus,
1087 2237 1121 2264 ut
1145 2244 1200 2274 pro
1226 2233 1369 2263 remissis
1395 2233 1586 2264 excessibus
1613 2234 1816 2264 incessantes
1841 2233 1962 2264 fructus
1980 2231 2071 2263 obse-

436 2292 499 2320 qun
525 2292 733 2313 resumamus.

697 2402 772 2433 302.
802 2403 1077 2435 .i[.-1NJ).›11'[='M
1099 2403 1166 2433 DE
1189 2404 1300 2434 ‹fioXs'
1308 2404 1364 2434 1Ὶί
1372 2403 1411 2435 L'(
1424 2404 1574 2435 'TIOXE
1595 2405 1736 2435 POXTI
1744 2404 1819 2436 UJI.

552 2461 600 2491 luit·
631 2461 652 2491 13
673 2462 732 2502 sul.
755 2465 811 2491 Ill
830 2474 875 2492 nr.
895 2466 943 2495 rit),
968 2464 1060 2493 mins
1077 2464 1204 2493 rubrum
1224 2475 1247 2493 r.
1265 2464 1352 2501 nstml
1369 2464 1483 2494 Slnbbaez
1508 2482 1548 2486 —
1573 2465 1717 2502 b’iiltmrr,
1735 2465 1809 2503 Regl.
1829 2464 1899 2501 imp.
1921 2462 1972 2499 ΓΙ,
1986 2462 2072 2492 1548.

683 2507 697 2518 *
1786 2515 1838 2555 (P.
1863 2514 1969 2553 deest.)

547 2581 750 2612 (tubernacio
778 2584 893 2623 regalis
920 2584 1094 2624 regiminis,
1119 2583 1157 2614 ad
1184 2584 1274 2613 cuius
1307 2583 1530 2614 celsitudinem
1561 2588 1701 2615 nostram
1733 2583 1946 2615 humilitatem
1973 2580 2072 2611 erexit

437 2632 546 2663 divina
570 2634 786 2673 providencia,
813 2635 997 2675 expostulat
1022 2639 1053 2666 et
1079 2635 1221 2676 requirit,
1248 2639 1281 2665 ut
1307 2645 1378 2664 cum
1403 2634 1550 2675 diligenti
1575 2635 1679 2666 studio
1697 2643 1942 2677 promoveamus
1960 2642 1997 2663 ea
2013 2641 2071 2676 quo

539 2735 603 2762 299.
624 2742 644 2767 ¹⁸)
665 2738 730 2761 alcen!
754 2737 780 2761 lx'.
870 2739 887 2768 s)
909 2739 961 2761 iure
982 2738 1013 2763 Jz'.

2101 775 2125 794 10

2103 1034 2123 1052 1⁵

2102 1294 2125 1313 20

2100 1678 2123 1698 25

2099 1936 2124 1955 ³0

2098 2190 2120 2209 ³5
