2259 3116
445 120 502 149 156
746 117 904 144 RUDOLFI
924 117 1028 145 REGIS
1047 117 1369 145 CONSTITUTIONES.
1408 120 1481 147 1278.
1519 120 1707 146 Ν1-.165.166.
1724 120 1780 147 167.

550 204 655 235 Nosse
681 205 827 235 volumus
851 205 1019 236 universos
1044 208 1076 237 et
1100 206 1242 246 singulos
1268 216 1325 248 per
1347 209 1531 248 presentes,
1558 207 1642 248 quod
1666 207 1706 238 ad
1730 207 1789 238 hoc
1815 207 1965 239 efficaces
1991 218 2082 239 curas

446 260 569 287 nostras
594 260 626 287 et
650 267 763 298 operas
787 257 948 298 applicare
973 257 1189 298 promittimus
1214 261 1246 288 et
1270 268 1467 300 magnopere
1492 258 1656 297 laborare,
1682 259 1767 300 quod
1792 260 1976 290 carissimus
2000 260 2082 291 filius

444 313 553 340 noster
575 308 798 339 Hartmannus
824 319 930 340 eomes
954 309 994 340 de
1019 309 1218 349 Habesburg
1249 312 1281 340 et
1305 309 1344 341 de
1368 309 1513 351 Kiburg,
1544 310 1696 341 Alsaciae
1726 311 1925 351 lantgravius
1949 321 2082 352 regnum

441 360 650 398 Arelatense,
674 360 810 391 Romani
835 360 961 402 imperii
986 361 1164 402 principum
1190 361 1406 402 applaudente
1431 372 1590 392 consensu
1615 362 1781 402 benivolo,
1806 363 1914 393 valeat
1936 362 2079 404 adipisci.

441 412 478 443 In
510 413 600 443 cuius
624 412 671 443 rei
696 412 916 443 testimonium
942 422 1076 454 presens
1102 413 1256 454 scriptum
1275 413 1392 443 exinde
1410 413 1568 444 conscribi
1592 417 1624 444 ct
1640 414 1820 445 maiestatis
1844 417 1951 445 nostre
1976 414 2082 456 sigillo

442 464 591 495 iussimus
617 464 814 495 communiri.

548 515 622 548 Dat.
640 515 792 555 WVienne,
816 515 889 546 VII.
909 515 980 547 Kal.
1006 515 1092 555 Maii,
1117 516 1225 547 indict.
1241 516 1303 551 VI,
1328 527 1410 547 anno
1435 516 1564 547 Domini
1589 516 1869 558 MCCLXXVIII,
1893 519 1983 560 regni
2006 529 2081 550 vero

440 568 542 598 nostri
566 579 650 599 anno
675 569 795 609 quinto.

464 697 538 730 166.
564 697 817 729 PROMJSSIO
839 697 906 728 DE
926 696 1202 728 DONATJONJ«)
1224 697 1437 728 PROPTER
1460 697 1665 729 NUPTJAS
1686 699 2060 733 AUGMENTANDA.

1128 750 1218 780 1278.
1256 750 1334 788 Aps.
1351 750 1402 780 225.

547 810 601 841 Er
624 810 725 841 eodem
750 809 864 840 Rotulo
887 820 936 841 nr.
954 811 982 841 ,0.
1009 828 1045 831 —
1071 809 1215 847 Blilemer,
1242 809 1316 850 Res).
1335 811 1408 850 imp.
1430 810 1482 845 J'I,
1497 811 1568 841 937.
1791 811 1844 851 (P.
1869 812 1976 850 deest.)

547 897 737 939 Rudolphus
756 896 818 928 Dei
842 897 945 938 gratia
961 896 1179 927 Romanorum
1198 907 1255 927 rex
1273 907 1402 938 semper
1419 900 1576 938 augustus
1600 898 1759 928 universis
1776 902 1942 940 presentes
1960 899 2082 931 litteras

442 950 636 992 inspecturis
661 950 798 980 salutem
824 953 855 980 et
880 959 973 980 omne
998 949 1127 979 bonum.

548 1001 755 1032 Presencium
782 1002 864 1032 serie
888 1001 1092 1042 profitemur,
1117 1011 1174 1031 nos
1199 1000 1373 1031 excellenti
1398 1000 1533 1042 principi
1557 1000 1685 1033 domino
1710 1001 1871 1033 Edwardo
1895 1002 1954 1034 Dei
1978 1003 2082 1044 gratia

441 1053 559 1094 Anglie
590 1053 658 1093 regi
687 1053 788 1083 amico
814 1056 846 1083 et
870 1053 958 1084 affini
982 1056 1091 1083 nostro
1109 1052 1279 1083 karissimo
1305 1051 1516 1093 spopondisse
1541 1053 1689 1094 legaliter
1713 1056 1745 1085 et
1768 1053 1906 1085 fideliter
1927 1055 2080 1096 polliceri,

439 1104 523 1146 quod
542 1105 632 1135 iuxta
650 1104 734 1146 quod
752 1115 907 1146 processu
924 1105 1079 1146 temporis
1097 1104 1180 1134 filius
1198 1108 1307 1134 noster
1324 1104 1510 1135 carissimus
1528 1104 1750 1136 Hartmannus
1768 1116 1876 1137 comes
1894 1106 1933 1137 de
1951 1106 2080 1138 Habes-

441 1157 523 1197 burg
547 1160 579 1187 et
603 1156 643 1187 (le
672 1156 817 1198 Kyburg,
843 1157 973 1187 Alsacie
1001 1156 1199 1197 lantgravius
1224 1156 1400 1197 largicione
1424 1155 1532 1187 divina
1556 1156 1709 1188 bonorum
1733 1158 1853 1199 pariter
1877 1160 1909 1189 et
1926 1158 2080 1190 honorum

440 1208 667 1249 temporalium
699 1209 899 1239 incrementa
923 1208 1117 1249 susceperit„
1144 1208 1235 1238 iuxta
1259 1207 1319 1238 hac
1344 1208 1452 1238 inclite
1477 1208 1647 1239 domicelle
1672 1208 1815 1240 Iohanne
1839 1209 1972 1251 predicti
1996 1211 2081 1251 regis

440 1260 556 1301 Anglie
581 1260 658 1297 filio,
689 1271 807 1302 sponse
840 1261 939 1302 ipsius
973 1260 1028 1290 filii
1059 1260 1173 1294 nostri,
1204 1259 1338 1290 donacio
1370 1263 1501 1301 propter
1531 1261 1664 1302 nupcias
1695 1261 1887 1292 successivis
1911 1261 2082 1303 augebitur

439 1312 657 1344 incrementis.
705 1312 741 1342 In
767 1313 856 1343 cuius
882 1313 927 1343 rei
953 1312 1171 1342 testimonium
1203 1322 1335 1353 presens
1366 1312 1519 1354 scriptum
1553 1313 1711 1343 conscribi
1740 1313 1892 1343 iussimus
1921 1317 1952 1344 et
1984 1314 2081 1344 nostri

440 1364 537 1404 sigilli
562 1364 739 1395 munimine
764 1364 917 1395 roborari.

545 1415 619 1446 Dat.
644 1415 801 1456 VVienne,
826 1416 900 1447 VII.
919 1416 992 1447 Kal.
1018 1416 1108 1456 Maii,
1134 1416 1196 1447 ind.
1215 1416 1277 1456 VI,
1309 1427 1392 1447 anuo
1417 1416 1545 1447 Domini
1570 1415 1856 1453 MOCLXXVIII,
1891 1417 1980 1457 regni
2006 1428 2080 1448 vero

439 1468 540 1498 nostri
565 1478 647 1498 anno
672 1468 792 1508 quinto.

558 1596 631 1627 167.
658 1596 937 1627 ASSIGNATM)
962 1596 1206 1629 DOTALITJJ
1227 1597 1320 1628 PER
1344 1597 1518 1628 REGEM
1538 1597 1807 1629 RUDOLFUM
1824 1597 1961 1630 DATA.

1135 1651 1223 1680 7:375.
1260 1649 1341 1680 Mai.
1359 1652 1389 1680 31¹.

548 1709 601 1739 ΕΩ)
625 1710 725 1740 codron
752 1709 866 1740 Romala
889 1721 937 1740 aar.
954 1713 983 1741 L).
1008 1729 1047 1732 —
1072 1710 1216 1747 Bmer,
1241 1710 1314 1749 qu.
1335 1710 1405 1749 [inp.
1426 1710 1479 1747 VI,
1494 1711 1564 1741 935).
1792 1710 1844 1750 (P.
1869 1711 1975 1747 deest.)

550 1804 740 1845 Rudolphus
765 1805 826 1835 Dei
857 1806 962 1846 gratia
985 1805 1205 1836 Romanorum
1239 1816 1295 1836 rex
1321 1815 1449 1846 semper
1473 1808 1630 1846 augustus
1654 1806 1813 1836 universis
1838 1806 1920 1837 sacri
1944 1805 2078 1837 Romani

442 1857 569 1898 imperii
595 1856 744 1887 fidelibus
769 1860 937 1898 presentes
962 1858 1085 1888 litteras
1110 1857 1302 1899 inspecturis
1325 1857 1460 1898 gratiam
1486 1867 1575 1887 suam
1599 1861 1630 1888 et
1653 1868 1747 1888 omne
1771 1857 1900 1889 bonum.

547 1909 594 1949 (1)
621 1908 701 1939 Cum
726 1909 809 1939 inter
837 1908 1078 1940 IIartmannum
1103 1909 1142 1939 de
1167 1909 1345 1950 Habspurg
1368 1913 1400 1940 et
1424 1908 1463 1939 (le
1488 1908 1624 1951 Kyburg
1647 1910 1813 1948 comitem,
1840 1910 1970 1941 Alsacie
1990 1910 2077 1941 ‘lant-

439 1961 597 2001 gravium,
622 1960 722 1990 filium
749 1964 891 1991 nostrum
918 1961 1117 1991 carissimum
1148 1962 1303 1992 illustrem
1334 1964 1365 1992 et
1388 1960 1565 1992 Iohannam
1595 1964 1702 1992 natam
1735 1961 1896 2002 magnifici
1926 1962 2078 2003 principis

436 2012 557 2043 domini
583 2011 734 2042 Edwardi
773 2013 858 2053 regis
883 2013 1003 2053 Anglie
1035 2013 1096 2044 iam
1127 2013 1350 2054 sollempniter
1378 2013 1441 2043 sint
1468 2016 1633 2043 contracta
1661 2013 1823 2054 sponsalia
1852 2023 1948 2055 super
1970 2013 2078 2044 matri-

438 2064 546 2093 monio
571 2064 843 2102 consummando,
869 2075 963 2095 nosse
989 2065 1137 2095 volumus
1161 2065 1340 2100 universos,
1365 2064 1450 2106 quod
1474 2075 1532 2095 nos
1557 2064 1663 2095 eidem
1688 2064 1857 2096 domicelle
1879 2064 2023 2096 Iohanne
2046 2065 2077 2095 in

436 2115 644 2146 hereditariis
671 2119 702 2146 ct
727 2116 944 2157 peculiaribus
971 2117 1064 2147 terris
1089 2117 1206 2147 nostris
1233 2120 1264 2147 et
1287 2117 1378 2147 bonis
1403 2117 1432 2147 in
1458 2116 1666 2148 donationem
1689 2120 1819 2158 propter
1841 2117 1970 2159 nuptias
1992 2117 2078 2148 mille

438 2177 621 2197 marcarum
647 2168 771 2207 argenti
803 2167 946 2198 redditus
971 2178 1094 2199 annuos
1120 2172 1151 2198 et
1175 2168 1214 2198 dc
1239 2169 1309 2199 aliis
1334 2169 1428 2199 terris
1452 2169 1587 2208 nostris,
1617 2169 1748 2207 castris,
1773 2168 1893 2210 opidis,
1929 2168 2022 2199 bonis
2045 2171 2078 2199 et

436 2219 696 2259 possessionibus
721 2219 759 2249 ad
786 2220 926 2250 valorem
952 2220 1063 2251 decem
1089 2220 1210 2250 milium
1236 2231 1416 2251 marcarum
1441 2220 1616 2251 secundum
1635 2230 1809 2261 congruam
1834 2221 2075 2252 estimacionem

441 2270 671 2301 venerabilium
696 2271 920 2304 Virslunensis.
946 2270 1135 2302 Basiliensis
1160 2275 1192 2303 et
1216 2272 1458 2303 Lausannensis
1488 2272 1712 2313 cpiscoporum
1741 2272 1928 2303 dilectorum
1958 2272 2075 2314 prinei-

440 2333 516 2363 pum
542 2326 720 2353 nostrorum
747 2324 795 2353 vel
821 2323 952 2353 duorum
980 2335 1019 2354 ex
1052 2324 1115 2361 cis,
1150 2324 1175 2354 si
1201 2335 1311 2354 omncs
1342 2327 1406 2355 tres
1435 2325 1647 2365 personaliter
1670 2324 1827 2355 interesse
1851 2335 1914 2355 non
1938 2324 2075 2362 valeant,

440 2375 507 2404 sive
534 2375 630 2404 ctiam
657 2374 797 2411 illorum,
823 2386 902 2416 quos
928 2375 1001 2405 dicti
1028 2376 1169 2417 episcopi
1194 2375 1233 2406 ad
1258 2376 1315 2406 hoc
1341 2375 1490 2407 duxerint
1518 2376 1754 2417 subrogandos,
1785 2376 1883 2407 libere
1908 2376 2020 2407 damus
2044 2378 2075 2406 et

437 2427 640 2475 assignamus
675 2427 705 2456 111
738 2426 831 2456 bonis
862 2431 893 2457 ct
925 2427 1002 2457 locis
1032 2428 1163 2457 int'crius
1196 2429 1367 2458 annotatis.
1462 2428 1510 2469 (2)
1542 2428 1665 2459 Damus
1694 2428 1776 2458 enim
1810 2432 1842 2459 et
1872 2428 2073 2469 assignamus

439 2477 544 2507 cidem
571 2478 740 2508 domicelle
770 2478 912 2508 Iohanne
950 2479 1082 2519 predicti
1113 2479 1197 2519 regis
1222 2479 1339 2519 Anglic
1370 2480 1453 2516 filio,
1484 2490 1602 2521 sponse
1635 2479 1768 2521 predicti
1797 2479 1991 2511 Hartmauni
2019 2478 2074 2509 filii

439 2530 556 2563 nostri,
591 2530 685 2570 pleno
715 2533 747 2559 ct
777 2530 877 2560 libero
904 2531 1140 2561 interveniente
1172 2542 1330 2561 consensu
1356 2532 1577 2561 universorum
1608 2536 1640 2562 et
1671 2532 1867 2572 singulorum
1896 2535 2075 2562 nostrorum

440 2581 634 2619 liberorum,
659 2586 797 2611 castrum
823 2581 862 2611 dc
887 2581 1059 2621 Lcnzburg
1084 2592 1153 2611 cum
1181 2582 1379 2621 hominibus,
1410 2583 1551 2614 curtibus
1578 2584 1606 2613 in
1632 2583 1851 2623 Yilmeringen
1884 2586 1915 2614 et
1940 2583 2020 2614 Sure
2044 2585 2075 2613 et

438 2633 599 2662 universis
626 2633 696 2662 :iliis
722 2633 915 2666 attinenciis,
941 2632 1070 2673 opidum
1089 2633 1216 2672 Arowc,
1241 2634 1369 2674 opidum
1394 2634 1583 2675 Mellingen,
1609 2638 1748 2665 castrum
1773 2634 1894 2669 Castel,
1918 2638 2074 2665 castrumu

542 2735 603 2761 1⁴37.
623 2737 644 2766 Β)
665 2738 699 2760 Ιιῐη
719 2738 836 2768 scriplum
858 2742 887 2761 1ιῖ

2110 771 2132 789 10

2110 1069 2130 1087 1⁵

2107 1327 2131 1345 20

2104 1970 2128 1988 30

2100 2488 2123 2507 lo
