2259 3164
129 738 139 755 5

124 1300 145 1318 15

121 1556 145 1575 20

121 1813 143 1832 25

120 2070 143 2088 ³0

119 2331 142 2350 ³5

117 2582 142 2601 40

547 180 704 205 RUDOLFI
724 179 829 206 REGIS
849 180 1171 207 CONSTITUTIONES.
1210 183 1283 208 1932.
1320 183 1365 209 Nr.
1379 184 1436 209 335³.
1750 188 1810 216 325

205 383 457 434 339ff345.
506 381 1003 434 INFEUDATIO
1045 382 1339 436 DUCUM
1373 385 1771 438 AUSTRIAE

753 459 851 511 ΕΤ
891 458 1214 512 STIRIAE.

555 560 662 596 lQSQ.
704 560 789 595 Dec.
813 560 872 595 27.
901 560 966 595 Iul.
989 560 1234 596 27.—10283.
1264 561 1331 596 Iul.
1358 562 1412 597 11.

423 658 499 691 339.
524 659 854 691 PRIVILEGJUM
873 660 1016 691 REGIS
1041 660 1244 691 PRJJH'M.
1293 661 1382 691 1:²82,
1424 661 1496 692 Dm».
1515 665 1563 692 27.

273 720 414 760 Insiynis
446 720 622 750 documenti
655 720 872 759 autoyraphon
914 723 1058 750 servatur

163 773 394 814 pholotypicam
418 781 443 801 v.
469 770 540 801 ‘Die
556 771 990 811 ‹islerreich2'Selz-unyscrr'sche
1006 772 1192 802 BIonmchie
1218 772 1248 801 in
1275 772 1361 802 ll'ort
1387 773 1452 802 nm]
1474 772 1561 803 Bam.
1608 773 1620 802 l
1629 773 1811 803 'euersis-11&-

168 824 259 855 bcmd'
293 823 336 853 ad
369 834 401 862 2).
428 824 479 853 40.
535 822 584 860 Cf.
619 833 655 853 ea
692 833 773 861 qnae
806 823 880 862 Rey.
907 823 981 861 imp.
1007 822 1061 860 VI,
1085 823 1192 853 1740l»
1221 826 1329 854 notata
1360 826 1443 855 snut.
1476 842 1514 844 >a
1550 823 1701 859 Bszhmer,
1739 824 1810 863 Ray.

167 876 241 916 imp.
264 875 318 912 VI,
336 875 429 906 1743.

1102 721 1133 750 in
1162 720 1319 751 ialuclario
1352 720 1587 751 l'indolmmnszss
1639 722 1809 761 Imagiitwm

1522 874 1574 914 (P.
1599 876 1705 913 deest.)

274 971 287 1011 ᾗ
314 969 468 1000 Rudolfus
491 972 505 1003 ἕξ
528 970 589 1000 Dei
616 969 727 1010 gracia
743 968 962 1000 Romanorum
988 980 1045 999 rex
1071 979 1198 1010 semper
1215 971 1373 1009 augustus
1391 969 1551 999 universis
1577 970 1658 999 sacri
1676 969 1813 999 Romani

120 1032 142 1050 ιο
169 1022 293 1063 imperii
318 1021 465 1052 fidelibus
489 1024 657 1063 presentes
682 1021 805 1051 litteras
830 1021 1023 1062 inspecturis
1047 1021 1294 1062 imperpetuum.

279 1081 328 1124 (1)
345 1081 480 1113 Romani
497 1082 680 1113 moderator
697 1083 822 1124 imperii
847 1083 887 1113 ab
906 1083 1119 1113 observancia
1136 1083 1218 1123 legis
1236 1083 1359 1113 solutus
1379 1083 1485 1123 legum
1505 1083 1645 1113 civilium
1664 1081 1811 1113 nexibus.

172 1135 245 1176 quia
268 1134 376 1175 legum
403 1134 550 1165 conditor
574 1145 635 1165 non
661 1135 902 1175 constringitur.
929 1138 960 1165 et
985 1138 1091 1165 tamen
1117 1135 1198 1175 legis
1229 1138 1344 1165 nature
1369 1134 1558 1173 dominium,
1587 1133 1670 1174 quod
1694 1133 1813 1173 ubique

173 1190 205 1217 et
228 1186 259 1216 in
285 1185 432 1216 omnibus
457 1187 665 1228 principatur,
690 1187 876 1217 necessario
902 1186 1080 1228 profitetur.

173 1238 217 1268 sic
242 1242 358 1279 regnat
382 1242 544 1279 potenter,
570 1239 614 1268 sic
639 1239 670 1269 in
696 1238 826 1269 dominii
851 1239 899 1269 sui
923 1238 1073 1279 potencia
1098 1238 1255 1268 exuberat
1279 1238 1466 1273 affluenter,
1501 1238 1545 1267 sic
1575 1239 1706 1266 cunctos
1731 1238 1813 1265 artat

173 1293 205 1320 et
229 1290 375 1330 stringit,
405 1289 450 1320 sic
481 1300 591 1321 omnes
621 1290 752 1320 dominii
780 1291 827 1320 sui
853 1290 927 1331 iugo
952 1291 1082 1331 laqueat
1107 1294 1138 1320 et
1163 1290 1314 1329 involvit,
1344 1294 1378 1320 ut
1409 1290 1512 1319 omnis
1541 1299 1615 1319 caro
1645 1292 1677 1317 et
1702 1287 1811 1326 lingua

172 1342 300 1372 statutis
327 1341 426 1383 ipsius
450 1344 587 1382 pareant
612 1345 644 1372 et
667 1341 827 1372 mandatis
845 1341 1010 1374 obediant.
1035 1342 1248 1383 profiteantur
1265 1341 1439 1371 dominium
1465 1344 1497 1370 et
1514 1340 1681 1380 imperium
1700 1348 1812 1378 recog-

171 1396 316 1423 noscant.
406 1393 453 1432 (2)
471 1392 614 1434 Ideoque
632 1396 664 1423 et
682 1404 748 1427 nos,
772 1393 847 1423 licet
864 1394 895 1423 in
913 1394 1086 1424 excellenti
1104 1393 1235 1434 specula
1253 1393 1341 1433 regie
1359 1393 1523 1433 dignitatis
1547 1395 1579 1421 et
1604 1401 1700 1431 super
1725 1390 1814 1429 leges

172 1448 205 1475 et
229 1445 298 1475 iura
324 1444 422 1475 simus
447 1445 558 1485 positi,
582 1444 665 1485 legis
689 1448 796 1475 tamen
827 1449 941 1475 nature
972 1446 1134 1487 preceptis
1167 1449 1198 1475 et
1229 1445 1364 1486 imperio
1396 1448 1492 1485 caput
1521 1447 1660 1473 nostrum
1687 1442 1810 1471 sincere

172 1496 388 1526 submittimus
413 1499 444 1526 et
468 1496 572 1526 eidem
598 1495 763 1526 fidelitatis
789 1496 932 1526 debitum
959 1497 1128 1527 exsolvere
1154 1497 1334 1537 cupientes,
1358 1499 1467 1526 notum
1493 1495 1560 1525 fieri
1579 1494 1724 1524 volumus
1746 1496 1809 1521 tam

172 1548 331 1589 presentis
358 1547 512 1589 temporis
537 1558 631 1588 quam
656 1548 762 1578 future
787 1549 985 1589 posteritatis
1005 1549 1128 1589 imperii
1147 1548 1284 1578 Romani
1309 1547 1469 1579 fidelibus.
1496 1545 1578 1587 quod
1605 1547 1688 1575 inter
1712 1544 1808 1574 multa

170 1600 374 1630 liberalitatis
399 1600 545 1629 inmense
570 1599 736 1633 beneficia,
762 1600 878 1640 quibus
903 1611 921 1630 a
938 1600 1177 1630 sublilnacionis
1196 1603 1304 1630 nostre
1322 1599 1492 1640 primordio
1512 1599 1681 1639 plerosque
1699 1595 1810 1626 fideles

172 1651 295 1692 imperii
320 1651 536 1692 prevenimus.
562 1650 599 1681 ad
625 1651 820 1686 instinctum,
847 1652 941 1681 immo
968 1652 1077 1692 pocius
1103 1652 1270 1692 imperium
1296 1654 1328 1680 ct
1352 1653 1538 1691 preceptum
1559 1648 1702 1678 eiusdem
1727 1647 1808 1686 legis

171 1705 282 1732 nature
313 1703 397 1732 circa
426 1702 704 1742 magnificenciam
730 1706 833 1732 status
858 1702 956 1743 prolis
981 1705 1090 1732 nostre
1115 1706 1146 1731 et
1164 1702 1426 1732 sublimationem
1451 1701 1550 1742 ipsius
1573 1699 1677 1729 studia
1701 1702 1810 1728 nostra

171 1754 388 1785 convertimus
413 1764 450 1783 ac
475 1753 514 1784 de
539 1753 640 1784 libero
665 1756 696 1783 et
715 1764 870 1795 expresso
896 1764 1054 1783 consensu
1079 1754 1201 1794 impcrii
1220 1753 1396 1794 principum
1422 1753 1470 1782 ius
1496 1753 1525 1782 in
1544 1751 1700 1780 electione
1726 1749 1809 1789 regis

170 1804 328 1836 Romania
353 1816 392 1835 ex
424 1806 521 1845 longa
554 1804 788 1835 consuetudine
823 1805 1004 1835 tenencium
1040 1805 1238 1845 principatus
1268 1805 1334 1834 sive
1364 1804 1497 1834 ducatus
1524 1803 1671 1837 Austric,
1703 1801 1808 1836 Sui-ie,

174 1856 322 1887 Carniole
348 1859 380 1887 et
397 1856 540 1886 Marchie
566 1867 637 1886 cum
663 1857 821 1886 universis
846 1857 911 1886 suis
936 1856 1124 1889 honoribus,
1149 1855 1283 1889 iuribus,
1309 1854 1510 1885 libertatibus
1537 1857 1568 1883 et
1592 1853 1808 1894 pertinenciisq

169 1908 251 1938 sicut
275 1918 329 1938 eos
355 1908 441 1938 clare
466 1908 620 1938 memorie
647 1908 824 1949 Liupoldus
851 1911 884 1938 et
908 1907 1092 1937 Fridericns
1118 1907 1215 1937 duces
1240 1907 1371 1936 Austrie
1397 1910 1429 1935 et
1454 1906 1551 1935 Stirie
1577 1908 1749 1935 tenuerunt
1774 1914 1809 1933 ac

169 1959 392 2000 possederunt,
418 1964 450 1990 et
475 1960 559 1999 aliis,
584 1970 644 2000 que
669 1960 698 1989 in
725 1960 819 1989 terris
846 1959 966 1990 eisdem
985 1959 1142 2000 quondam
1161 1958 1342 1988 Otacharus
1368 1968 1425 1988 rex
1450 1957 1583 1987 Hoemie
1608 1965 1809 1996 quocumsple

168 2009 312 2051 legitimo
337 2011 427 2041 titulo
453 2011 681 2052 conquisierat,
707 2011 885 2040 illustribus
905 2011 1039 2040 Alberto
1066 2014 1098 2040 et
1122 2009 1262 2040 Rudolfo
1288 2009 1360 2039 filiis
1386 2009 1504 2038 nostris
1522 2008 1698 2038 karissimis
1724 2006 1807 2046 apud

169 2061 347 2102 Augustam
374 2063 598 2103 sollempniter
621 2072 691 2092 cum
718 2061 844 2092 vexillis
871 2065 902 2091 et
927 2061 1164 2102 sollempnitate
1188 2060 1296 2090 debita
1322 2060 1538 2090 concessimus
1564 2060 1594 2089 in
1620 2058 1747 2088 feodum
1773 2067 1808 2086 ac

1125 1185 1231 1216 Huius
1257 1186 1340 1216 enim
1366 1186 1447 1227 legis
1474 1186 1646 1227 imperiosa
1670 1188 1813 1225 potestas

168 2113 342 2154 principum
368 2113 492 2154 imperii
517 2123 664 2149 numero„
691 2113 857 2143 consol-cio
883 2116 914 2142 et
939 2112 1075 2152 collegio
1102 2115 1317 2152 aggregantes
1335 2111 1464 2141 eosdem
1490 2113 1522 2140 et
1545 2111 1622 2151 ipsis
1648 2110 1696 2139 ins
1722 2109 1808 2149 prin-

169 2164 271 2206 cipum
296 2164 523 2203 concedentes,
548 2165 588 2195 ab
617 2165 664 2195 eis
691 2175 746 2206 pro
771 2164 1005 2206 principatibus
1023 2164 1210 2194 memoratis
1228 2163 1391 2193 fidelitatis
1417 2168 1448 2192 et
1472 2162 1611 2201 homagii
1629 2160 1808 2200 recepimus

167 2215 391 2247 iuramentum.
480 2217 527 2256 (3)
546 2216 632 2247 Nulli
655 2227 732 2256 ergo
752 2216 879 2246 omnino
898 2216 1061 2245 hominum
1080 2215 1175 2245 liceat
1194 2215 1272 2245 banc
1291 2218 1400 2244 nostre
1426 2213 1644 2243 concessionis
1667 2211 1807 2252 graciam

167 2267 338 2308 infringere
363 2268 413 2298 vel
438 2267 542 2298 eidem
568 2268 599 2298 in
627 2267 735 2308 aliquo
761 2278 842 2298 ausu
861 2267 1031 2297 temerario
1049 2267 1217 2297 contraire.
1258 2266 1349 2301 Quod
1368 2266 1420 2306 qui
1439 2266 1545 2295 facere
1564 2263 1806 2305 presumpserit.

171 2328 298 2358 gravem
323 2322 433 2350 nostre
456 2319 636 2350 maiestatis
653 2319 810 2349 offensam
836 2330 870 2349 se
895 2319 1019 2350 noverit
1036 2319 1219 2348 incurrisse.
1301 2316 1383 2359 [I]n''
1407 2317 1496 2347 cuius
1521 2317 1565 2347 rei
1590 2314 1806 2345 testimonium

169 2373 200 2401 et
222 2372 368 2412 perpetui
392 2371 516 2402 roboris
541 2371 724 2402 firmitatem
749 2375 918 2413 presentes
944 2371 1069 2401 litteras
1094 2370 1168 2400 inde
1194 2369 1349 2400 conscribi
1375 2372 1407 2398 et
1431 2369 1519 2398 bulla
1544 2377 1641 2397 aurea
1659 2366 1806 2407 tliypario

167 2423 253 2462 regie
285 2423 462 2453 maiestatis
490 2423 637 2465 inpresso
666 2423 816 2453 iussimus
851 2422 1039 2454 conmuniri.

167 2472 261 2503 radus
285 2473 543 2514 ArgentinensiS,
568 2474 792 2505 Hartmannus
812 2474 1041 2514 Augustensis„
1071 2473 1244 2503 Heinrieus
1263 2472 1509 2513 Ratisponensis
1534 2474 1565 2500 et
1583 2467 1805 2499 Wernhardus

168 2523 371 2556 Secouiensis
395 2526 549 2567 episcopi,
574 2526 715 2556 illustres
732 2526 924 2556 Ludewicus
949 2535 1056 2555 comes
1085 2525 1246 2566 palatinus
1271 2524 1353 2554 Reni
1378 2523 1442 2553 dux
1461 2522 1618 2557 Bawarie,
1645 2520 1804 2561 principes

168 2577 276 2616 nostri,
300 2576 490 2608 Chunradus
516 2577 579 2607 dux
605 2577 644 2607 de
663 2577 769 2615 Telzk,
794 2577 1001 2608 Herm-annus
1027 2576 1168 2607 marchio
1194 2575 1232 2605 de
1258 2575 1380 2609 Baden,
1405 2575 1577 2605 Ileinricus
1602 2572 1741 2601 marchio
1766 2570 1804 2599 ‹h›

166 2627 303 2668 Burgow
327 2632 358 2659 et
380 2629 554 2660 Heinricus
579 2629 721 2660 marchio
746 2629 785 2660 (le
810 2629 987 2669 Haliperch
1013 2632 1044 2658 et
1067 2627 1266 2669 spectabiles
1290 2626 1348 2656 viri
1367 2626 1521 2656 Albcrtus
1547 2628 1578 2654 et
1597 2622 1799 2654 nuseium-«lus

166 2679 282 2710 fratres
306 2681 345 2711 de
369 2680 602 2717 Ilohenberch,
628 2681 818 2717 Heinricus,
844 2681 1026 2711 Fridericus
1051 2684 1083 2710 et
1107 2679 1219 2719 Egeno
1244 2679 1283 2709 de
1303 2676 1561 2708 Vurstenbcrcli.
1595 2673 1801 2704 Ebcrlizirdus

265 2774 331 2801 339.
350 2776 373 2806 a)
393 2777 482 2802 Rumffi
502 2785 539 2800 or.

629 2776 651 2806 b)
673 2776 777 2800 initialis
795 2780 903 2799 exarata
924 2784 973 2799 non
993 2778 1028 2798 esl
1047 2784 1084 2799 or.

1128 2421 1242 2452 Testes
1272 2424 1345 2451 sunt
1376 2420 1434 2450 hii:
1466 2418 1667 2449 venerabiles
1697 2417 1803 2446 (ζἸιιιιιΑ
