2259 3164
139 716 162 734 10

137 977 161 996 15

135 1232 161 1251 20

136 1490 162 1509 25

134 1753 161 1773 30

135 2009 161 2028 ³5

132 2264 163 2284 '40

135 2523 161 2542 45

139 2775 164 2794 50

407 159 501 185 ACTA
522 158 617 188 QUAE
636 160 684 185 AI)
705 159 916 185 PONTIFICES
936 159 1108 185 ΗΟΜΑΝΟδν
1128 160 1324 187 ΜἘΠΓΑΝἹΠ
1364 163 1435 188 1272.
1474 164 1520 188 Nr.
1533 164 1590 189 017.
1759 167 1819 196 533

181 247 350 287 petierunt,
376 245 460 286 quod
485 245 698 275 inhiberemus
719 246 843 285 imperii
868 245 1068 282 electoribus,
1094 254 1127 277 nt
1152 249 1249 287 prima
1273 250 1424 288 petitione
1450 249 1581 280 durante
1606 251 1646 280 ad
1681 251 1820 291 aliquem

182 298 277 329 alium
302 308 364 327 non
381 297 593 337 procederent
609 297 791 337 eligendum
817 297 855 327 de
881 297 975 331 facto,
1001 308 1070 327 cum
1096 298 1134 328 110
1156 299 1222 329 inre
1251 311 1311 329 11011
1335 302 1464 340 possint.
1512 302 1551 331 Et
1568 302 1694 332 demum
1713 303 1819 333 huius-

182 349 267 379 modi
291 349 417 379 tertiam
441 349 628 389 petitionem
653 352 760 378 nostro
785 348 914 378 arbitrio
939 350 1187 384 committentes,
1217 353 1381 390 protestati
1407 353 1547 383 fuerunt.
1578 353 1661 393 quod
1687 353 1818 393 predicti

182 400 337 431 electores
361 400 401 430 ad
425 400 565 440 aliquam
589 399 683 430 aliam
708 399 898 429 electionem
923 400 1097 440 procedere
1122 411 1182 431 non
1208 402 1362 433 deberent
1392 404 1421 433 in
1447 408 1531 433 tunm
1559 404 1764 443 preiudicium
1789 411 1821 434 et

181 462 362 492 gravamen,
388 455 419 481 et
443 461 482 481 ne
507 455 616 481 contra
632 451 732 490 fieret,
758 449 821 492 [ad]
847 451 955 481 sedem
981 452 1189 491 apostolicam
1215 454 1426 493 appellarunt.
1451 459 1630 485 asserentes
1654 466 1694 485 ex
1719 456 1821 485 causis

181 514 214 534 se
239 503 388 543 legitimis
412 502 586 543 appellare.

286 554 334 595 (2)
359 554 439 584 Cum
463 558 569 584 autem
599 554 639 584 ad
664 555 940 594 investigationem
965 556 1106 585 veritatis
1136 566 1230 595 super
1254 556 1431 586 huiusmodi
1457 558 1660 597 petitionibus
1691 559 1720 588 in
1745 569 1819 588 con-

181 607 305 637 sistorio
330 605 456 646 publico
481 616 551 635 cum
576 606 651 645 ipsis
676 606 736 635 tuis
764 605 1020 645 procuratoribus
1045 611 1076 635 et
1100 606 1170 636 aliis
1194 607 1381 646 iurisperitis
1406 608 1525 638 eisdem
1552 609 1580 638 in
1598 610 1818 649 prosecutione

181 659 225 688 tui
249 658 323 688 iuris
340 656 558 687 assistentibus
583 657 671 697 quasi
695 657 894 687 familiariter
915 657 1141 694 conferremus,
1166 658 1247 688 inter
1274 665 1379 688 cetera
1404 659 1601 699 tangebatur,
1627 661 1711 700 quod
1735 660 1818 690 clare

180 710 332 740 memorie
368 709 515 740 Riccardi
554 710 584 739 in
613 709 830 740 Romanorum
867 720 976 750 regem
1019 710 1111 740 electi
1150 711 1341 741 electoribus
1377 723 1437 741 11011
1468 713 1586 743 vocatis
1626 714 1675 744 vel
1707 714 1817 744 saltem

181 761 422 791 denunciatione
447 761 553 802 aliqua
578 771 640 791 non
664 762 749 791 facta
773 761 904 798 eisdem,
930 772 992 791 non
1016 766 1084 792 erat
1108 762 1148 791 ad
1166 762 1403 802 expeditionem
1429 765 1616 803 petitionum
1641 765 1817 794 huiusmodi

179 812 426 853 procedendum,
452 823 522 843 cum
546 823 656 843 eorum
681 813 826 843 videatur
850 813 1033 853 specialiter
1057 814 1221 850 interesse,
1246 819 1356 854 utpote
1382 826 1451 845 cum
1478 816 1523 845 ius
1547 816 1685 856 eligendi
1710 827 1818 856 regem

179 863 395 894 Romanorum
432 864 463 893 in
487 865 714 904 imperatm·c.1n
747 864 862 894 deinde
886 864 1137 904 promovendum
1173 865 1231 894 sibi
1256 866 1427 897 vindicent.
1460 871 1491 896 01
1519 868 1549 896 111
1584 868 1715 907 pacitica
1750 879 1818 897 esse

180 915 322 946 dicantm·
346 917 442 956 ipsius
466 916 666 956 possessione
691 915 741 946 vel
766 917 865 956 quasi.
901 915 951 946 Ex
976 927 1037 956 quo
1062 917 1158 946 etiam
1183 917 1389 956 arguebatur,
1418 928 1480 947 non
1504 929 1595 958 posse
1621 930 1676 949 nec
1702 918 1818 949 debere

180 967 312 998 inhiberi
344 967 479 1001 eisdem,
516 968 684 1008 quominus
715 967 895 997 huiusmodi
921 978 977 997 sua
1001 969 1202 1007 possessione
1228 968 1325 999 libere
1358 973 1534 1005 uterentur,
1570 970 1680 1001 alium.
1718 971 1742 999 si
1774 971 1819 999 eis

178 1018 338 1049 videretiu·
362 1019 550 1059 expediens,
582 1019 741 1059 eligendo.
787 1019 837 1049 Ex
864 1019 923 1049 1100
952 1019 1081 1059 insuper
1104 1019 1274 1049 manifesta
1298 1020 1434 1060 quedam
1467 1024 1520 1051 tua
1551 1022 1629 1051 ratio
1654 1021 1820 1051 videbatur

179 1071 350 1110 insurgere,
376 1081 433 1111 per
461 1081 555 1111 quam
581 1070 663 1100 dicte
688 1071 858 1110 petitiones
882 1070 1028 1100 videntur
1052 1081 1113 1100 non
1138 1081 1207 1101 esse
1232 1071 1432 1111 aliquatenus
1456 1072 1666 1107 admittendo,
1698 1073 1770 1113 quia
1794 1073 1818 1101 si

179 1122 376 1162 contingeret
393 1121 523 1152 easdam
541 1123 711 1162 petitiones
735 1121 859 1152 admitti
884 1126 916 1152 et
939 1123 1063 1152 interim
1082 1122 1183 1152 dictos
1200 1122 1356 1153 electores
1380 1124 1411 1152 in
1427 1123 1522 1153 alium
1540 1124 1727 1159 consentire,
1749 1134 1817 1153 cum

179 1184 240 1203 non
263 1184 428 1214 possemus
457 1173 559 1204 electo
591 1173 696 1204 taliter
720 1173 914 1204 audientiam
945 1174 1011 1204 sine
1042 1174 1154 1204 iniuria
1185 1178 1216 1204 et
1244 1175 1331 1214 gravi
1356 1174 1505 1205 scandalo
1530 1175 1699 1215 denegare.
1724 1185 1819 1214 coge—

179 1235 284 1255 remur
307 1225 449 1255 habitum
474 1235 530 1265 pro
556 1229 586 1255 te
611 1235 777 1255 recensere
806 1229 838 1255 et
862 1225 982 1265 forsan,
1009 1228 1141 1265 urgente
1167 1226 1299 1257 iustitia.
1330 1236 1480 1256 revocare
1509 1237 1701 1266 processum,
1726 1237 1819 1266 quem

178 1277 347 1317 petitiones
364 1276 561 1307 admittendo
579 1276 738 1317 predictas
763 1277 877 1307 iustum
902 1276 1083 1307 videremur
1106 1280 1200 1307 antea
1224 1278 1392 1307 censuisse.
1432 1277 1503 1307 Iliis
1527 1282 1559 1308 et
1582 1278 1651 1307 aliis
1676 1279 1706 1307 in
1722 1277 1819 1307 001111-

178 1329 295 1358 tionem
313 1328 457 1359 deductis
473 1328 653 1358 huiusmodi
677 1329 878 1368 receptisque
904 1328 1091 1368 quibusdam
1117 1328 1361 1368 allegationibus
1385 1329 1424 1359 ab
1449 1329 1569 1359 eisdem
1594 1330 1654 1359 tuis
1671 1340 1818 1369 procura-

179 1379 298 1410 toribus
321 1390 416 1420 super
439 1380 501 1409 illis
524 1379 653 1410 tandem
678 1380 755 1410 actis
780 1384 812 1410 et
836 1384 919 1410 statu
936 1380 1078 1410 eiusdem
1104 1381 1223 1420 negotii
1240 1380 1373 1410 sollicite
1391 1381 1543 1421 repetitis.
1568 1381 1742 1410 invenimus
1764 1391 1820 1420 per

179 1431 338 1472 quondam
362 1432 548 1471 magistrum
572 1430 776 1471 R(odulfum)
799 1431 837 1461 de
860 1431 962 1461 Pedio
981 1431 1090 1461 Bonizi
1114 1436 1352 1471 procuratorem
1378 1432 1486 1461 tuum1
1507 1432 1655 1461 1111100103
1679 1431 1819 1461 diversos

181 1482 313 1519 oblatos,
338 1486 371 1513 et
391 1483 493 1523 ipsum
514 1486 753 1523 procuratorem
776 1493 808 1512 se
826 1483 950 1512 admitti
972 1482 1012 1513 ad
1031 1482 1229 1523 probandum
1251 1482 1381 1513 eosdem
1403 1483 1434 1512 in
1449 1483 1649 1517 Alemannia,
1675 1483 1817 1517 Francia,

179 1534 315 1575 Ispania,
340 1534 434 1565 Italia
458 1538 490 1564 et
514 1534 735 1564 nichilominus
759 1535 790 1564 in
814 1535 900 1564 curia
924 1534 1070 1564 Romana
1095 1538 1147 1564 tuo
1174 1535 1299 1564 nomine
1324 1545 1394 1564 cum
1412 1535 1561 1565 instantia
1577 1535 1764 1575 postulasse,
1782 1546 1817 1565 ac

179 1586 263 1626 ipsos
286 1589 318 1616 et
334 1585 423 1621 alios,
449 1596 528 1626 quos
545 1585 678 1616 dilectus
700 1586 781 1616 filius
798 1587 951 1626 magister
968 1586 1005 1615 (J.
1025 1585 1063 1616 de
1082 1586 1234 1616 Corneria
1252 1590 1437 1626 procurator
1455 1587 1621 1617 memorati
1638 1586 1817 1626 R(ichardi)

179 1637 245 1667 eius
268 1638 394 1667 nomine
413 1637 536 1675 obtulit,
560 1648 618 1677 per
641 1637 742 1668 felicis
759 1637 988 1668 1000111111101113
1007 1637 1236 1678 (1(1011101110111)
1261 1648 1376 1677 papam
1394 1637 1653 1677 predecessorem
1678 1641 1818 1668 nostrum

179 1688 217 1719 de
246 1689 376 1719 fratrum
407 1699 534 1719 suorum
567 1689 698 1719 consilio
728 1689 839 1725 fuisse,
875 1692 968 1729 prout
1007 1689 1081 1718 facti
1112 1688 1247 1729 qualitas
1276 1690 1386 1723 suasit,
1416 1689 1586 1725 admissos,
1616 1697 1647 1719 et
1681 1689 1818 1723 tandem,

179 1741 337 1781 assignato
362 1742 524 1782 utriusque
549 1743 646 1782 partis
670 1741 926 1782 procuratoribus
950 1742 994 1771 tui
1019 1746 1051 1772 et
1068 1742 1235 1771 memorati
1252 1741 1379 1771 Ricardi
1405 1742 1531 1772 nomine
1557 1741 1596 1771 ad
1621 1741 1818 1782 probandum

179 1791 309 1822 eosdem
333 1793 482 1823 articulos
506 1794 655 1826 termino,
688 1798 818 1834 propter
847 1793 1074 1833 impedimenta
1106 1794 1193 1823 varia
1217 1793 1445 1829 circumducto,
1479 1793 1605 1823 demum
1636 1794 1749 1823 iterato
1779 1793 1819 1823 ad

179 1843 309 1873 multam
334 1847 458 1875 tuorum
483 1845 664 1885 specialiter
695 1849 935 1885 procuratorum
960 1845 1141 1874 instantiam
1167 1844 1206 1874 ad
1235 1844 1319 1874 idem
1350 1844 1445 1874 alium
1472 1844 1626 1884 prefixum
1652 1845 1819 1874 terminum

179 1898 211 1924 et
234 1895 264 1925 in
288 1895 438 1935 predictis
462 1898 632 1937 provinciis
656 1898 816 1937 assignata
840 1897 919 1930 loca,
945 1896 1104 1937 inquibus
1129 1897 1256 1926 testium
1281 1896 1446 1936 productio
1471 1896 1570 1933 110101,
1596 1907 1631 1926 ac
1656 1897 1818 1926 examina-

180 1949 263 1976 tores
286 1947 425 1987 ipsorum
454 1948 675 1978 nichilominus
709 1948 887 1988 deputatos.
934 1947 975 1977 Et
1004 1948 1077 1988 quia
1102 1948 1183 1977 inter
1206 1958 1311 1977 moras
1345 1947 1459 1977 eodem
1485 1947 1711 1987 predecessore
1736 1948 1817 1977 viam

179 1999 322 2030 universe
354 2001 456 2030 carnis
486 2001 642 2040 ingresso,
673 2000 777 2030 nullus
807 2001 889 2030 circa
913 1999 1133 2040 probationem
1159 1999 1343 2029 eorumdem
1368 1998 1571 2029 articulorum
1596 2009 1635 2028 ex
1660 1999 1819 2038 premissis

179 2049 303 2081 habitus
327 2057 374 2081 est
395 2062 574 2092 processus,
599 2062 668 2082 cum
693 2051 813 2081 nullum
838 2051 877 2081 de
902 2052 967 2081 11110
993 2052 1032 2081 311
1056 2050 1194 2086 dubium,
1220 2051 1276 2080 iuri
1302 2054 1354 2080 tuo
1373 2050 1466 2080 nichil
1491 2060 1531 2080 ex
1548 2050 1623 2079 dicti
1639 2050 1818 2087 R(ichardil

180 2101 266 2132 obitu
295 2104 484 2140 accrevisse,
520 2104 594 2144 quia
624 2104 738 2134 electio
771 2108 823 2133 tua
852 2104 934 2133 vires
964 2114 1005 2133 cx
1032 2106 1104 2143 post
1133 2103 1216 2132 facto
1249 2113 1310 2132 non
1340 2102 1485 2142 sumpsit,
1522 2102 1545 2131 si
1577 2112 1776 2142 nequaquam
1801 2112 1819 2131 a

180 2153 331 2194 principio
349 2154 520 2189 habuisset,
546 2165 603 2185 nec
628 2166 668 2185 ex
692 2165 766 2184 casu
790 2155 888 2195 partis
912 2154 1042 2184 1111011113
1059 2154 1243 2184 fulcimento
1268 2153 1374 2193 aliquo
1392 2152 1559 2192 indigeret,
1584 2153 1608 2182 si
1634 2153 1691 2182 rite
1716 2153 1819 2183 fuerat

180 2204 349 2243 celebrata,
420 2206 581 2247 predictos
597 2207 728 2237 fratrem
753 2210 784 2237 et
801 2207 996 2243 canonicum,
1022 2209 1092 2235 tuos
1108 2209 1339 2245 procuratores,
1364 2204 1490 2245 publice
1515 2205 1545 2234 in
1569 2204 1683 2234 eodem
1701 2205 1817 2234 consis-

181 2256 259 2286 torio
294 2258 571 2298 interrogavimus,
607 2262 711 2288 utrum
741 2258 860 2288 vellent
894 2258 1026 2298 prefatis
1060 2256 1199 2287 articulis
1234 2267 1290 2296 pro
1322 2260 1411 2296 parte
1448 2260 1500 2286 tua
1531 2255 1645 2285 oblatis
1675 2257 1816 2285 insistere

180 2307 326 2348 ipsosque
359 2309 494 2349 probare
531 2321 570 2340 an
605 2310 726 2340 eisdem
754 2310 938 2340 remmciare
976 2320 1031 2339 seu
1062 2309 1136 2348 ipsis
1168 2308 1304 2345 omissis,
1336 2308 1424 2347 quasi
1460 2310 1544 2337 esset
1576 2308 1605 2336 in
1640 2307 1815 2337 huiusmodi

179 2359 358 2390 conclusum
382 2362 555 2401 negotium,
581 2365 751 2401 expectare
775 2361 902 2391 finalem
928 2360 1159 2390 ordinationem
1184 2360 1289 2399 ipsius.

285 2410 333 2452 (3)
357 2412 477 2442 Verum
502 2413 560 2453 ipsi
592 2413 743 2453 dicentes7
773 2412 857 2453 quod
890 2412 931 2442 ad
965 2413 1025 2442 ista
1056 2411 1248 2451 respondere
1284 2421 1346 2440 non
1377 2414 1525 2450 1101011101
1560 2421 1615 2440 nec
1649 2408 1815 2442 debebant,

180 2465 288 2502 utpote
321 2463 361 2493 ad
390 2464 559 2504 petitiones
584 2468 652 2494 tuas
677 2464 778 2504 primo
803 2464 982 2504 propositas
1007 2463 1149 2503 deputati
1182 2467 1213 2492 et
1237 2462 1277 2492 ad
1303 2462 1509 2492 instrumenta
1533 2465 1564 2491 et
1587 2461 1725 2494 chartas,
1756 2470 1815 2499 11110

180 2512 339 2544 habebant
361 2515 392 2544 in
416 2516 516 2553 curia,
542 2515 739 2545 ostendenda
774 2519 805 2545 et
829 2515 869 2545 ad
893 2515 1131 2554 responsionem
1156 2524 1250 2554 super
1274 2513 1364 2543 (lictis
1388 2512 1592 2552 petitionibus
1616 2510 1814 2543 audiendam,

180 2563 306 2595 demum
330 2565 451 2597 litteras
475 2577 510 2596 ac
528 2567 736 2597 instrumenta
761 2566 1007 2607 quamplurium
1028 2569 1211 2605 magnatum
1236 2565 1274 2595 de
1293 2565 1462 2595 Alemania
1486 2568 1517 2594 01
1541 2564 1716 2603 aliquarum
1741 2563 1815 2591 civi-

180 2617 278 2646 tatum
302 2620 334 2647 et
357 2618 562 2658 singularium
587 2628 793 2658 personarum
818 2618 856 2648 de
882 2618 989 2654 ltalia,
1018 2621 1051 2647 ut
1081 2617 1228 2647 (licebant
1267 2620 1299 2646 et
1322 2615 1493 2646 earundem
1520 2615 1693 2644 litterarum
1718 2613 1815 2643 series

179 2667 367 2705 pretendere
392 2669 571 2705 videbatur,
603 2670 633 2699 in
657 2673 764 2699 nostra
789 2672 820 2699 et
844 2669 1016 2699 eorundem
1041 2669 1173 2698 fratrum
1198 2668 1356 2707 presentia
1381 2666 1531 2696 exhibere
1557 2669 1716 2696 curarunt,
1743 2675 1813 2704 pro-

180 2719 331 2749 testantes
354 2730 519 2760 expresse,
545 2720 629 2760 quod
660 2720 718 2750 etsi
743 2720 905 2759 premissa,
931 2724 964 2749 ut
988 2729 1096 2749 00111111
1114 2718 1210 2748 verba
1234 2728 1412 2758 sequamur.
1438 2718 1579 2746 facerent
1596 2726 1701 2745 coram
1726 2714 1815 2744 nobis

283 2787 306 2817 1)
327 2786 367 2817 Cf.
387 2795 469 2820 supra
488 2790 548 2813 tom.
569 2787 609 2819 ΙΙ1
628 2791 676 2813 499
695 2795 736 2814 nr.
749 2790 803 2813 396.
822 2790 875 2813 395.
