2259 3116
385 146 446 175 330
723 143 880 169 RUDOLFI
900 142 1004 168 REGIS
1025 142 1346 169 CONSTITUTIONES‘.
1389 144 1459 169 1233.
1497 142 1543 168 Nr.
1556 142 1614 168 344.
1627 143 1684 169 345.

494 231 530 262 In
568 231 659 262 cuius
695 231 740 262 rei
770 230 987 262 testimonium
1025 241 1159 272 presens
1192 230 1346 272 scriptum
1383 230 1564 262 maiestatis
1600 232 1708 261 nostre
1744 230 1850 272 sigillo
1883 231 2032 262 iussimus

385 284 586 316 communiri.

492 336 566 367 Dat.
603 336 634 367 in
669 335 846 375 Rinvelde,
881 346 939 377 pcr
968 346 1095 366 manum
1126 335 1273 376 magistri
1302 335 1446 365 Heinrici
1479 334 1714 376 prothonotarii
1749 335 1851 366 nostri
1886 335 2031 377 predicti,

383 388 456 420 Kal.
480 388 579 427 Iunii,
610 387 724 418 indice.
749 387 825 427 XL,
856 398 939 418 anno
964 387 1096 418 Domini
1120 387 1293 418 millesimo
1325 387 1550 418 ducentesimo
1581 386 1777 426 octogesimo
1803 387 1917 426 tertio,
1942 388 2033 428 regni

383 451 458 471 vcro
484 440 583 470 nostri
608 450 691 470 anno
715 439 757 470 X.

489 491 560 532 Ego
594 491 789 522 Hcinricush
828 491 1088 533 prothonotarius
1129 490 1292 533 predictus
1331 491 1399 522 vice
1443 490 1560 521 domini
1597 489 1726 521 Rudolfi
1762 491 1926 533 inperialis
1959 491 2032 522 aule

383 544 569 575 cancellarii
594 544 788 585 rccongnovi
813 547 844 575 et
868 543 998 585 propria
1031 554 1126 578 manu
1154 543 1340 584 subscripsi.

503 689 580 721 345.
606 690 838 721 REGEPTIO
865 690 1137 722 PRIVIJAE'GJJ
1160 689 1252 721 PER
1282 689 1655 721 llllleTEltL-lLES
1679 689 1707 720 A
1718 689 1921 721 USTRIAE

910 742 975 773 ET
994 742 1194 773 sJ'IRL-OE.
1245 744 1337 772 1:303.
1379 742 1439 773 Iul.
1459 742 1507 771 11.

491 803 719 843 Aulam-amon
742 803 877 833 eiusdem
902 803 1055 834 tabularii
1079 803 1245 833 ediderunt
1271 802 1569 842 schwind-Dapsch,
1595 803 1823 843 'Azcsgycmiiltllc
1852 803 2032 835 Urltemdcn'

376 867 409 894 p.
429 858 490 885 1:50·
513 866 560 886 nr.
579 856 629 886 0¹9.
676 855 789 886 Denuo
812 855 943 885 contidit
968 856 1000 885 J.
1018 855 1165 885 Lcclzm‘r.
1214 854 1354 885 I’emlent
1377 858 1441 885 octo
1465 855 1571 895 sisse'lla
1590 866 1707 894 partam
1732 856 1818 886 laesa
1842 855 1918 886 loris
1941 866 2032 886 mem-

381 907 554 939 braum-uis.
603 908 651 945 Cf.
677 907 822 944 Rolnam,
849 907 922 946 Rea.
943 907 1013 945 inzp.
1033 906 1085 943 ΓΙ,
1100 908 1190 936 Ιῒδῖ).
1740 908 1792 947 (P.
1818 908 1925 948 deest.)

490 986 538 1027 (1)
563 986 630 1016 Nos
655 985 731 1017 Otto
761 986 800 1017 de
826 986 979 1017 lIaslowe
1012 985 1111 1016 iudex
1139 985 1346 1026 provincialis
1378 996 1435 1026 per
1459 985 1639 1024 Austriam⁷
1670 985 1746 1016 Otto
1778 986 1817 1017 de
1848 984 2031 1016 Berhtolts-

383 1039 448 1069 torf
480 1038 691 1077 camerarius,
731 1038 917 1079 Stephanus
953 1037 993 1068 de
1025 1037 1218 1068 Misschowe
1252 1036 1491 1074 marschalcus,
1527 1037 1722 1069 Liutholdus
1754 1037 1794 1068 dc
1826 1037 2032 1078 Chvnringen

381 1091 535 1133 pincerna
552 1089 697 1126 Austric,
726 1089 849 1120 Vlrieus
875 1090 914 1120 de
932 1089 1088 1131 Gappclla
1112 1089 1209 1120 iudex
1238 1088 1447 1130 provincialis
1473 1100 1569 1131 super
1593 1089 1755 1129 Anasum,
1784 1089 1968 1120 Fridcrieus
1992 1088 2031 1119 dc

383 1141 613 1183 hengenpach⁷
639 1141 848 1182 Erkcngerus
874 1142 913 1172 de
940 1141 1117 1178 Landoser,
1144 1141 1221 1171 Otto
1246 1140 1285 1171 de
1310 1140 1529 1172 Lichtinstein
1555 1145 1586 1172 et
1610 1141 1794 1173 Fridericus
1822 1141 1862 1172 dc
1884 1140 2033 1172 Pettovia

383 1196 423 1227 ad
449 1194 671 1225 universorum
697 1196 760 1223 tam
787 1194 992 1234 presencium
1018 1203 1113 1234 quam
1143 1193 1246 1223 eciam
1278 1192 1458 1223 futurorum
1491 1193 1643 1224 noticiam
1676 1194 1821 1235 cupimus
1853 1193 2030 1235 pervenire,

382 1248 654 1287 recognoscentes
680 1245 845 1276 humiliter
869 1248 901 1276 ct
926 1245 1055 1287 publice
1080 1245 1280 1286 profitenteS,
1306 1245 1391 1285 quod
1417 1245 1479 1276 etsi
1503 1245 1653 1287 princeps
1678 1245 1867 1286 magnificus
1885 1244 2032 1276 dominus

383 1302 493 1331 noster
524 1298 718 1328 karissimus
748 1298 896 1329 dominus
934 1298 1094 1329 Rudolfus
1129 1298 1191 1328 Dei
1227 1298 1335 1338 gracia
1368 1298 1590 1329 Romanorum
1620 1308 1677 1328 rex
1709 1297 1838 1328 inclitus
1867 1308 1924 1328 nos
1960 1308 2032 1329 suos

382 1351 501 1389 fideles,
527 1354 602 1382 tunc
620 1351 680 1381 sibi
706 1354 738 1381 ct
754 1350 902 1382 Romano
927 1350 1064 1392 imperio
1083 1350 1261 1382 inniediate
1287 1351 1460 1388 subiectos,
1485 1349 1593 1380 multis
1617 1350 1731 1391 amplis
1757 1352 1788 1381 et
1812 1349 1909 1380 variis
1932 1349 2030 1380 bene-
2059 1366 2068 1373 -

382 1402 516 1434 ficencie
542 1413 599 1433 sue
624 1401 717 1433 donis
742 1402 924 1433 liberaliter
941 1402 1099 1433 hactenus
1117 1402 1328 1443 respexisset,
1353 1402 1384 1432 in
1403 1401 1462 1432 hoc
1480 1405 1590 1432 tamen
1608 1412 1665 1433 sue
1683 1401 1888 1433 liberalitatis
1913 1402 2030 1433 eximie

384 1455 554 1485 thesauros
586 1454 618 1484 in
649 1464 705 1484 nos
738 1454 901 1495 copiosius
930 1457 961 1484 ct
993 1454 1233 1484 cxubcrancius
1261 1454 1407 1484 noscitur
1438 1453 1605 1491 effudisse,
1639 1453 1723 1495 quod
1752 1454 1966 1495 provisionem
1991 1453 2030 1485 dc

382 1507 508 1537 duobus
533 1505 671 1536 dominis
696 1506 763 1536 sive
788 1505 987 1547 principibus
1013 1506 1193 1536 illustribus
1218 1505 1356 1536 dominis
1381 1505 1517 1536 Alberto
1542 1509 1574 1537 et
1596 1505 1738 1536 Rudolfo
1774 1505 1844 1536 filiis
1868 1505 1933 1536 suis
1958 1516 2028 1547 prc-

383 1559 477 1589 elaris
503 1557 596 1588 nobis
622 1568 659 1588 ac
684 1558 778 1588 terris
804 1558 956 1593 Ans-trie,
991 1558 1118 1599 Styrie,
1151 1557 1300 1588 Carniolc
1326 1561 1357 1588 ct
1381 1557 1525 1589 Marchie
1550 1558 1667 1589 factam
1697 1558 1921 1600 sollempniter
1945 1557 2029 1599 apud

383 1610 578 1651 Augustam,
616 1612 780 1640 reservata
812 1609 872 1640 sibi
897 1613 972 1640 tunc
998 1610 1153 1651 temporis
1184 1620 1282 1651 super
1313 1620 1350 1640 co
1374 1610 1519 1650 plenaria
1552 1612 1730 1651 potestate,
1759 1609 1799 1640 ad
1823 1613 1965 1640 nostram
1989 1620 2026 1640 ac
2054 1618 2064 1635 ·-·

382 1662 557 1692 incolarum
595 1665 752 1692 terrarum
789 1661 1007 1702 predictarum
1044 1661 1194 1692 devotam
1230 1661 1421 1692 instanciam
1457 1661 1487 1691 in
1519 1672 1691 1703 personam
1719 1661 1880 1692 karissimi
1909 1661 2028 1692 domini

386 1714 483 1744 nostri
502 1714 621 1744 domini
639 1714 765 1744 Alberti
782 1713 873 1744 ducis
892 1717 924 1744 et
942 1713 1093 1755 principis
1117 1713 1258 1754 gloriosi,
1276 1713 1421 1744 adhibito
1438 1725 1515 1744 sano
1539 1713 1786 1744 deliberacionis
1805 1724 1862 1744 suc
1887 1713 2027 1752 consilio,

384 1766 532 1805 graciose
572 1766 765 1806 restringere
797 1770 846 1796 cst
881 1765 1048 1806 dignatus,
1085 1766 1185 1807 ipsius
1217 1765 1316 1795 solius
1346 1768 1377 1795 et
1406 1765 1561 1796 heredum
1592 1776 1721 1796 suorum
1752 1766 1844 1796 suavi
1871 1776 1930 1796 nos
1954 1765 2027 1806 iugo

383 1817 546 1848 subiciens
572 1818 601 1847 in
629 1829 666 1848 ca
690 1819 791 1848 forma
817 1821 849 1848 ct
873 1817 978 1853 modo,
1005 1817 1058 1858 qui
1085 1818 1115 1847 in
1141 1828 1196 1847 suo
1216 1818 1316 1858 regali
1336 1817 1507 1859 privilegio
1537 1827 1635 1859 super
1658 1828 1696 1848 eo
1723 1818 1869 1849 confecto
1894 1817 2026 1848 lucidius

383 1869 575 1900 continetur.
670 1869 717 1910 (2)
748 1870 848 1899 Cuius
880 1869 1007 1909 quidem
1042 1869 1201 1911 privilegii
1236 1868 1327 1899 nobis
1360 1868 1495 1899 exhibiti
1525 1872 1556 1899 et
1585 1870 1755 1900 monstrati
1791 1869 1830 1901 dc
1862 1869 1959 1900 verbo
1988 1868 2026 1900 ad

383 1921 515 1952 verbum
541 1921 614 1951 talis
639 1924 687 1952 cst
712 1924 817 1952 tenor:

492 1972 662 2003 ·1t11d01fus
687 1973 747 2003 ])ci
772 1973 882 2014 gracia
903 1992 934 1995 -
949 1984 1032 2004 anno
1058 1972 1206 2004 decimo'.
1244 1984 1342 2011 supra
1366 1984 1413 2003 nr.
1431 1974 1510 2004 341.-
1533 1973 1615 2003 <last
1637 1973 1832 2013 subscriplio.

493 2032 541 2072 (25)
566 2032 633 2063 Nos
664 2033 760 2072 igitur
788 2037 948 2064 tantorum
981 2034 1212 2064 beneficiorum
1244 2033 1334 2063 nobis
1366 2045 1382 2063 a
1414 2033 1515 2074 regali
1547 2034 1722 2064 clemencia
1752 2034 1939 2065 collatorum
1964 2044 2024 2064 non

384 2084 587 2114 immemores
612 2095 670 2114 nec
696 2085 811 2125 ingrati
837 2088 868 2115 et
892 2088 1028 2126 propter
1054 2085 1113 2115 hoc
1137 2088 1244 2115 nostre
1263 2084 1447 2115 devocionis
1473 2089 1504 2115 ct
1528 2085 1602 2116 fidei
1621 2085 1689 2116 vice
1706 2086 1869 2128 reciproca
1886 2085 2024 2116 debitum

384 2136 598 2171 exsolventes,
619 2135 857 2166 ordinacionem
874 2137 994 2177 regiani
1013 2136 1242 2177 supradictam,
1260 2137 1289 2166 in
1309 2140 1451 2166 nostrum
1469 2148 1505 2167 ac
1523 2136 1681 2167 dictarum
1699 2141 1856 2168 terrarum
1874 2138 2024 2175 favorem,

384 2187 585 2217 ‹xonnnodum
610 2191 641 2216 et
666 2187 819 2218 honorem
839 2187 957 2218 editam
985 2191 1017 2218 et
1043 2199 1242 2225 concessam⁷
1268 2199 1338 2219 cum
1363 2188 1488 2219 devotis
1506 2190 1686 2229 graciarum
1705 2189 1888 2220 accionibus
1913 2199 2024 2229 accep-

384 2243 495 2275 tamus,
521 2239 748 2279 approbamus,
774 2240 944 2280 recipimus
970 2243 1001 2270 et
1029 2240 1059 2270 in
1086 2241 1187 2281 ipsam
1212 2241 1408 2271 unanimiter
1425 2241 1645 2271 consentimus
1670 2244 1701 2272 et
1719 2241 1943 2272 nichilominus
1968 2251 2023 2271 nos

384 2291 524 2320 facturos
550 2294 581 2319 et
606 2294 782 2330 curaturos,
807 2292 890 2331 quod
915 2292 1073 2332 premissa
1098 2292 1261 2323 ordinacio
1287 2293 1317 2322 in
1343 2293 1491 2323 omnibus
1517 2293 1582 2323 suis
1609 2293 1751 2324 articulis
1768 2294 1900 2324 firmiter
1915 2292 2021 2323 obser-

388 2346 489 2375 vetur,
516 2341 597 2371 bona
622 2342 682 2372 tide
708 2343 922 2383 promittimus
947 2346 978 2374 et
1002 2344 1041 2374 ad
1067 2344 1123 2373 ho(¹
1149 2355 1206 2375 nos
1231 2344 1331 2374 ceiam
1359 2345 1432 2375 fidei
1457 2344 1590 2375 dacione
1615 2356 1652 2375 ac
1671 2346 1841 2376 iuramenti
1868 2355 1964 2386 super
1987 2354 2022 2374 eo

384 2393 508 2434 prestiti
536 2394 658 2424 viuculo
685 2394 873 2434 obligamus.
964 2395 1010 2433 (Γ)
1038 2395 1193 2426 Volcntcs
1219 2407 1346 2436 quoque
1364 2396 1569 2437 beneplacito
1596 2397 1681 2435 regio
1708 2397 1738 2427 in
1757 2396 1904 2427 omnibus
1928 2395 2020 2426 satis·

385 2446 489 2475 faeere
515 2449 545 2475 ct
570 2445 708 2486 placere⁷
733 2446 889 2476 ambobus
915 2447 1065 2477 fratribus
1089 2447 1225 2477 dominis
1257 2448 1374 2478 nostris
1400 2448 1535 2478 Alberto
1560 2452 1591 2478 et
1616 2448 1755 2479 liudolfo
1784 2448 1934 2489 predictis
1958 2451 2020 2477 tam

385 2508 441 2526 nos
467 2508 561 2537 quain
589 2496 802 2537 predirtnrnm
829 2502 985 2528 terrarum
1010 2498 1113 2529 incole
1144 2499 1202 2529 sul»
1229 2500 1328 2529 fornia
1359 2503 1390 2529 ct
1416 2503 1558 2541 tempore
1584 2500 1614 2530 in
1639 2500 1843 2531 ordinacione
1868 2498 2022 2540 premissa

385 2549 543 2578 contentis
569 2548 730 2579 fidelitatis
756 2553 787 2579 et
813 2549 951 2589 homagii
979 2551 1175 2590 prestitimus
1201 2551 1328 2592 publice
1354 2552 1577 2591 iuramentum,
1603 2556 1674 2593 post
1698 2552 1787 2583 cuius
1813 2555 1917 2582 tamen
1941 2553 2019 2580 tem-

385 2598 468 2639 poris
494 2600 617 2639 lapsum
643 2600 785 2640 predicto
811 2600 937 2631 domino
967 2606 1072 2632 nostro
1099 2603 1232 2633 Albcrto
1259 2603 1316 2633 soli
1342 2607 1374 2633 ct
1399 2604 1467 2633 cius
1496 2603 1672 2635 heredibus
1697 2603 1850 2634 masculis
1874 2613 1914 2634 cx
1938 2600 2018 2632 ordi-

2061 818 2083 835 10

2061 1099 2083 1116 15

2053 1875 2076 1892 ’.50

2047 2407 2070 2425 40

386 2650 518 2681 nacione
544 2651 698 2691 premissa
723 2656 754 2682 ct
779 2652 956 2683 iuramento
983 2658 1089 2684 nostro
1109 2654 1279 2695 prehabito
1305 2655 1393 2695 ligati
1418 2656 1535 2686 erimus
1560 2659 1591 2687 ct
1616 2667 1634 2686 a
1658 2655 1743 2686 dicto
1761 2654 1888 2686 domino
1912 2655 2018 2684 nostro
2045 2664 2067 2683 e·

487 2752 551 2779 311.
573 2754 594 2778 ’ἰ
616 2756 668 2785 ligo
688 2755 771 2779 adhuc«-
791 2758 877 2782 cadem
898 2766 972 2781 mann
995 2757 1129 2788 scriplum,-
1149 2768 1163 2781 a
1184 2759 1256 2783 ιἰιἸιυ
1278 2759 1412 2783 lleinriens
1433 2760 1485 2783 ulia
1506 2769 1596 2784 uulnus
1615 2769 1652 2785 ω’.
