<?xml version="1.0" encoding="UTF-8"?>
<!DOCTYPE html PUBLIC "-//W3C//DTD XHTML 1.0 Transitional//EN"
    "http://www.w3.org/TR/xhtml1/DTD/xhtml1-transitional.dtd">
<html xmlns="http://www.w3.org/1999/xhtml" xml:lang="en" lang="en">
 <head>
  <title>
</title>
<meta http-equiv="Content-Type" content="text/html;charset=utf-8" />
  <meta name='ocr-system' content='tesseract 3.04.00' />
  <meta name='ocr-capabilities' content='ocr_page ocr_carea ocr_par ocr_line ocrx_word'/>
</head>
<body>
  <div class='ocr_page' id='page_1' title='image "./monumentagelegum03geseuoft/monumentagelegum03geseuoft_0392.png"; bbox 0 0 2259 3116; ppageno 0'>
   <div class='ocr_carea' id='block_1_1' title="bbox 395 138 1689 171">
    <p class='ocr_par' dir='ltr' id='par_1_1' title="bbox 395 138 1689 171">
     <span class='ocr_line' id='line_1_1' title="bbox 395 138 1689 171; baseline 0.002 -7"><span class='ocrx_word' id='word_1_1' title='bbox 395 141 455 171; x_wconf 75' lang='lat'>354</span> <span class='ocrx_word' id='word_1_2' title='bbox 734 138 890 165; x_wconf 83' lang='lat' dir='ltr'>RUDOLFI</span> <span class='ocrx_word' id='word_1_3' title='bbox 909 138 1013 165; x_wconf 85' lang='lat' dir='ltr'>REGIS</span> <span class='ocrx_word' id='word_1_4' title='bbox 1032 139 1352 166; x_wconf 85' lang='lat' dir='ltr'>CONSTITUTIONES.</span> <span class='ocrx_word' id='word_1_5' title='bbox 1390 139 1463 165; x_wconf 79' lang='lat'>1286.</span> <span class='ocrx_word' id='word_1_6' title='bbox 1499 139 1545 165; x_wconf 88' lang='lat' dir='ltr'>Nr.</span> <span class='ocrx_word' id='word_1_7' title='bbox 1559 139 1617 165; x_wconf 81' lang='lat'>371.</span> <span class='ocrx_word' id='word_1_8' title='bbox 1631 139 1689 166; x_wconf 75' lang='lat'>372.</span> 
     </span>
    </p>
   </div>
   <div class='ocr_carea' id='block_1_2' title="bbox 393 225 2028 1046">
    <p class='ocr_par' dir='ltr' id='par_1_2' title="bbox 393 225 2028 1046">
     <span class='ocr_line' id='line_1_2' title="bbox 394 225 2021 269; baseline 0.001 -13"><span class='ocrx_word' id='word_1_9' title='bbox 394 226 454 257; x_wconf 90' lang='lat' dir='ltr'>hiis</span> <span class='ocrx_word' id='word_1_10' title='bbox 478 236 515 257; x_wconf 84' lang='lat' dir='ltr'>ac</span> <span class='ocrx_word' id='word_1_11' title='bbox 533 226 726 257; x_wconf 90' lang='lat' dir='ltr'>iussionibus</span> <span class='ocrx_word' id='word_1_12' title='bbox 744 226 807 257; x_wconf 89' lang='lat' dir='ltr'>suis</span> <span class='ocrx_word' id='word_1_13' title='bbox 830 226 923 257; x_wconf 86' lang='lat' dir='ltr'>licitis</span> <span class='ocrx_word' id='word_1_14' title='bbox 942 225 1137 269; x_wconf 83' lang='lat' dir='ltr'>o[b]viantes</span> <span class='ocrx_word' id='word_1_15' title='bbox 1162 226 1352 258; x_wconf 82' lang='lat' dir='ltr'>cohercendi</span> <span class='ocrx_word' id='word_1_16' title='bbox 1377 227 1469 268; x_wconf 89' lang='lat' dir='ltr'>penis</span> <span class='ocrx_word' id='word_1_17' title='bbox 1493 237 1530 257; x_wconf 87' lang='lat' dir='ltr'>ac</span> <span class='ocrx_word' id='word_1_18' title='bbox 1546 226 1661 257; x_wconf 87' lang='lat' dir='ltr'>bannis</span> <span class='ocrx_word' id='word_1_19' title='bbox 1684 237 1741 268; x_wconf 85' lang='lat' dir='ltr'>pro</span> <span class='ocrx_word' id='word_1_20' title='bbox 1759 226 1891 258; x_wconf 88' lang='lat' dir='ltr'>arbitrio</span> <span class='ocrx_word' id='word_1_21' title='bbox 1910 227 2021 258; x_wconf 92' lang='lat' dir='ltr'>volun-</span> 
     </span>
     <span class='ocr_line' id='line_1_3' title="bbox 393 278 2022 321; baseline 0.001 -13"><span class='ocrx_word' id='word_1_22' title='bbox 393 278 468 309; x_wconf 88' lang='lat' dir='ltr'>tatis</span> <span class='ocrx_word' id='word_1_23' title='bbox 493 278 563 308; x_wconf 90' lang='lat' dir='ltr'>vice</span> <span class='ocrx_word' id='word_1_24' title='bbox 589 280 698 308; x_wconf 88' lang='lat' dir='ltr'>nostra</span> <span class='ocrx_word' id='word_1_25' title='bbox 722 279 812 319; x_wconf 86' lang='lat' dir='ltr'>regia</span> <span class='ocrx_word' id='word_1_26' title='bbox 836 279 1088 313; x_wconf 82' lang='lat' dir='ltr'>contumacibus,</span> <span class='ocrx_word' id='word_1_27' title='bbox 1113 278 1230 321; x_wconf 80' lang='lat' dir='ltr'>pro[ut}</span> <span class='ocrx_word' id='word_1_28' title='bbox 1256 278 1408 320; x_wconf 79' lang='lat' dir='ltr'>expedire</span> <span class='ocrx_word' id='word_1_29' title='bbox 1437 278 1566 315; x_wconf 80' lang='lat' dir='ltr'>viderit,</span> <span class='ocrx_word' id='word_1_30' title='bbox 1598 278 1818 320; x_wconf 79' lang='lat' dir='ltr'>imponendis,</span> <span class='ocrx_word' id='word_1_31' title='bbox 1853 282 2022 321; x_wconf 87' lang='lat' dir='ltr'>ceteraque</span> 
     </span>
     <span class='ocr_line' id='line_1_4' title="bbox 395 329 2025 372; baseline 0.002 -13"><span class='ocrx_word' id='word_1_32' title='bbox 395 329 481 360; x_wconf 88' lang='lat' dir='ltr'>circa</span> <span class='ocrx_word' id='word_1_33' title='bbox 504 330 664 371; x_wconf 85' lang='lat' dir='ltr'>premissa</span> <span class='ocrx_word' id='word_1_34' title='bbox 687 332 720 360; x_wconf 88' lang='lat' dir='ltr'>et</span> <span class='ocrx_word' id='word_1_35' title='bbox 742 329 894 361; x_wconf 88' lang='lat' dir='ltr'>universa</span> <span class='ocrx_word' id='word_1_36' title='bbox 918 334 951 361; x_wconf 90' lang='lat' dir='ltr'>et</span> <span class='ocrx_word' id='word_1_37' title='bbox 975 331 1100 372; x_wconf 89' lang='lat' dir='ltr'>singula</span> <span class='ocrx_word' id='word_1_38' title='bbox 1123 331 1272 369; x_wconf 82' lang='lat' dir='ltr'>faciendi,</span> <span class='ocrx_word' id='word_1_39' title='bbox 1299 330 1465 361; x_wconf 88' lang='lat' dir='ltr'>ordinandi</span> <span class='ocrx_word' id='word_1_40' title='bbox 1490 333 1522 361; x_wconf 89' lang='lat' dir='ltr'>et</span> <span class='ocrx_word' id='word_1_41' title='bbox 1538 329 1738 371; x_wconf 79' lang='lat' dir='ltr'>disponendi,</span> <span class='ocrx_word' id='word_1_42' title='bbox 1763 340 1824 372; x_wconf 88' lang='lat' dir='ltr'>que</span> <span class='ocrx_word' id='word_1_43' title='bbox 1843 330 2025 362; x_wconf 89' lang='lat' dir='ltr'>celsitudini</span> 
     </span>
     <span class='ocr_line' id='line_1_5' title="bbox 394 381 2024 424; baseline 0.002 -13"><span class='ocrx_word' id='word_1_44' title='bbox 394 384 505 411; x_wconf 90' lang='lat' dir='ltr'>nostre</span> <span class='ocrx_word' id='word_1_45' title='bbox 537 384 569 412; x_wconf 89' lang='lat' dir='ltr'>et</span> <span class='ocrx_word' id='word_1_46' title='bbox 599 381 731 422; x_wconf 87' lang='lat' dir='ltr'>imperio</span> <span class='ocrx_word' id='word_1_47' title='bbox 756 382 872 413; x_wconf 89' lang='lat' dir='ltr'>viderit</span> <span class='ocrx_word' id='word_1_48' title='bbox 903 382 1067 424; x_wconf 79' lang='lat' dir='ltr'>expedire.</span> <span class='ocrx_word' id='word_1_49' title='bbox 1156 382 1203 424; x_wconf 86' lang='lat'>(4)</span> <span class='ocrx_word' id='word_1_50' title='bbox 1227 382 1309 413; x_wconf 82' lang='lat' dir='ltr'>Nam</span> <span class='ocrx_word' id='word_1_51' title='bbox 1339 383 1443 424; x_wconf 89' lang='lat' dir='ltr'>ipsum</span> <span class='ocrx_word' id='word_1_52' title='bbox 1476 382 1654 413; x_wconf 82' lang='lat' dir='ltr'>maiestatis</span> <span class='ocrx_word' id='word_1_53' title='bbox 1683 385 1790 413; x_wconf 89' lang='lat' dir='ltr'>nostre</span> <span class='ocrx_word' id='word_1_54' title='bbox 1815 382 1968 414; x_wconf 88' lang='lat' dir='ltr'>vicarium</span> <span class='ocrx_word' id='word_1_55' title='bbox 1992 384 2024 414; x_wconf 93' lang='lat' dir='ltr'>in</span> 
     </span>
     <span class='ocr_line' id='line_1_6' title="bbox 393 432 2026 475; baseline 0.002 -12"><span class='ocrx_word' id='word_1_56' title='bbox 393 432 560 474; x_wconf 83' lang='lat' dir='ltr'>premissis</span> <span class='ocrx_word' id='word_1_57' title='bbox 590 433 901 465; x_wconf 81' lang='lat' dir='ltr'>administrationem</span> <span class='ocrx_word' id='word_1_58' title='bbox 932 434 1118 475; x_wconf 80' lang='lat' dir='ltr'>generalem</span> <span class='ocrx_word' id='word_1_59' title='bbox 1149 437 1181 465; x_wconf 88' lang='lat' dir='ltr'>et</span> <span class='ocrx_word' id='word_1_60' title='bbox 1212 434 1348 465; x_wconf 83' lang='lat' dir='ltr'>liberam</span> <span class='ocrx_word' id='word_1_61' title='bbox 1378 435 1523 465; x_wconf 90' lang='lat' dir='ltr'>volumus</span> <span class='ocrx_word' id='word_1_62' title='bbox 1557 433 1718 472; x_wconf 88' lang='lat' dir='ltr'>obtinere,</span> <span class='ocrx_word' id='word_1_63' title='bbox 1752 433 1813 465; x_wconf 90' lang='lat' dir='ltr'>sibi</span> <span class='ocrx_word' id='word_1_64' title='bbox 1842 445 1965 465; x_wconf 88' lang='lat' dir='ltr'>merum</span> <span class='ocrx_word' id='word_1_65' title='bbox 1994 438 2026 466; x_wconf 90' lang='lat' dir='ltr'>et</span> 
     </span>
     <span class='ocr_line' id='line_1_7' title="bbox 394 484 2026 528; baseline 0.002 -14"><span class='ocrx_word' id='word_1_66' title='bbox 394 485 523 515; x_wconf 90' lang='lat' dir='ltr'>mistum</span> <span class='ocrx_word' id='word_1_67' title='bbox 548 484 740 526; x_wconf 81' lang='lat' dir='ltr'>imperiuml</span> <span class='ocrx_word' id='word_1_68' title='bbox 764 486 982 526; x_wconf 87' lang='lat' dir='ltr'>concedendo,</span> <span class='ocrx_word' id='word_1_69' title='bbox 1007 489 1110 517; x_wconf 90' lang='lat' dir='ltr'>ratum</span> <span class='ocrx_word' id='word_1_70' title='bbox 1135 490 1167 517; x_wconf 92' lang='lat' dir='ltr'>et</span> <span class='ocrx_word' id='word_1_71' title='bbox 1190 490 1315 527; x_wconf 86' lang='lat' dir='ltr'>gratum</span> <span class='ocrx_word' id='word_1_72' title='bbox 1340 486 1507 525; x_wconf 83' lang='lat' dir='ltr'>habentes,</span> <span class='ocrx_word' id='word_1_73' title='bbox 1531 485 1681 527; x_wconf 87' lang='lat' dir='ltr'>quicquid</span> <span class='ocrx_word' id='word_1_74' title='bbox 1704 485 1735 516; x_wconf 91' lang='lat' dir='ltr'>in</span> <span class='ocrx_word' id='word_1_75' title='bbox 1760 486 1944 528; x_wconf 81' lang='lat' dir='ltr'>prescriptis</span> <span class='ocrx_word' id='word_1_76' title='bbox 1967 497 2026 528; x_wconf 90' lang='lat' dir='ltr'>per</span> 
     </span>
     <span class='ocr_line' id='line_1_8' title="bbox 396 535 2022 580; baseline 0.001 -14"><span class='ocrx_word' id='word_1_77' title='bbox 396 535 533 567; x_wconf 90' lang='lat' dir='ltr'>eundem</span> <span class='ocrx_word' id='word_1_78' title='bbox 558 540 590 568; x_wconf 90' lang='lat' dir='ltr'>et</span> <span class='ocrx_word' id='word_1_79' title='bbox 614 547 685 568; x_wconf 90' lang='lat' dir='ltr'>cum</span> <span class='ocrx_word' id='word_1_80' title='bbox 710 537 823 569; x_wconf 90' lang='lat' dir='ltr'>eodem</span> <span class='ocrx_word' id='word_1_81' title='bbox 847 541 956 569; x_wconf 86' lang='lat' dir='ltr'>nostro</span> <span class='ocrx_word' id='word_1_82' title='bbox 981 538 1107 579; x_wconf 29' lang='lat' dir='ltr'>vicario*</span> <span class='ocrx_word' id='word_1_83' title='bbox 1124 542 1260 580; x_wconf 78' lang='lat' dir='ltr'>gestum,</span> <span class='ocrx_word' id='word_1_84' title='bbox 1285 538 1486 580; x_wconf 83' lang='lat' dir='ltr'>dispositum,</span> <span class='ocrx_word' id='word_1_85' title='bbox 1511 537 1630 568; x_wconf 87' lang='lat' dir='ltr'>factum</span> <span class='ocrx_word' id='word_1_86' title='bbox 1647 537 1743 568; x_wconf 88' lang='lat' dir='ltr'>fuerit</span> <span class='ocrx_word' id='word_1_87' title='bbox 1766 548 1802 569; x_wconf 89' lang='lat' dir='ltr'>ac</span> <span class='ocrx_word' id='word_1_88' title='bbox 1820 538 1916 569; x_wconf 90' lang='lat' dir='ltr'>etiam</span> <span class='ocrx_word' id='word_1_89' title='bbox 1940 538 2022 569; x_wconf 81' lang='lat' dir='ltr'>ordi-</span> 
     </span>
     <span class='ocr_line' id='line_1_9' title="bbox 395 588 2025 631; baseline 0.002 -13"><span class='ocrx_word' id='word_1_90' title='bbox 395 591 513 619; x_wconf 86' lang='lat' dir='ltr'>natum.</span> <span class='ocrx_word' id='word_1_91' title='bbox 560 588 611 620; x_wconf 86' lang='lat' dir='ltr'>Ita</span> <span class='ocrx_word' id='word_1_92' title='bbox 641 592 764 628; x_wconf 78' lang='lat' dir='ltr'>tamen,</span> <span class='ocrx_word' id='word_1_93' title='bbox 794 589 878 631; x_wconf 89' lang='lat' dir='ltr'>quod</span> <span class='ocrx_word' id='word_1_94' title='bbox 908 590 977 631; x_wconf 90' lang='lat' dir='ltr'>ipse</span> <span class='ocrx_word' id='word_1_95' title='bbox 1005 590 1107 621; x_wconf 84' lang='lat' dir='ltr'>dictas</span> <span class='ocrx_word' id='word_1_96' title='bbox 1137 590 1298 628; x_wconf 76' lang='lat' dir='ltr'>civitates,</span> <span class='ocrx_word' id='word_1_97' title='bbox 1331 590 1464 631; x_wconf 68' lang='lat' dir='ltr'>oppida,</span> <span class='ocrx_word' id='word_1_98' title='bbox 1494 592 1614 629; x_wconf 86' lang='lat' dir='ltr'>castra,</span> <span class='ocrx_word' id='word_1_99' title='bbox 1643 589 1735 620; x_wconf 88' lang='lat' dir='ltr'>villas</span> <span class='ocrx_word' id='word_1_100' title='bbox 1760 592 1792 620; x_wconf 90' lang='lat' dir='ltr'>et</span> <span class='ocrx_word' id='word_1_101' title='bbox 1816 590 1884 621; x_wconf 85' lang='lat' dir='ltr'>loca</span> <span class='ocrx_word' id='word_1_102' title='bbox 1908 593 2025 629; x_wconf 77' lang='lat' dir='ltr'>cetera,</span> 
     </span>
     <span class='ocr_line' id='line_1_10' title="bbox 396 641 2025 684; baseline 0.001 -13"><span class='ocrx_word' id='word_1_103' title='bbox 396 641 617 682; x_wconf 84' lang='lat' dir='ltr'>possessiones</span> <span class='ocrx_word' id='word_1_104' title='bbox 649 644 681 672; x_wconf 84' lang='lat' dir='ltr'>et</span> <span class='ocrx_word' id='word_1_105' title='bbox 713 641 781 672; x_wconf 86' lang='lat' dir='ltr'>iura</span> <span class='ocrx_word' id='word_1_106' title='bbox 811 652 847 672; x_wconf 84' lang='lat' dir='ltr'>ac</span> <span class='ocrx_word' id='word_1_107' title='bbox 876 642 938 672; x_wconf 81' lang='lat' dir='ltr'>alia</span> <span class='ocrx_word' id='word_1_108' title='bbox 968 642 1074 673; x_wconf 80' lang='lat' dir='ltr'>onmia</span> <span class='ocrx_word' id='word_1_109' title='bbox 1102 652 1259 683; x_wconf 83' lang='lat' dir='ltr'>expressa</span> <span class='ocrx_word' id='word_1_110' title='bbox 1287 642 1434 684; x_wconf 89' lang='lat' dir='ltr'>superius</span> <span class='ocrx_word' id='word_1_111' title='bbox 1466 651 1590 672; x_wconf 86' lang='lat' dir='ltr'>necnon</span> <span class='ocrx_word' id='word_1_112' title='bbox 1620 644 1829 672; x_wconf 85' lang='lat' dir='ltr'>memoratum</span> <span class='ocrx_word' id='word_1_113' title='bbox 1854 642 2025 673; x_wconf 84' lang='lat' dir='ltr'>vicariatus</span> 
     </span>
     <span class='ocr_line' id='line_1_11' title="bbox 396 692 2026 736; baseline 0.002 -14"><span class='ocrx_word' id='word_1_114' title='bbox 396 692 533 723; x_wconf 90' lang='lat' dir='ltr'>officium</span> <span class='ocrx_word' id='word_1_115' title='bbox 563 693 655 724; x_wconf 92' lang='lat' dir='ltr'>nobis</span> <span class='ocrx_word' id='word_1_116' title='bbox 686 697 720 724; x_wconf 87' lang='lat' dir='ltr'>et</span> <span class='ocrx_word' id='word_1_117' title='bbox 743 693 878 735; x_wconf 89' lang='lat' dir='ltr'>imperio</span> <span class='ocrx_word' id='word_1_118' title='bbox 902 693 1004 725; x_wconf 89' lang='lat' dir='ltr'>libere</span> <span class='ocrx_word' id='word_1_119' title='bbox 1030 696 1062 725; x_wconf 89' lang='lat' dir='ltr'>et</span> <span class='ocrx_word' id='word_1_120' title='bbox 1084 694 1256 724; x_wconf 85' lang='lat' dir='ltr'>restituere</span> <span class='ocrx_word' id='word_1_121' title='bbox 1281 697 1312 724; x_wconf 89' lang='lat' dir='ltr'>et</span> <span class='ocrx_word' id='word_1_122' title='bbox 1335 693 1500 734; x_wconf 84' lang='lat' dir='ltr'>resignare</span> <span class='ocrx_word' id='word_1_123' title='bbox 1530 692 1660 731; x_wconf 74' lang='lat' dir='ltr'>debeat,</span> <span class='ocrx_word' id='word_1_124' title='bbox 1690 693 1944 735; x_wconf 84' lang='lat' dir='ltr'>quandocunque</span> <span class='ocrx_word' id='word_1_125' title='bbox 1969 704 2026 736; x_wconf 88' lang='lat' dir='ltr'>per</span> 
     </span>
     <span class='ocr_line' id='line_1_12' title="bbox 395 744 2026 787; baseline 0.001 -13"><span class='ocrx_word' id='word_1_126' title='bbox 395 754 453 774; x_wconf 89' lang='lat' dir='ltr'>nos</span> <span class='ocrx_word' id='word_1_127' title='bbox 476 745 528 775; x_wconf 88' lang='lat' dir='ltr'>vel</span> <span class='ocrx_word' id='word_1_128' title='bbox 558 755 762 776; x_wconf 86' lang='lat' dir='ltr'>successores</span> <span class='ocrx_word' id='word_1_129' title='bbox 791 749 914 776; x_wconf 89' lang='lat' dir='ltr'>nostros</span> <span class='ocrx_word' id='word_1_130' title='bbox 940 745 991 776; x_wconf 87' lang='lat' dir='ltr'>vel</span> <span class='ocrx_word' id='word_1_131' title='bbox 1020 748 1146 776; x_wconf 87' lang='lat' dir='ltr'>nostros</span> <span class='ocrx_word' id='word_1_132' title='bbox 1178 748 1282 776; x_wconf 90' lang='lat' dir='ltr'>certos</span> <span class='ocrx_word' id='word_1_133' title='bbox 1313 745 1444 775; x_wconf 88' lang='lat' dir='ltr'>nuncios</span> <span class='ocrx_word' id='word_1_134' title='bbox 1475 745 1571 776; x_wconf 87' lang='lat' dir='ltr'>fuerit</span> <span class='ocrx_word' id='word_1_135' title='bbox 1595 745 1777 786; x_wconf 88' lang='lat' dir='ltr'>requisitus.</span> <span class='ocrx_word' id='word_1_136' title='bbox 1867 744 1914 787; x_wconf 88' lang='lat'>(5)</span> <span class='ocrx_word' id='word_1_137' title='bbox 1940 745 2026 781; x_wconf 88' lang='lat' dir='ltr'>Quo-</span> 
     </span>
     <span class='ocr_line' id='line_1_13' title="bbox 397 796 2026 838; baseline 0.001 -11"><span class='ocrx_word' id='word_1_138' title='bbox 397 796 480 827; x_wconf 86' lang='lat' dir='ltr'>circa</span> <span class='ocrx_word' id='word_1_139' title='bbox 510 797 669 827; x_wconf 89' lang='lat' dir='ltr'>universis</span> <span class='ocrx_word' id='word_1_140' title='bbox 693 797 781 827; x_wconf 89' lang='lat' dir='ltr'>vobis</span> <span class='ocrx_word' id='word_1_141' title='bbox 813 800 845 828; x_wconf 91' lang='lat' dir='ltr'>et</span> <span class='ocrx_word' id='word_1_142' title='bbox 876 797 1007 838; x_wconf 89' lang='lat' dir='ltr'>singulis</span> <span class='ocrx_word' id='word_1_143' title='bbox 1040 800 1103 827; x_wconf 81' lang='lat' dir='ltr'>tam</span> <span class='ocrx_word' id='word_1_144' title='bbox 1128 796 1289 827; x_wconf 89' lang='lat' dir='ltr'>nobilibus</span> <span class='ocrx_word' id='word_1_145' title='bbox 1314 807 1407 837; x_wconf 83' lang='lat' dir='ltr'>quam</span> <span class='ocrx_word' id='word_1_146' title='bbox 1432 796 1558 838; x_wconf 86' lang='lat' dir='ltr'>plebeis</span> <span class='ocrx_word' id='word_1_147' title='bbox 1589 796 1701 827; x_wconf 84' lang='lat' dir='ltr'>damus</span> <span class='ocrx_word' id='word_1_148' title='bbox 1726 796 1860 828; x_wconf 89' lang='lat' dir='ltr'>firmiter</span> <span class='ocrx_word' id='word_1_149' title='bbox 1881 797 1913 828; x_wconf 91' lang='lat' dir='ltr'>in</span> <span class='ocrx_word' id='word_1_150' title='bbox 1936 807 2026 828; x_wconf 89' lang='lat' dir='ltr'>man-</span> 
     </span>
     <span class='ocr_line' id='line_1_14' title="bbox 397 847 2028 889; baseline 0.001 -11"><span class='ocrx_word' id='word_1_151' title='bbox 397 847 494 886; x_wconf 87' lang='lat' dir='ltr'>datis,</span> <span class='ocrx_word' id='word_1_152' title='bbox 528 849 676 889; x_wconf 85' lang='lat' dir='ltr'>quatinus</span> <span class='ocrx_word' id='word_1_153' title='bbox 707 848 811 880; x_wconf 88' lang='lat' dir='ltr'>eidem</span> <span class='ocrx_word' id='word_1_154' title='bbox 843 848 970 879; x_wconf 91' lang='lat' dir='ltr'>domino</span> <span class='ocrx_word' id='word_1_155' title='bbox 994 849 1173 879; x_wconf 86' lang='lat' dir='ltr'>Perzivallo</span> <span class='ocrx_word' id='word_1_156' title='bbox 1206 852 1357 889; x_wconf 79' lang='lat' dir='ltr'>tanquam</span> <span class='ocrx_word' id='word_1_157' title='bbox 1382 852 1490 879; x_wconf 87' lang='lat' dir='ltr'>nostro</span> <span class='ocrx_word' id='word_1_158' title='bbox 1515 848 1632 879; x_wconf 89' lang='lat' dir='ltr'>vicario</span> <span class='ocrx_word' id='word_1_159' title='bbox 1657 848 1810 879; x_wconf 87' lang='lat' dir='ltr'>studeatis</span> <span class='ocrx_word' id='word_1_160' title='bbox 1834 848 1972 880; x_wconf 88' lang='lat' dir='ltr'>fideliter</span> <span class='ocrx_word' id='word_1_161' title='bbox 1995 851 2028 880; x_wconf 88' lang='lat' dir='ltr'>et</span> 
     </span>
     <span class='ocr_line' id='line_1_15' title="bbox 396 899 2028 942; baseline 0.001 -12"><span class='ocrx_word' id='word_1_162' title='bbox 396 899 512 931; x_wconf 90' lang='lat' dir='ltr'>devote</span> <span class='ocrx_word' id='word_1_163' title='bbox 536 900 703 931; x_wconf 84' lang='lat' dir='ltr'>intendere</span> <span class='ocrx_word' id='word_1_164' title='bbox 729 904 760 932; x_wconf 85' lang='lat' dir='ltr'>et</span> <span class='ocrx_word' id='word_1_165' title='bbox 784 901 814 931; x_wconf 90' lang='lat' dir='ltr'>in</span> <span class='ocrx_word' id='word_1_166' title='bbox 834 901 981 931; x_wconf 88' lang='lat' dir='ltr'>omnibus</span> <span class='ocrx_word' id='word_1_167' title='bbox 1006 899 1146 937; x_wconf 87' lang='lat' dir='ltr'>obedire,</span> <span class='ocrx_word' id='word_1_168' title='bbox 1172 900 1217 930; x_wconf 90' lang='lat' dir='ltr'>sic</span> <span class='ocrx_word' id='word_1_169' title='bbox 1241 900 1324 941; x_wconf 91' lang='lat' dir='ltr'>quod</span> <span class='ocrx_word' id='word_1_170' title='bbox 1349 900 1467 942; x_wconf 86' lang='lat' dir='ltr'>inipso</span> <span class='ocrx_word' id='word_1_171' title='bbox 1485 906 1593 931; x_wconf 84' lang='lat' dir='ltr'>nostra</span> <span class='ocrx_word' id='word_1_172' title='bbox 1610 900 1761 931; x_wconf 87' lang='lat' dir='ltr'>maiestas</span> <span class='ocrx_word' id='word_1_173' title='bbox 1788 901 1877 941; x_wconf 87' lang='lat' dir='ltr'>regia</span> <span class='ocrx_word' id='word_1_174' title='bbox 1901 901 2028 942; x_wconf 89' lang='lat' dir='ltr'>specia-</span> 
     </span>
     <span class='ocr_line' id='line_1_16' title="bbox 396 951 2028 994; baseline 0.001 -11"><span class='ocrx_word' id='word_1_175' title='bbox 396 952 470 983; x_wconf 87' lang='lat' dir='ltr'>liter</span> <span class='ocrx_word' id='word_1_176' title='bbox 499 952 683 983; x_wconf 86' lang='lat' dir='ltr'>honoretur.</span> <span class='ocrx_word' id='word_1_177' title='bbox 772 952 808 983; x_wconf 85' lang='lat' dir='ltr'>In</span> <span class='ocrx_word' id='word_1_178' title='bbox 839 953 928 984; x_wconf 88' lang='lat' dir='ltr'>cuius</span> <span class='ocrx_word' id='word_1_179' title='bbox 958 953 1005 984; x_wconf 90' lang='lat' dir='ltr'>rei</span> <span class='ocrx_word' id='word_1_180' title='bbox 1036 952 1254 983; x_wconf 87' lang='lat' dir='ltr'>testimonium</span> <span class='ocrx_word' id='word_1_181' title='bbox 1290 963 1425 994; x_wconf 85' lang='lat' dir='ltr'>presens</span> <span class='ocrx_word' id='word_1_182' title='bbox 1459 952 1611 994; x_wconf 85' lang='lat' dir='ltr'>scriptum</span> <span class='ocrx_word' id='word_1_183' title='bbox 1647 951 1764 983; x_wconf 79' lang='lat' dir='ltr'>exinde</span> <span class='ocrx_word' id='word_1_184' title='bbox 1801 953 1960 984; x_wconf 88' lang='lat' dir='ltr'>conscribi</span> <span class='ocrx_word' id='word_1_185' title='bbox 1996 956 2028 984; x_wconf 88' lang='lat' dir='ltr'>et</span> 
     </span>
     <span class='ocr_line' id='line_1_17' title="bbox 395 1004 1217 1046; baseline 0.001 -12"><span class='ocrx_word' id='word_1_186' title='bbox 395 1004 574 1035; x_wconf 84' lang='lat' dir='ltr'>maiestatis</span> <span class='ocrx_word' id='word_1_187' title='bbox 598 1008 706 1035; x_wconf 91' lang='lat' dir='ltr'>nostre</span> <span class='ocrx_word' id='word_1_188' title='bbox 731 1005 835 1046; x_wconf 83' lang='lat' dir='ltr'>sigillo</span> <span class='ocrx_word' id='word_1_189' title='bbox 860 1005 994 1035; x_wconf 85' lang='lat' dir='ltr'>fecimus</span> <span class='ocrx_word' id='word_1_190' title='bbox 1019 1004 1217 1036; x_wconf 89' lang='lat' dir='ltr'>communiri.</span> 
     </span>
    </p>
   </div>
   <div class='ocr_carea' id='block_1_3' title="bbox 398 1055 2027 1148">
    <p class='ocr_par' dir='ltr' id='par_1_3' title="bbox 398 1055 2027 1148">
     <span class='ocr_line' id='line_1_18' title="bbox 503 1055 2027 1094; baseline 0.001 -8"><span class='ocrx_word' id='word_1_191' title='bbox 503 1055 621 1086; x_wconf 86' lang='lat' dir='ltr'>Datum</span> <span class='ocrx_word' id='word_1_192' title='bbox 645 1056 827 1093; x_wconf 79' lang='lat' dir='ltr'>Lausainie,</span> <span class='ocrx_word' id='word_1_193' title='bbox 858 1055 897 1087; x_wconf 89' lang='lat' dir='ltr'>X.</span> <span class='ocrx_word' id='word_1_194' title='bbox 919 1055 992 1087; x_wconf 82' lang='lat' dir='ltr'>Kal.</span> <span class='ocrx_word' id='word_1_195' title='bbox 1018 1056 1221 1094; x_wconf 76' lang='lat' dir='ltr'>Decembris,</span> <span class='ocrx_word' id='word_1_196' title='bbox 1252 1055 1423 1087; x_wconf 79' lang='lat' dir='ltr'>indictione</span> <span class='ocrx_word' id='word_1_197' title='bbox 1447 1055 1568 1092; x_wconf 81' lang='lat' dir='ltr'>XIIII,</span> <span class='ocrx_word' id='word_1_198' title='bbox 1598 1066 1681 1086; x_wconf 83' lang='lat' dir='ltr'>anno</span> <span class='ocrx_word' id='word_1_199' title='bbox 1706 1055 1834 1086; x_wconf 88' lang='lat' dir='ltr'>Domini</span> <span class='ocrx_word' id='word_1_200' title='bbox 1857 1056 2027 1087; x_wconf 89' lang='lat' dir='ltr'>millesimo</span> 
     </span>
     <span class='ocr_line' id='line_1_19' title="bbox 398 1106 1183 1148; baseline 0.001 -10"><span class='ocrx_word' id='word_1_201' title='bbox 398 1106 619 1145; x_wconf 75' lang='lat' dir='ltr'>CCLXXXV,</span> <span class='ocrx_word' id='word_1_202' title='bbox 644 1108 732 1148; x_wconf 86' lang='lat' dir='ltr'>regni</span> <span class='ocrx_word' id='word_1_203' title='bbox 756 1118 832 1139; x_wconf 92' lang='lat' dir='ltr'>vero</span> <span class='ocrx_word' id='word_1_204' title='bbox 858 1108 957 1138; x_wconf 89' lang='lat' dir='ltr'>nostri</span> <span class='ocrx_word' id='word_1_205' title='bbox 982 1118 1064 1139; x_wconf 84' lang='lat' dir='ltr'>anno</span> <span class='ocrx_word' id='word_1_206' title='bbox 1089 1107 1183 1139; x_wconf 85' lang='lat' dir='ltr'>XIII.</span> 
     </span>
    </p>
   </div>
   <div class='ocr_carea' id='block_1_4' title="bbox 423 1217 2006 1257">
    <p class='ocr_par' dir='ltr' id='par_1_4' title="bbox 423 1217 2006 1257">
     <span class='ocr_line' id='line_1_20' title="bbox 423 1217 2006 1257; baseline 0 -9"><span class='ocrx_word' id='word_1_207' title='bbox 423 1217 499 1249; x_wconf 71' lang='lat'>372.</span> <span class='ocrx_word' id='word_1_208' title='bbox 524 1219 800 1251; x_wconf 75' lang='lat' dir='ltr'><em>MANDATUM</em></span> <span class='ocrx_word' id='word_1_209' title='bbox 819 1219 1021 1251; x_wconf 74' lang='lat' dir='ltr'><em>HONORH</em></span> <span class='ocrx_word' id='word_1_210' title='bbox 1042 1219 1101 1250; x_wconf 90' lang='lat' dir='ltr'>IV.</span> <span class='ocrx_word' id='word_1_211' title='bbox 1127 1218 1286 1250; x_wconf 74' lang='lat' dir='ltr'><em>PAPAE</em></span> <span class='ocrx_word' id='word_1_212' title='bbox 1310 1218 1468 1250; x_wconf 79' lang='lat' dir='ltr'><strong><em>TUSCIS</em></strong></span> <span class='ocrx_word' id='word_1_213' title='bbox 1490 1218 1682 1250; x_wconf 79' lang='lat' dir='ltr'><em>MISSUM.</em></span> <span class='ocrx_word' id='word_1_214' title='bbox 1730 1219 1822 1250; x_wconf 77' lang='lat'>1236.</span> <span class='ocrx_word' id='word_1_215' title='bbox 1860 1218 1938 1257; x_wconf 72' lang='grc' dir='ltr'>Αμν.</span> <span class='ocrx_word' id='word_1_216' title='bbox 1958 1220 2006 1249; x_wconf 80' lang='lat'>17.</span> 
     </span>
    </p>
   </div>
   <div class='ocr_carea' id='block_1_5' title="bbox 397 1279 2028 1371">
    <p class='ocr_par' dir='ltr' id='par_1_5' title="bbox 397 1279 2028 1371">
     <span class='ocr_line' id='line_1_21' title="bbox 504 1279 2028 1319; baseline 0 -10"><span class='ocrx_word' id='word_1_217' title='bbox 504 1280 580 1310; x_wconf 76' lang='lat' dir='ltr'>Item</span> <span class='ocrx_word' id='word_1_218' title='bbox 609 1280 697 1319; x_wconf 75' lang='lat' dir='ltr'>apud</span> <span class='ocrx_word' id='word_1_219' title='bbox 719 1280 750 1311; x_wconf 90' lang='lat' dir='ltr'><em>F</em></span> <span class='ocrx_word' id='word_1_220' title='bbox 751 1280 832 1311; x_wconf 71' lang='lat' dir='ltr'>icker</span> <span class='ocrx_word' id='word_1_221' title='bbox 855 1280 872 1311; x_wconf 78' lang='lat' dir='ltr'>l.</span> <span class='ocrx_word' id='word_1_222' title='bbox 897 1291 921 1312; x_wconf 76' lang='lat' dir='ltr'>c.</span> <span class='ocrx_word' id='word_1_223' title='bbox 944 1282 1007 1310; x_wconf 70' lang='grc'>488</span> <span class='ocrx_word' id='word_1_224' title='bbox 1038 1291 1086 1310; x_wconf 69' lang='lat' dir='ltr'>nr.</span> <span class='ocrx_word' id='word_1_225' title='bbox 1110 1282 1172 1310; x_wconf 61' lang='lat'>484</span> <span class='ocrx_word' id='word_1_226' title='bbox 1200 1290 1238 1310; x_wconf 60' lang='lat' dir='ltr'>ea·</span> <span class='ocrx_word' id='word_1_227' title='bbox 1261 1279 1365 1310; x_wconf 75' lang='lat' dir='ltr'>eadem</span> <span class='ocrx_word' id='word_1_228' title='bbox 1389 1279 1567 1310; x_wconf 76' lang='lat' dir='ltr'>membrana</span> <span class='ocrx_word' id='word_1_229' title='bbox 1590 1281 1625 1309; x_wconf 76' lang='lat' dir='ltr'>ut</span> <span class='ocrx_word' id='word_1_230' title='bbox 1648 1289 1696 1310; x_wconf 75' lang='lat' dir='ltr'>nr.</span> <span class='ocrx_word' id='word_1_231' title='bbox 1711 1280 1787 1315; x_wconf 78' lang='lat'><em>371,</em></span> <span class='ocrx_word' id='word_1_232' title='bbox 1812 1289 1903 1318; x_wconf 81' lang='lat' dir='ltr'>quam</span> <span class='ocrx_word' id='word_1_233' title='bbox 1929 1279 2028 1309; x_wconf 77' lang='lat' dir='ltr'>denuo</span> 
     </span>
     <span class='ocr_line' id='line_1_22' title="bbox 397 1330 2027 1371; baseline -0.001 -10"><span class='ocrx_word' id='word_1_234' title='bbox 397 1330 592 1362; x_wconf 65' lang='lat' dir='ltr'>emrlulimns.</span> <span class='ocrx_word' id='word_1_235' title='bbox 641 1333 726 1371; x_wconf 72' lang='lat' dir='ltr'>szc</span> <span class='ocrx_word' id='word_1_236' title='bbox 750 1332 937 1363; x_wconf 72' lang='lat' dir='ltr'>concordant</span> <span class='ocrx_word' id='word_1_237' title='bbox 960 1342 1057 1371; x_wconf 69' lang='lat' dir='ltr'>supra</span> <span class='ocrx_word' id='word_1_238' title='bbox 1081 1342 1150 1362; x_wconf 71' lang='lat' dir='ltr'>cum</span> <span class='ocrx_word' id='word_1_239' title='bbox 1174 1342 1222 1362; x_wconf 74' lang='lat' dir='ltr'>nr.</span> <span class='ocrx_word' id='word_1_240' title='bbox 1241 1332 1313 1369; x_wconf 68' lang='lat'>207,</span> <span class='ocrx_word' id='word_1_241' title='bbox 1338 1331 1419 1370; x_wconf 71' lang='lat' dir='ltr'>typis</span> <span class='ocrx_word' id='word_1_242' title='bbox 1442 1331 1614 1361; x_wconf 75' lang='lat' dir='ltr'>minoribus</span> <span class='ocrx_word' id='word_1_243' title='bbox 1637 1330 1817 1361; x_wconf 63' lang='lat' dir='ltr'>exem-lenda</span> <span class='ocrx_word' id='word_1_244' title='bbox 1840 1331 2027 1361; x_wconf 78' lang='lat' dir='ltr'>curavimus.</span> 
     </span>
    </p>
   </div>
   <div class='ocr_carea' id='block_1_6' title="bbox 1739 1382 1922 1422">
    <p class='ocr_par' dir='ltr' id='par_1_6' title="bbox 1739 1382 1922 1422">
     <span class='ocr_line' id='line_1_23' title="bbox 1739 1382 1922 1422; baseline 0 -9"><span class='ocrx_word' id='word_1_245' title='bbox 1739 1382 1790 1422; x_wconf 89' lang='lat' dir='ltr'>(P.</span> <span class='ocrx_word' id='word_1_246' title='bbox 1816 1382 1922 1422; x_wconf 71' lang='lat' dir='ltr'>deest.)</span> 
     </span>
    </p>
   </div>
   <div class='ocr_carea' id='block_1_7' title="bbox 398 1443 2032 2570">
    <p class='ocr_par' dir='ltr' id='par_1_7' title="bbox 398 1443 2028 1640">
     <span class='ocr_line' id='line_1_24' title="bbox 505 1443 2028 1486; baseline 0 -11"><span class='ocrx_word' id='word_1_247' title='bbox 505 1444 667 1475; x_wconf 89' lang='lat' dir='ltr'>Honorius</span> <span class='ocrx_word' id='word_1_248' title='bbox 686 1445 854 1486; x_wconf 88' lang='lat' dir='ltr'>episcopus</span> <span class='ocrx_word' id='word_1_249' title='bbox 873 1455 984 1475; x_wconf 87' lang='lat' dir='ltr'>servus</span> <span class='ocrx_word' id='word_1_250' title='bbox 1003 1455 1165 1475; x_wconf 86' lang='lat' dir='ltr'>servorum</span> <span class='ocrx_word' id='word_1_251' title='bbox 1183 1444 1245 1474; x_wconf 88' lang='lat' dir='ltr'>Dei</span> <span class='ocrx_word' id='word_1_252' title='bbox 1262 1448 1372 1475; x_wconf 79' lang='lat' dir='ltr'>dilectis</span> <span class='ocrx_word' id='word_1_253' title='bbox 1389 1448 1452 1474; x_wconf 83' lang='lat' dir='ltr'>filiis</span> <span class='ocrx_word' id='word_1_254' title='bbox 1470 1443 1631 1474; x_wconf 80' lang='lat' dir='ltr'>nobilibus</span> <span class='ocrx_word' id='word_1_255' title='bbox 1649 1443 1724 1474; x_wconf 91' lang='lat' dir='ltr'>viris</span> <span class='ocrx_word' id='word_1_256' title='bbox 1741 1447 1878 1475; x_wconf 83' lang='lat' dir='ltr'>universis</span> <span class='ocrx_word' id='word_1_257' title='bbox 1894 1447 2028 1475; x_wconf 74' lang='lat' dir='ltr'>marchio-</span> 
     </span>
     <span class='ocr_line' id='line_1_25' title="bbox 398 1499 2027 1535; baseline -0.001 -8"><span class='ocrx_word' id='word_1_258' title='bbox 398 1501 490 1533; x_wconf 84' lang='lat' dir='ltr'>nibus,</span> <span class='ocrx_word' id='word_1_259' title='bbox 515 1501 663 1527; x_wconf 84' lang='lat' dir='ltr'>comitibus</span> <span class='ocrx_word' id='word_1_260' title='bbox 687 1502 716 1527; x_wconf 88' lang='lat' dir='ltr'>et</span> <span class='ocrx_word' id='word_1_261' title='bbox 739 1500 800 1527; x_wconf 83' lang='lat' dir='ltr'>aliis</span> <span class='ocrx_word' id='word_1_262' title='bbox 828 1501 1007 1535; x_wconf 75' lang='lat' dir='ltr'>magnatibus</span> <span class='ocrx_word' id='word_1_263' title='bbox 1030 1510 1137 1527; x_wconf 80' lang='lat' dir='ltr'>necnon</span> <span class='ocrx_word' id='word_1_264' title='bbox 1161 1500 1362 1535; x_wconf 82' lang='lat' dir='ltr'>potestatibus,</span> <span class='ocrx_word' id='word_1_265' title='bbox 1387 1499 1541 1534; x_wconf 81' lang='lat' dir='ltr'>capitaneis</span> <span class='ocrx_word' id='word_1_266' title='bbox 1565 1499 1727 1533; x_wconf 82' lang='lat' dir='ltr'>cunctisque</span> <span class='ocrx_word' id='word_1_267' title='bbox 1750 1499 1917 1531; x_wconf 80' lang='lat' dir='ltr'>rectoribus,</span> <span class='ocrx_word' id='word_1_268' title='bbox 1942 1499 2027 1526; x_wconf 81' lang='lat' dir='ltr'>eonsi-</span> 
     </span>
     <span class='ocr_line' id='line_1_26' title="bbox 398 1551 2027 1586; baseline 0 -8"><span class='ocrx_word' id='word_1_269' title='bbox 398 1552 485 1578; x_wconf 86' lang='lat' dir='ltr'>liariis</span> <span class='ocrx_word' id='word_1_270' title='bbox 509 1561 541 1579; x_wconf 79' lang='lat' dir='ltr'>ac</span> <span class='ocrx_word' id='word_1_271' title='bbox 563 1552 793 1579; x_wconf 74' lang='lat' dir='ltr'>universitatibus</span> <span class='ocrx_word' id='word_1_272' title='bbox 817 1552 979 1584; x_wconf 78' lang='lat' dir='ltr'>civitatum,</span> <span class='ocrx_word' id='word_1_273' title='bbox 1012 1554 1166 1579; x_wconf 82' lang='lat' dir='ltr'>castrorum</span> <span class='ocrx_word' id='word_1_274' title='bbox 1195 1561 1226 1579; x_wconf 84' lang='lat' dir='ltr'>ac</span> <span class='ocrx_word' id='word_1_275' title='bbox 1256 1552 1374 1578; x_wconf 88' lang='lat' dir='ltr'>aliorum</span> <span class='ocrx_word' id='word_1_276' title='bbox 1404 1552 1528 1578; x_wconf 86' lang='lat' dir='ltr'>locorum</span> <span class='ocrx_word' id='word_1_277' title='bbox 1556 1552 1711 1585; x_wconf 86' lang='lat' dir='ltr'>ceterisque</span> <span class='ocrx_word' id='word_1_278' title='bbox 1740 1560 1790 1586; x_wconf 88' lang='lat' dir='ltr'>per</span> <span class='ocrx_word' id='word_1_279' title='bbox 1813 1552 1906 1585; x_wconf 78' lang='lat' dir='ltr'>partes</span> <span class='ocrx_word' id='word_1_280' title='bbox 1930 1551 2027 1578; x_wconf 80' lang='lat' dir='ltr'>Tuscie</span> 
     </span>
     <span class='ocr_line' id='line_1_27' title="bbox 402 1599 1562 1640; baseline -0.001 -10"><span class='ocrx_word' id='word_1_281' title='bbox 402 1604 517 1638; x_wconf 80' lang='lat' dir='ltr'>imperio</span> <span class='ocrx_word' id='word_1_282' title='bbox 542 1605 666 1630; x_wconf 79' lang='lat' dir='ltr'>Romano</span> <span class='ocrx_word' id='word_1_283' title='bbox 690 1604 823 1630; x_wconf 75' lang='lat' dir='ltr'>subiectis</span> <span class='ocrx_word' id='word_1_284' title='bbox 847 1600 982 1630; x_wconf 88' lang='lat' dir='ltr'>salutem</span> <span class='ocrx_word' id='word_1_285' title='bbox 1007 1603 1039 1630; x_wconf 87' lang='lat' dir='ltr'>et</span> <span class='ocrx_word' id='word_1_286' title='bbox 1063 1599 1270 1640; x_wconf 82' lang='lat' dir='ltr'>apostolicam</span> <span class='ocrx_word' id='word_1_287' title='bbox 1296 1599 1562 1629; x_wconf 87' lang='lat' dir='ltr'>benedictionem.</span> 
     </span>
    </p>

    <p class='ocr_par' dir='ltr' id='par_1_8' title="bbox 398 1650 2032 2518">
     <span class='ocr_line' id='line_1_28' title="bbox 505 1650 2030 1692; baseline -0.001 -10"><span class='ocrx_word' id='word_1_288' title='bbox 505 1651 554 1682; x_wconf 87' lang='lat' dir='ltr'>Ad</span> <span class='ocrx_word' id='word_1_289' title='bbox 585 1655 702 1682; x_wconf 77' lang='lat' dir='ltr'>statum</span> <span class='ocrx_word' id='word_1_290' title='bbox 727 1651 863 1681; x_wconf 82' lang='lat' dir='ltr'>Romani</span> <span class='ocrx_word' id='word_1_291' title='bbox 892 1651 1019 1692; x_wconf 88' lang='lat' dir='ltr'>imperii</span> <span class='ocrx_word' id='word_1_292' title='bbox 1050 1651 1189 1682; x_wconf 88' lang='lat' dir='ltr'>feliciter</span> <span class='ocrx_word' id='word_1_293' title='bbox 1219 1650 1472 1681; x_wconf 88' lang='lat' dir='ltr'>conservandum</span> <span class='ocrx_word' id='word_1_294' title='bbox 1505 1651 1694 1681; x_wconf 87' lang='lat' dir='ltr'>karissimus</span> <span class='ocrx_word' id='word_1_295' title='bbox 1727 1650 1759 1681; x_wconf 90' lang='lat' dir='ltr'>in</span> <span class='ocrx_word' id='word_1_296' title='bbox 1788 1650 1915 1681; x_wconf 84' lang='lat' dir='ltr'>Christo</span> <span class='ocrx_word' id='word_1_297' title='bbox 1946 1650 2030 1681; x_wconf 89' lang='lat' dir='ltr'>filius</span> 
     </span>
     <span class='ocr_line' id='line_1_29' title="bbox 398 1702 2030 1744; baseline 0 -11"><span class='ocrx_word' id='word_1_298' title='bbox 398 1706 507 1733; x_wconf 88' lang='lat' dir='ltr'>noster</span> <span class='ocrx_word' id='word_1_299' title='bbox 531 1702 688 1734; x_wconf 80' lang='lat' dir='ltr'>Rodulfus</span> <span class='ocrx_word' id='word_1_300' title='bbox 714 1713 770 1733; x_wconf 80' lang='lat' dir='ltr'>rex</span> <span class='ocrx_word' id='word_1_301' title='bbox 795 1703 1015 1733; x_wconf 83' lang='lat' dir='ltr'>Romanorum</span> <span class='ocrx_word' id='word_1_302' title='bbox 1040 1703 1196 1733; x_wconf 70' lang='lat' dir='ltr'>illustris³</span> <span class='ocrx_word' id='word_1_303' title='bbox 1219 1702 1390 1743; x_wconf 84' lang='lat' dir='ltr'>diligenter</span> <span class='ocrx_word' id='word_1_304' title='bbox 1420 1702 1590 1734; x_wconf 86' lang='lat' dir='ltr'>intendens</span> <span class='ocrx_word' id='word_1_305' title='bbox 1642 1712 1778 1744; x_wconf 89' lang='lat' dir='ltr'>operose</span> <span class='ocrx_word' id='word_1_306' title='bbox 1809 1702 2030 1733; x_wconf 86' lang='lat' dir='ltr'>sollicitudinis</span> 
     </span>
     <span class='ocr_line' id='line_1_30' title="bbox 402 1754 2030 1796; baseline 0 -11"><span class='ocrx_word' id='word_1_307' title='bbox 402 1755 541 1785; x_wconf 87' lang='lat' dir='ltr'>studium</span> <span class='ocrx_word' id='word_1_308' title='bbox 566 1754 697 1785; x_wconf 83' lang='lat' dir='ltr'>exhibet</span> <span class='ocrx_word' id='word_1_309' title='bbox 722 1765 894 1796; x_wconf 87' lang='lat' dir='ltr'>curamque</span> <span class='ocrx_word' id='word_1_310' title='bbox 919 1754 1030 1785; x_wconf 89' lang='lat' dir='ltr'>tribuit</span> <span class='ocrx_word' id='word_1_311' title='bbox 1049 1755 1247 1796; x_wconf 78' lang='lat' dir='ltr'>vigilantem,</span> <span class='ocrx_word' id='word_1_312' title='bbox 1272 1758 1305 1785; x_wconf 90' lang='lat' dir='ltr'>ut</span> <span class='ocrx_word' id='word_1_313' title='bbox 1330 1754 1466 1785; x_wconf 82' lang='lat' dir='ltr'>subiecti</span> <span class='ocrx_word' id='word_1_314' title='bbox 1485 1754 1545 1785; x_wconf 88' lang='lat' dir='ltr'>sibi</span> <span class='ocrx_word' id='word_1_315' title='bbox 1563 1754 1684 1796; x_wconf 72' lang='lat' dir='ltr'>populi,</span> <span class='ocrx_word' id='word_1_316' title='bbox 1708 1754 1848 1785; x_wconf 82' lang='lat' dir='ltr'>maxime</span> <span class='ocrx_word' id='word_1_317' title='bbox 1864 1754 1896 1785; x_wconf 91' lang='lat' dir='ltr'>in</span> <span class='ocrx_word' id='word_1_318' title='bbox 1913 1754 2030 1785; x_wconf 85' lang='lat' dir='ltr'>Tuscie</span> 
     </span>
     <span class='ocr_line' id='line_1_31' title="bbox 398 1805 2029 1848; baseline -0.001 -11"><span class='ocrx_word' id='word_1_319' title='bbox 398 1807 542 1847; x_wconf 81' lang='lat' dir='ltr'>partibus</span> <span class='ocrx_word' id='word_1_320' title='bbox 568 1807 748 1844; x_wconf 72' lang='lat' dir='ltr'>constituti,</span> <span class='ocrx_word' id='word_1_321' title='bbox 780 1806 935 1837; x_wconf 88' lang='lat' dir='ltr'>submotis</span> <span class='ocrx_word' id='word_1_322' title='bbox 964 1806 1138 1837; x_wconf 82' lang='lat' dir='ltr'>obstaculis</span> <span class='ocrx_word' id='word_1_323' title='bbox 1172 1809 1204 1837; x_wconf 93' lang='lat' dir='ltr'>et</span> <span class='ocrx_word' id='word_1_324' title='bbox 1232 1806 1472 1848; x_wconf 87' lang='lat' dir='ltr'>impedimentis</span> <span class='ocrx_word' id='word_1_325' title='bbox 1497 1805 1693 1847; x_wconf 89' lang='lat' dir='ltr'>quibuslibet</span> <span class='ocrx_word' id='word_1_326' title='bbox 1716 1805 1908 1847; x_wconf 78' lang='lat' dir='ltr'>profligatis,</span> <span class='ocrx_word' id='word_1_327' title='bbox 1941 1805 2029 1847; x_wconf 84' lang='lat' dir='ltr'>pacis</span> 
     </span>
     <span class='ocr_line' id='line_1_32' title="bbox 400 1857 2030 1900; baseline -0.001 -12"><span class='ocrx_word' id='word_1_328' title='bbox 400 1858 523 1888; x_wconf 85' lang='lat' dir='ltr'>stabilis</span> <span class='ocrx_word' id='word_1_329' title='bbox 549 1858 735 1892; x_wconf 63' lang='lat' dir='ltr'>commodis.</span> <span class='ocrx_word' id='word_1_330' title='bbox 761 1858 845 1899; x_wconf 82' lang='lat' dir='ltr'>regis</span> <span class='ocrx_word' id='word_1_331' title='bbox 862 1858 987 1899; x_wconf 86' lang='lat' dir='ltr'>pacifici</span> <span class='ocrx_word' id='word_1_332' title='bbox 1004 1858 1150 1900; x_wconf 86' lang='lat' dir='ltr'>potentia</span> <span class='ocrx_word' id='word_1_333' title='bbox 1168 1858 1396 1899; x_wconf 68' lang='lat' dir='ltr'>cohoperante,</span> <span class='ocrx_word' id='word_1_334' title='bbox 1422 1857 1597 1899; x_wconf 84' lang='lat' dir='ltr'>tripudient</span> <span class='ocrx_word' id='word_1_335' title='bbox 1622 1868 1658 1889; x_wconf 88' lang='lat' dir='ltr'>ac</span> <span class='ocrx_word' id='word_1_336' title='bbox 1676 1857 1788 1888; x_wconf 81' lang='lat' dir='ltr'>sedula</span> <span class='ocrx_word' id='word_1_337' title='bbox 1804 1857 2030 1888; x_wconf 84' lang='lat' dir='ltr'>observatione</span> 
     </span>
     <span class='ocr_line' id='line_1_33' title="bbox 401 1908 2030 1950; baseline -0.001 -11"><span class='ocrx_word' id='word_1_338' title='bbox 401 1910 524 1939; x_wconf 85' lang='lat' dir='ltr'>iusticie</span> <span class='ocrx_word' id='word_1_339' title='bbox 549 1909 758 1950; x_wconf 82' lang='lat' dir='ltr'>gratulentur.</span> <span class='ocrx_word' id='word_1_340' title='bbox 804 1914 871 1940; x_wconf 82' lang='lat' dir='ltr'>Cum</span> <span class='ocrx_word' id='word_1_341' title='bbox 894 1914 990 1948; x_wconf 75' lang='lat' dir='ltr'>itaque</span> <span class='ocrx_word' id='word_1_342' title='bbox 1014 1910 1098 1950; x_wconf 84' lang='lat' dir='ltr'>regis</span> <span class='ocrx_word' id='word_1_343' title='bbox 1124 1910 1291 1939; x_wconf 81' lang='lat' dir='ltr'>memorati</span> <span class='ocrx_word' id='word_1_344' title='bbox 1316 1910 1497 1940; x_wconf 78' lang='lat' dir='ltr'>serenitasb</span> <span class='ocrx_word' id='word_1_345' title='bbox 1523 1910 1605 1940; x_wconf 82' lang='lat' dir='ltr'>circa</span> <span class='ocrx_word' id='word_1_346' title='bbox 1635 1912 1753 1939; x_wconf 83' lang='lat' dir='ltr'>statum</span> <span class='ocrx_word' id='word_1_347' title='bbox 1779 1912 1920 1940; x_wconf 89' lang='lat' dir='ltr'>vestrum</span> <span class='ocrx_word' id='word_1_348' title='bbox 1944 1908 2030 1950; x_wconf 86' lang='lat' dir='ltr'>paci-</span> 
     </span>
     <span class='ocr_line' id='line_1_34' title="bbox 402 1960 2031 2001; baseline 0 -11"><span class='ocrx_word' id='word_1_349' title='bbox 402 1960 494 1990; x_wconf 87' lang='lat' dir='ltr'>ficum</span> <span class='ocrx_word' id='word_1_350' title='bbox 520 1964 551 1990; x_wconf 90' lang='lat' dir='ltr'>et</span> <span class='ocrx_word' id='word_1_351' title='bbox 575 1961 716 2001; x_wconf 83' lang='lat' dir='ltr'>quietum</span> <span class='ocrx_word' id='word_1_352' title='bbox 741 1961 861 1991; x_wconf 83' lang='lat' dir='ltr'>intenta</span> <span class='ocrx_word' id='word_1_353' title='bbox 887 1962 1021 1992; x_wconf 86' lang='lat' dir='ltr'>sollicite</span> <span class='ocrx_word' id='word_1_354' title='bbox 1045 1961 1197 1992; x_wconf 86' lang='lat' dir='ltr'>dilectum</span> <span class='ocrx_word' id='word_1_355' title='bbox 1221 1961 1319 1991; x_wconf 88' lang='lat' dir='ltr'>filium</span> <span class='ocrx_word' id='word_1_356' title='bbox 1346 1961 1558 1991; x_wconf 85' lang='lat' dir='ltr'>Perzivallum</span> <span class='ocrx_word' id='word_1_357' title='bbox 1583 1961 1621 1991; x_wconf 88' lang='lat' dir='ltr'>de</span> <span class='ocrx_word' id='word_1_358' title='bbox 1638 1960 1784 1991; x_wconf 84' lang='lat' dir='ltr'>Lavania</span> <span class='ocrx_word' id='word_1_359' title='bbox 1801 1960 2031 1991; x_wconf 84' lang='lat' dir='ltr'>subdiaconum</span> 
     </span>
     <span class='ocr_line' id='line_1_35' title="bbox 401 2012 2030 2054; baseline 0.001 -13"><span class='ocrx_word' id='word_1_360' title='bbox 401 2015 432 2041; x_wconf 87' lang='lat' dir='ltr'>et</span> <span class='ocrx_word' id='word_1_361' title='bbox 457 2012 657 2052; x_wconf 79' lang='lat' dir='ltr'>capellanum</span> <span class='ocrx_word' id='word_1_362' title='bbox 683 2016 841 2047; x_wconf 71' lang='lat' dir='ltr'>nostrum,</span> <span class='ocrx_word' id='word_1_363' title='bbox 874 2023 968 2053; x_wconf 85' lang='lat' dir='ltr'>quem</span> <span class='ocrx_word' id='word_1_364' title='bbox 1002 2013 1042 2043; x_wconf 90' lang='lat' dir='ltr'>ob</span> <span class='ocrx_word' id='word_1_365' title='bbox 1072 2023 1200 2043; x_wconf 84' lang='lat' dir='ltr'>suorum</span> <span class='ocrx_word' id='word_1_366' title='bbox 1226 2013 1428 2054; x_wconf 78' lang='lat' dir='ltr'>exigenciam</span> <span class='ocrx_word' id='word_1_367' title='bbox 1461 2013 1646 2043; x_wconf 87' lang='lat' dir='ltr'>meritorum</span> <span class='ocrx_word' id='word_1_368' title='bbox 1675 2012 1895 2043; x_wconf 85' lang='lat' dir='ltr'>benivolencia</span> <span class='ocrx_word' id='word_1_369' title='bbox 1919 2021 2030 2053; x_wconf 84' lang='lat' dir='ltr'>prose-</span> 
     </span>
     <span class='ocr_line' id='line_1_36' title="bbox 402 2064 2030 2106; baseline 0 -14"><span class='ocrx_word' id='word_1_370' title='bbox 402 2064 526 2103; x_wconf 84' lang='lat' dir='ltr'>quimur</span> <span class='ocrx_word' id='word_1_371' title='bbox 547 2064 688 2104; x_wconf 71' lang='lat' dir='ltr'>speciali,</span> <span class='ocrx_word' id='word_1_372' title='bbox 714 2078 803 2094; x_wconf 83' lang='lat' dir='ltr'>suum</span> <span class='ocrx_word' id='word_1_373' title='bbox 828 2069 854 2094; x_wconf 94' lang='lat' dir='ltr'>in</span> <span class='ocrx_word' id='word_1_374' title='bbox 880 2064 1030 2106; x_wconf 71' lang='lat' dir='ltr'>predictis</span> <span class='ocrx_word' id='word_1_375' title='bbox 1047 2064 1162 2094; x_wconf 79' lang='lat' dir='ltr'>Tuseie</span> <span class='ocrx_word' id='word_1_376' title='bbox 1186 2068 1312 2102; x_wconf 81' lang='lat' dir='ltr'>partibus</span> <span class='ocrx_word' id='word_1_377' title='bbox 1335 2068 1503 2101; x_wconf 83' lang='lat' dir='ltr'>generalem</span> <span class='ocrx_word' id='word_1_378' title='bbox 1527 2067 1670 2094; x_wconf 85' lang='lat' dir='ltr'>vicarium</span> <span class='ocrx_word' id='word_1_379' title='bbox 1695 2067 1806 2094; x_wconf 77' lang='lat' dir='ltr'>duxerit</span> <span class='ocrx_word' id='word_1_380' title='bbox 1829 2067 2030 2097; x_wconf 83' lang='lat' dir='ltr'>ordinandum,</span> 
     </span>
     <span class='ocr_line' id='line_1_37' title="bbox 402 2114 2031 2155; baseline 0.001 -11"><span class='ocrx_word' id='word_1_381' title='bbox 402 2120 485 2152; x_wconf 88' lang='lat' dir='ltr'>prout</span> <span class='ocrx_word' id='word_1_382' title='bbox 509 2119 536 2145; x_wconf 91' lang='lat' dir='ltr'>in</span> <span class='ocrx_word' id='word_1_383' title='bbox 562 2115 660 2155; x_wconf 76' lang='lat' dir='ltr'>ipsius</span> <span class='ocrx_word' id='word_1_384' title='bbox 685 2120 757 2153; x_wconf 76' lang='lat' dir='ltr'>regis</span> <span class='ocrx_word' id='word_1_385' title='bbox 774 2120 876 2147; x_wconf 78' lang='lat' dir='ltr'>litteris</span> <span class='ocrx_word' id='word_1_386' title='bbox 893 2120 995 2146; x_wconf 89' lang='lat' dir='ltr'>dicitur</span> <span class='ocrx_word' id='word_1_387' title='bbox 1018 2120 1129 2154; x_wconf 88' lang='lat' dir='ltr'>plenius</span> <span class='ocrx_word' id='word_1_388' title='bbox 1153 2114 1314 2149; x_wconf 65' lang='lat' dir='ltr'>contineri²²¹</span> <span class='ocrx_word' id='word_1_389' title='bbox 1340 2119 1551 2146; x_wconf 81' lang='lat' dir='ltr'>universitatem</span> <span class='ocrx_word' id='word_1_390' title='bbox 1576 2121 1696 2145; x_wconf 78' lang='lat' dir='ltr'>vestram</span> <span class='ocrx_word' id='word_1_391' title='bbox 1722 2128 1877 2150; x_wconf 81' lang='lat' dir='ltr'>monemus,</span> <span class='ocrx_word' id='word_1_392' title='bbox 1902 2127 2031 2152; x_wconf 83' lang='lat' dir='ltr'>rogamus</span> 
     </span>
     <span class='ocr_line' id='line_1_38' title="bbox 403 2170 2032 2205; baseline -0.001 -8"><span class='ocrx_word' id='word_1_393' title='bbox 403 2173 430 2197; x_wconf 79' lang='lat' dir='ltr'>ct</span> <span class='ocrx_word' id='word_1_394' title='bbox 454 2172 577 2196; x_wconf 81' lang='lat' dir='ltr'>ortamur</span> <span class='ocrx_word' id='word_1_395' title='bbox 601 2172 709 2197; x_wconf 73' lang='lat' dir='ltr'>attente</span> <span class='ocrx_word' id='word_1_396' title='bbox 735 2181 783 2205; x_wconf 79' lang='lat' dir='ltr'>per</span> <span class='ocrx_word' id='word_1_397' title='bbox 806 2172 961 2205; x_wconf 79' lang='lat' dir='ltr'>apostolica</span> <span class='ocrx_word' id='word_1_398' title='bbox 979 2172 1057 2197; x_wconf 81' lang='lat' dir='ltr'>vobis</span> <span class='ocrx_word' id='word_1_399' title='bbox 1083 2172 1187 2205; x_wconf 79' lang='lat' dir='ltr'>scripta</span> <span class='ocrx_word' id='word_1_400' title='bbox 1203 2172 1376 2203; x_wconf 71' lang='lat' dir='ltr'>mandantes,</span> <span class='ocrx_word' id='word_1_401' title='bbox 1400 2171 1532 2204; x_wconf 75' lang='lat' dir='ltr'>quatinus</span> <span class='ocrx_word' id='word_1_402' title='bbox 1548 2180 1597 2204; x_wconf 86' lang='lat' dir='ltr'>pro</span> <span class='ocrx_word' id='word_1_403' title='bbox 1615 2171 1768 2205; x_wconf 78' lang='lat' dir='ltr'>apostolice</span> <span class='ocrx_word' id='word_1_404' title='bbox 1785 2170 1857 2197; x_wconf 81' lang='lat' dir='ltr'>sedis</span> <span class='ocrx_word' id='word_1_405' title='bbox 1873 2170 2032 2197; x_wconf 80' lang='lat' dir='ltr'>reverencia</span> 
     </span>
     <span class='ocr_line' id='line_1_39' title="bbox 403 2218 2028 2260; baseline 0.001 -13"><span class='ocrx_word' id='word_1_406' title='bbox 403 2223 549 2255; x_wconf 71' lang='lat' dir='ltr'>prefatum</span> <span class='ocrx_word' id='word_1_407' title='bbox 574 2222 717 2249; x_wconf 66' lang='lat' dir='ltr'>vivarium</span> <span class='ocrx_word' id='word_1_408' title='bbox 742 2224 878 2250; x_wconf 82' lang='lat' dir='ltr'>studeatis</span> <span class='ocrx_word' id='word_1_409' title='bbox 902 2224 1001 2250; x_wconf 85' lang='lat' dir='ltr'>devote</span> <span class='ocrx_word' id='word_1_410' title='bbox 1026 2224 1148 2257; x_wconf 83' lang='lat' dir='ltr'>recipere</span> <span class='ocrx_word' id='word_1_411' title='bbox 1172 2220 1356 2260; x_wconf 80' lang='lat' dir='ltr'>ipsumque,</span> <span class='ocrx_word' id='word_1_412' title='bbox 1380 2223 1473 2260; x_wconf 79' lang='lat' dir='ltr'>prout</span> <span class='ocrx_word' id='word_1_413' title='bbox 1499 2219 1577 2249; x_wconf 82' lang='lat' dir='ltr'>tanti</span> <span class='ocrx_word' id='word_1_414' title='bbox 1602 2219 1752 2259; x_wconf 78' lang='lat' dir='ltr'>principis</span> <span class='ocrx_word' id='word_1_415' title='bbox 1778 2218 1930 2249; x_wconf 77' lang='lat' dir='ltr'>vicarium</span> <span class='ocrx_word' id='word_1_416' title='bbox 1954 2228 2028 2248; x_wconf 81' lang='lat' dir='ltr'>Con-</span> 
     </span>
     <span class='ocr_line' id='line_1_40' title="bbox 403 2270 2030 2312; baseline 0 -13"><span class='ocrx_word' id='word_1_417' title='bbox 403 2270 506 2304; x_wconf 78' lang='lat' dir='ltr'>decet,</span> <span class='ocrx_word' id='word_1_418' title='bbox 531 2270 775 2301; x_wconf 76' lang='lat' dir='ltr'>honoriticencia</span> <span class='ocrx_word' id='word_1_419' title='bbox 804 2271 963 2311; x_wconf 79' lang='lat' dir='ltr'>condigna</span> <span class='ocrx_word' id='word_1_420' title='bbox 989 2275 1136 2306; x_wconf 75' lang='lat' dir='ltr'>tractare,</span> <span class='ocrx_word' id='word_1_421' title='bbox 1162 2271 1260 2312; x_wconf 84' lang='lat' dir='ltr'>ipsius</span> <span class='ocrx_word' id='word_1_422' title='bbox 1276 2275 1390 2301; x_wconf 84' lang='lat' dir='ltr'>monitis</span> <span class='ocrx_word' id='word_1_423' title='bbox 1414 2276 1441 2301; x_wconf 81' lang='lat' dir='ltr'>et</span> <span class='ocrx_word' id='word_1_424' title='bbox 1458 2274 1597 2301; x_wconf 80' lang='lat' dir='ltr'>mandatis</span> <span class='ocrx_word' id='word_1_425' title='bbox 1614 2274 1791 2301; x_wconf 79' lang='lat' dir='ltr'>intendentes</span> <span class='ocrx_word' id='word_1_426' title='bbox 1814 2283 1847 2300; x_wconf 84' lang='lat' dir='ltr'>ac</span> <span class='ocrx_word' id='word_1_427' title='bbox 1870 2274 2030 2301; x_wconf 84' lang='lat' dir='ltr'>obedientes</span> 
     </span>
     <span class='ocr_line' id='line_1_41' title="bbox 403 2321 2030 2358; baseline 0 -7"><span class='ocrx_word' id='word_1_428' title='bbox 403 2326 554 2357; x_wconf 85' lang='lat' dir='ltr'>humiliter,</span> <span class='ocrx_word' id='word_1_429' title='bbox 578 2328 609 2352; x_wconf 86' lang='lat' dir='ltr'>ut</span> <span class='ocrx_word' id='word_1_430' title='bbox 625 2327 740 2358; x_wconf 77' lang='lat' dir='ltr'>debetis,</span> <span class='ocrx_word' id='word_1_431' title='bbox 766 2323 810 2353; x_wconf 80' lang='lat' dir='ltr'>sic</span> <span class='ocrx_word' id='word_1_432' title='bbox 835 2334 890 2353; x_wconf 84' lang='lat' dir='ltr'>vos</span> <span class='ocrx_word' id='word_1_433' title='bbox 916 2323 945 2353; x_wconf 82' lang='lat' dir='ltr'>in</span> <span class='ocrx_word' id='word_1_434' title='bbox 971 2323 1029 2353; x_wconf 77' lang='lat' dir='ltr'>hoc</span> <span class='ocrx_word' id='word_1_435' title='bbox 1047 2323 1221 2353; x_wconf 74' lang='lat' dir='ltr'>efficaciter</span> <span class='ocrx_word' id='word_1_436' title='bbox 1245 2322 1393 2355; x_wconf 75' lang='lat' dir='ltr'>habituri,</span> <span class='ocrx_word' id='word_1_437' title='bbox 1418 2328 1448 2353; x_wconf 86' lang='lat' dir='ltr'>ut</span> <span class='ocrx_word' id='word_1_438' title='bbox 1465 2327 1563 2353; x_wconf 82' lang='lat' dir='ltr'>exinde</span> <span class='ocrx_word' id='word_1_439' title='bbox 1581 2328 1670 2353; x_wconf 85' lang='lat' dir='ltr'>vestre</span> <span class='ocrx_word' id='word_1_440' title='bbox 1687 2326 1846 2353; x_wconf 84' lang='lat' dir='ltr'>devocionis</span> <span class='ocrx_word' id='word_1_441' title='bbox 1865 2321 2030 2352; x_wconf 78' lang='lat' dir='ltr'>Sinceritas</span> 
     </span>
     <span class='ocr_line' id='line_1_42' title="bbox 405 2373 2030 2412; baseline 0.001 -9"><span class='ocrx_word' id='word_1_442' title='bbox 405 2374 520 2403; x_wconf 64' lang='lat' dir='ltr'>clarius</span> <span class='ocrx_word' id='word_1_443' title='bbox 539 2378 696 2404; x_wconf 51' lang='lat' dir='ltr'>elucescat¹</span> <span class='ocrx_word' id='word_1_444' title='bbox 712 2378 871 2412; x_wconf 80' lang='lat' dir='ltr'>dictusque</span> <span class='ocrx_word' id='word_1_445' title='bbox 890 2379 1023 2405; x_wconf 72' lang='lat' dir='ltr'>vicarius</span> <span class='ocrx_word' id='word_1_446' title='bbox 1041 2379 1215 2405; x_wconf 84' lang='lat' dir='ltr'>commissum</span> <span class='ocrx_word' id='word_1_447' title='bbox 1235 2379 1286 2405; x_wconf 78' lang='lat' dir='ltr'>sibi</span> <span class='ocrx_word' id='word_1_448' title='bbox 1304 2379 1424 2405; x_wconf 77' lang='lat' dir='ltr'>officium</span> <span class='ocrx_word' id='word_1_449' title='bbox 1442 2379 1555 2405; x_wconf 86' lang='lat' dir='ltr'>liberius</span> <span class='ocrx_word' id='word_1_450' title='bbox 1572 2381 1600 2405; x_wconf 85' lang='lat' dir='ltr'>et</span> <span class='ocrx_word' id='word_1_451' title='bbox 1616 2375 1724 2405; x_wconf 73' lang='lat' dir='ltr'>utilius</span> <span class='ocrx_word' id='word_1_452' title='bbox 1742 2380 1925 2412; x_wconf 78' lang='lat' dir='ltr'>exequatur.</span> <span class='ocrx_word' id='word_1_453' title='bbox 1964 2373 2030 2404; x_wconf 83' lang='lat' dir='ltr'>NOS</span> 
     </span>
     <span class='ocr_line' id='line_1_43' title="bbox 405 2423 2029 2467; baseline 0.001 -13"><span class='ocrx_word' id='word_1_454' title='bbox 405 2425 487 2454; x_wconf 84' lang='lat' dir='ltr'>cuim</span> <span class='ocrx_word' id='word_1_455' title='bbox 514 2423 785 2465; x_wconf 57' lang='lat' dir='ltr'>nichillssiomiuus</span> <span class='ocrx_word' id='word_1_456' title='bbox 803 2425 920 2456; x_wconf 82' lang='lat' dir='ltr'>dilecto</span> <span class='ocrx_word' id='word_1_457' title='bbox 939 2427 1001 2456; x_wconf 79' lang='lat' dir='ltr'>tilio</span> <span class='ocrx_word' id='word_1_458' title='bbox 1019 2426 1172 2466; x_wconf 77' lang='lat' dir='ltr'>magistro</span> <span class='ocrx_word' id='word_1_459' title='bbox 1189 2425 1285 2456; x_wconf 82' lang='lat' dir='ltr'>Petro</span> <span class='ocrx_word' id='word_1_460' title='bbox 1304 2425 1342 2456; x_wconf 87' lang='lat' dir='ltr'>dc</span> <span class='ocrx_word' id='word_1_461' title='bbox 1358 2426 1493 2467; x_wconf 89' lang='lat' dir='ltr'>Piperno</span> <span class='ocrx_word' id='word_1_462' title='bbox 1512 2426 1664 2456; x_wconf 78' lang='lat' dir='ltr'>canonico</span> <span class='ocrx_word' id='word_1_463' title='bbox 1679 2426 1902 2456; x_wconf 72' lang='lat' dir='ltr'>suessionensi</span> <span class='ocrx_word' id='word_1_464' title='bbox 1919 2425 2029 2456; x_wconf 86' lang='lat' dir='ltr'>damus</span> 
     </span>
     <span class='ocr_line' id='line_1_44' title="bbox 405 2476 2030 2518; baseline 0.001 -12"><span class='ocrx_word' id='word_1_465' title='bbox 405 2476 520 2506; x_wconf 82' lang='lat' dir='ltr'>nostris</span> <span class='ocrx_word' id='word_1_466' title='bbox 544 2476 657 2506; x_wconf 82' lang='lat' dir='ltr'>littoris</span> <span class='ocrx_word' id='word_1_467' title='bbox 682 2477 712 2506; x_wconf 87' lang='lat' dir='ltr'>iu</span> <span class='ocrx_word' id='word_1_468' title='bbox 736 2477 923 2515; x_wconf 70' lang='lat' dir='ltr'>inundatis³‚</span> <span class='ocrx_word' id='word_1_469' title='bbox 948 2482 982 2507; x_wconf 89' lang='lat' dir='ltr'>ut</span> <span class='ocrx_word' id='word_1_470' title='bbox 1006 2488 1061 2507; x_wconf 88' lang='lat' dir='ltr'>vos</span> <span class='ocrx_word' id='word_1_471' title='bbox 1086 2477 1124 2507; x_wconf 83' lang='lat' dir='ltr'>ad</span> <span class='ocrx_word' id='word_1_472' title='bbox 1150 2477 1180 2507; x_wconf 88' lang='lat' dir='ltr'>id</span> <span class='ocrx_word' id='word_1_473' title='bbox 1205 2488 1244 2507; x_wconf 85' lang='lat' dir='ltr'>ex</span> <span class='ocrx_word' id='word_1_474' title='bbox 1269 2480 1359 2518; x_wconf 83' lang='lat' dir='ltr'>parte</span> <span class='ocrx_word' id='word_1_475' title='bbox 1377 2481 1486 2507; x_wconf 83' lang='lat' dir='ltr'>nostra</span> <span class='ocrx_word' id='word_1_476' title='bbox 1503 2480 1632 2508; x_wconf 82' lang='lat' dir='ltr'>moneat</span> <span class='ocrx_word' id='word_1_477' title='bbox 1650 2477 1823 2508; x_wconf 82' lang='lat' dir='ltr'>efficaciter</span> <span class='ocrx_word' id='word_1_478' title='bbox 1846 2480 1878 2508; x_wconf 87' lang='lat' dir='ltr'>et</span> <span class='ocrx_word' id='word_1_479' title='bbox 1894 2477 2030 2508; x_wconf 81' lang='lat' dir='ltr'>inducat.</span> 
     </span>
    </p>

    <p class='ocr_par' dir='ltr' id='par_1_9' title="bbox 511 2527 2031 2570">
     <span class='ocr_line' id='line_1_45' title="bbox 511 2527 2031 2570; baseline 0.001 -12"><span class='ocrx_word' id='word_1_480' title='bbox 511 2527 584 2558; x_wconf 84' lang='lat' dir='ltr'>Dat.</span> <span class='ocrx_word' id='word_1_481' title='bbox 608 2527 722 2562; x_wconf 80' lang='lat' dir='ltr'>Rome,</span> <span class='ocrx_word' id='word_1_482' title='bbox 746 2529 829 2570; x_wconf 79' lang='lat' dir='ltr'>apud</span> <span class='ocrx_word' id='word_1_483' title='bbox 850 2528 999 2559; x_wconf 84' lang='lat' dir='ltr'>Sanctam</span> <span class='ocrx_word' id='word_1_484' title='bbox 1022 2528 1184 2562; x_wconf 66' lang='lat' dir='ltr'>Sabinam,</span> <span class='ocrx_word' id='word_1_485' title='bbox 1201 2528 1354 2559; x_wconf 80' lang='lat' dir='ltr'>XV.Ka1.</span> <span class='ocrx_word' id='word_1_486' title='bbox 1368 2528 1453 2562; x_wconf 80' lang='lat' dir='ltr'>Maii,</span> <span class='ocrx_word' id='word_1_487' title='bbox 1471 2529 1675 2570; x_wconf 81' lang='lat' dir='ltr'>pontificatus</span> <span class='ocrx_word' id='word_1_488' title='bbox 1697 2529 1796 2559; x_wconf 86' lang='lat' dir='ltr'>nostri</span> <span class='ocrx_word' id='word_1_489' title='bbox 1816 2539 1898 2559; x_wconf 84' lang='lat' dir='ltr'>anno</span> <span class='ocrx_word' id='word_1_490' title='bbox 1920 2528 2031 2570; x_wconf 77' lang='lat' dir='ltr'>primu.</span> 
     </span>
    </p>
   </div>
   <div class='ocr_carea' id='block_1_8' title="bbox 508 2682 1096 2713">
    <p class='ocr_par' dir='ltr' id='par_1_10' title="bbox 508 2682 1096 2713">
     <span class='ocr_line' id='line_1_46' title="bbox 508 2682 1096 2713; baseline 0.002 -6"><span class='ocrx_word' id='word_1_491' title='bbox 508 2682 571 2708; x_wconf 64' lang='lat'>3522.</span> <span class='ocrx_word' id='word_1_492' title='bbox 593 2684 615 2713; x_wconf 81' lang='lat'>¹¹)</span> <span class='ocrx_word' id='word_1_493' title='bbox 635 2684 743 2707; x_wconf 79' lang='lat' dir='ltr'>illustrix</span> <span class='ocrx_word' id='word_1_494' title='bbox 763 2688 793 2707; x_wconf 72' lang='lat' dir='ltr'>er.</span> <span class='ocrx_word' id='word_1_495' title='bbox 865 2682 888 2708; x_wconf 50' lang='lat' dir='ltr'>ff)</span> <span class='ocrx_word' id='word_1_496' title='bbox 907 2683 1047 2708; x_wconf 74' lang='lat' dir='ltr'>scrennitns</span> <span class='ocrx_word' id='word_1_497' title='bbox 1067 2688 1096 2708; x_wconf 76' lang='lat' dir='ltr'>tr.</span> 
     </span>
    </p>
   </div>
   <div class='ocr_carea' id='block_1_9' title="bbox 406 2733 2031 2810">
    <p class='ocr_par' dir='ltr' id='par_1_11' title="bbox 406 2733 2031 2810">
     <span class='ocr_line' id='line_1_47' title="bbox 511 2733 2031 2767; baseline 0.001 -9"><span class='ocrx_word' id='word_1_498' title='bbox 511 2734 532 2765; x_wconf 82' lang='lat'>1)</span> <span class='ocrx_word' id='word_1_499' title='bbox 551 2734 614 2767; x_wconf 70' lang='lat' dir='ltr'>Diq.</span> <span class='ocrx_word' id='word_1_500' title='bbox 631 2734 737 2765; x_wconf 75' lang='lat' dir='ltr'>IJ‚·1,³.</span> <span class='ocrx_word' id='word_1_501' title='bbox 826 2735 852 2765; x_wconf 65' lang='grc'>’.2)</span> <span class='ocrx_word' id='word_1_502' title='bbox 872 2734 961 2766; x_wconf 73' lang='lat' dir='ltr'>Supra</span> <span class='ocrx_word' id='word_1_503' title='bbox 983 2742 1022 2758; x_wconf 72' lang='lat' dir='ltr'>ur.</span> <span class='ocrx_word' id='word_1_504' title='bbox 1036 2737 1089 2759; x_wconf 79' lang='grc'><em>371.</em></span> <span class='ocrx_word' id='word_1_505' title='bbox 1177 2735 1202 2765; x_wconf 78' lang='lat'>3)</span> <span class='ocrx_word' id='word_1_506' title='bbox 1225 2734 1282 2759; x_wconf 83' lang='lat' dir='ltr'>Hoc</span> <span class='ocrx_word' id='word_1_507' title='bbox 1296 2734 1464 2765; x_wconf 75' lang='lat' dir='ltr'>mundatum,</span> <span class='ocrx_word' id='word_1_508' title='bbox 1488 2733 1558 2766; x_wconf 76' lang='lat' dir='ltr'>qnod</span> <span class='ocrx_word' id='word_1_509' title='bbox 1577 2734 1683 2759; x_wconf 70' lang='lat' dir='ltr'>nudatis</span> <span class='ocrx_word' id='word_1_510' title='bbox 1701 2733 1836 2760; x_wconf 73' lang='lat' dir='ltr'>mutandis</span> <span class='ocrx_word' id='word_1_511' title='bbox 1855 2740 1914 2760; x_wconf 83' lang='lat' dir='ltr'>cum</span> <span class='ocrx_word' id='word_1_512' title='bbox 1932 2739 1972 2758; x_wconf 76' lang='lat' dir='ltr'>nr.</span> <span class='ocrx_word' id='word_1_513' title='bbox 1985 2734 2031 2759; x_wconf 78' lang='lat'>372</span> 
     </span>
     <span class='ocr_line' id='line_1_48' title="bbox 406 2776 1506 2810; baseline 0 -7"><span class='ocrx_word' id='word_1_514' title='bbox 406 2777 556 2809; x_wconf 75' lang='lat' dir='ltr'>concordat,</span> <span class='ocrx_word' id='word_1_515' title='bbox 575 2777 662 2803; x_wconf 75' lang='lat' dir='ltr'>eadem</span> <span class='ocrx_word' id='word_1_516' title='bbox 681 2777 829 2803; x_wconf 63' lang='lat' dir='ltr'>membrana</span> <span class='ocrx_word' id='word_1_517' title='bbox 847 2778 999 2808; x_wconf 66' lang='lat' dir='ltr'>continetur,</span> <span class='ocrx_word' id='word_1_518' title='bbox 1020 2779 1045 2801; x_wconf 79' lang='grc' dir='ltr'>ιι(</span> <span class='ocrx_word' id='word_1_519' title='bbox 1066 2785 1104 2801; x_wconf 80' lang='lat' dir='ltr'>nr.</span> <span class='ocrx_word' id='word_1_520' title='bbox 1118 2780 1169 2803; x_wconf 68' lang='lat'>371.</span> <span class='ocrx_word' id='word_1_521' title='bbox 1189 2781 1242 2804; x_wconf 58' lang='lat'>3122.</span> <span class='ocrx_word' id='word_1_522' title='bbox 1281 2778 1319 2810; x_wconf 63' lang='grc' dir='ltr'>(Υ.</span> <span class='ocrx_word' id='word_1_523' title='bbox 1343 2776 1438 2802; x_wconf 72' lang='lat' dir='ltr'>Ficlccr</span> <span class='ocrx_word' id='word_1_524' title='bbox 1456 2777 1471 2802; x_wconf 81' lang='lat' dir='ltr'>l.</span> <span class='ocrx_word' id='word_1_525' title='bbox 1486 2786 1506 2803; x_wconf 69' lang='grc' dir='ltr'>ι’,</span> 
     </span>
    </p>
   </div>
   <div class='ocr_carea' id='block_1_10' title="bbox 2054 705 2078 724">
    <p class='ocr_par' dir='ltr' id='par_1_12' title="bbox 2054 705 2078 724">
     <span class='ocr_line' id='line_1_49' title="bbox 2054 705 2078 724; baseline -0.042 0"><span class='ocrx_word' id='word_1_526' title='bbox 2054 705 2078 724; x_wconf 77' lang='lat'>10</span> 
     </span>
    </p>
   </div>
   <div class='ocr_carea' id='block_1_11' title="bbox 2055 962 2078 981">
    <p class='ocr_par' dir='ltr' id='par_1_13' title="bbox 2055 962 2078 981">
     <span class='ocr_line' id='line_1_50' title="bbox 2055 962 2078 981; baseline -0.043 0"><span class='ocrx_word' id='word_1_527' title='bbox 2055 962 2078 981; x_wconf 82' lang='lat'>15</span> 
     </span>
    </p>
   </div>
   <div class='ocr_carea' id='block_1_12' title="bbox 2055 1558 2078 1577">
    <p class='ocr_par' dir='ltr' id='par_1_14' title="bbox 2055 1558 2078 1577">
     <span class='ocr_line' id='line_1_51' title="bbox 2055 1558 2078 1577; baseline -0.043 0"><span class='ocrx_word' id='word_1_528' title='bbox 2055 1558 2078 1577; x_wconf 76' lang='lat'>25</span> 
     </span>
    </p>
   </div>
   <div class='ocr_carea' id='block_1_13' title="bbox 2056 1815 2081 1834">
    <p class='ocr_par' dir='ltr' id='par_1_15' title="bbox 2056 1815 2081 1834">
     <span class='ocr_line' id='line_1_52' title="bbox 2056 1815 2081 1834; baseline -0.04 0"><span class='ocrx_word' id='word_1_529' title='bbox 2056 1815 2081 1834; x_wconf 78' lang='lat'>30</span> 
     </span>
    </p>
   </div>
   <div class='ocr_carea' id='block_1_14' title="bbox 2056 2074 2079 2094">
    <p class='ocr_par' dir='ltr' id='par_1_16' title="bbox 2056 2074 2079 2094">
     <span class='ocr_line' id='line_1_53' title="bbox 2056 2074 2079 2094; baseline -0.043 0"><span class='ocrx_word' id='word_1_530' title='bbox 2056 2074 2079 2094; x_wconf 82' lang='lat'>³5</span> 
     </span>
    </p>
   </div>
   <div class='ocr_carea' id='block_1_15' title="bbox 2056 2332 2080 2351">
    <p class='ocr_par' dir='ltr' id='par_1_17' title="bbox 2056 2332 2080 2351">
     <span class='ocr_line' id='line_1_54' title="bbox 2056 2332 2080 2351; baseline -0.042 0"><span class='ocrx_word' id='word_1_531' title='bbox 2056 2332 2080 2351; x_wconf 75' lang='lat'>40</span> 
     </span>
    </p>
   </div>
   <div class='ocr_carea' id='block_1_16' title="bbox 2056 2696 2079 2715">
    <p class='ocr_par' dir='ltr' id='par_1_18' title="bbox 2056 2696 2079 2715">
     <span class='ocr_line' id='line_1_55' title="bbox 2056 2696 2079 2715; baseline 0 0"><span class='ocrx_word' id='word_1_532' title='bbox 2056 2696 2079 2715; x_wconf 72' lang='lat'>4³</span> 
     </span>
    </p>
   </div>
   <div class='ocr_carea' id='block_1_17' title="bbox 2176 1282 2218 2196">
    <p class='ocr_par' dir='ltr' id='par_1_19' title="bbox 2176 1282 2218 2196">
     <span class='ocr_line' id='line_1_56' title="bbox 2176 1282 2218 2196; baseline 0 0"><span class='ocrx_word' id='word_1_533' title='bbox 2176 1282 2218 2196; x_wconf 95' lang='lat' dir='ltr'> </span> 
     </span>
    </p>
   </div>
   <div class='ocr_carea' id='block_1_18' title="bbox 2170 1282 2219 2324">
    <p class='ocr_par' dir='ltr' id='par_1_20' title="bbox 2170 1282 2219 2324">
     <span class='ocr_line' id='line_1_57' title="bbox 2170 1282 2219 2324; baseline 0 0"><span class='ocrx_word' id='word_1_534' title='bbox 2170 1282 2219 2324; x_wconf 95' lang='lat' dir='ltr'> </span> 
     </span>
    </p>
   </div>
  </div>
 </body>
</html>
