2259 3164
509 186 664 213 RUDOLFI
684 185 787 211 REGIS
808 183 1130 211 CONSTITUTIONES.
1167 184 1239 211 1284.
1277 184 1324 210 Nr.
1337 184 1393 210 362.
1407 184 1464 210 353.
1745 183 1805 214 347

177 280 345 308 constituere
362 287 514 313 possemuS,
539 278 561 303 si
586 278 729 311 presentes
746 285 875 308 essemuS,
900 277 928 302 et
952 276 986 301 ad
1003 276 1192 307 statuendum,
1217 276 1394 301 tractandum
1412 276 1440 301 et
1457 275 1612 301 faciendum
1630 274 1657 300 in
1674 273 1807 308 predictis

175 332 299 368 partibus
334 330 431 357 Tuseie
466 329 559 356 omnia
591 331 619 355 et
654 329 778 362 singula,
808 337 861 361 que
890 336 981 354 verus
1010 329 1038 353 et
1066 327 1216 361 legitimus
1246 327 1386 359 vicarius,
1418 328 1594 360 procurator
1628 328 1656 352 et
1683 326 1807 351 nuntius

176 385 286 419 plenum
310 383 473 409 mandatum
497 384 525 408 et
548 381 664 408 liberam
688 379 903 406 administrandi
927 380 1098 413 potestatem
1127 379 1242 405 habens
1266 388 1282 405 a
1304 378 1383 405 nobis
1408 379 1497 404 facere
1522 379 1627 411 potest
1650 379 1678 404 et
1709 377 1808 403 debet

175 437 208 463 de
224 434 422 462 consuetudine
440 433 482 460 vel
499 433 532 459 de
545 433 612 465 iure,
632 432 660 458 in
676 432 732 458 illis
746 431 832 458 etiam
849 431 966 463 casibus,
983 431 1011 457 in
1024 431 1125 464 quibus
1139 431 1301 456 mandatum
1316 430 1467 464 requiritur
1483 429 1611 463 speciale.
1678 424 1726 464 (4)
1743 429 1807 454 Sen-

138 495 148 512 5
176 487 278 515 tentias
295 486 387 517 etiam,
412 486 504 511 banna
514 485 533 517 ¹¹,
558 493 643 519 penas
668 486 696 510 et
720 485 822 510 multas
847 483 912 509 tam
936 480 966 509 in
984 480 1090 509 causis
1109 478 1327 509 criminalibus
1353 488 1446 519 quam
1463 477 1656 518 pecuniariis
1681 478 1713 506 et
1737 476 1807 506 aliis

129 753 150 770 10

130 1010 151 1028 15

132 1519 155 1538 20

136 1886 158 1905 25

137 2145 161 2164 ³0

139 2395 162 2413 35

175 535 430 577 quibuscunque,
455 546 523 570 quas
547 536 636 562 idem
661 536 702 562 vel
727 535 874 562 constituti
898 535 932 561 ab
957 544 993 562 eo
1017 535 1136 566 indices,
1161 534 1293 560 officiales
1318 534 1360 560 vel
1385 535 1546 560 executores
1571 532 1696 563 tulerint,
1722 531 1807 565 impo-

175 590 280 617 suerint
303 590 346 616 vel
376 589 532 623 exegerint,
562 589 637 614 ratas
665 587 829 614 habebimus
863 588 891 613 et
920 586 1053 613 faciemus
1085 586 1204 611 Domino
1237 585 1405 611 concedente
1432 584 1633 610 inviolabiliter
1657 583 1808 609 observari.

177 638 226 680 (5)
250 643 353 668 Damus
376 642 504 675 preterea
527 640 653 675 predicto
678 635 786 666 comiti
810 639 921 673 plenam
946 640 974 665 et
988 638 1106 665 liberam
1123 639 1293 672 potestatem
1318 638 1345 663 et
1362 637 1481 671 speciale
1498 635 1668 666 mandatnm,
1693 635 1808 661 rebelles

176 696 204 720 et
226 694 385 724 indevotos,
410 693 433 718 si
457 701 526 726 quos
550 692 623 725 quod
647 686 778 717 avertatb
802 691 962 717 Altissimus
994 690 1023 716 in
1053 690 1180 724 partibus
1204 689 1302 715 Tuscie
1333 688 1486 722 repererit,
1516 687 1715 721 qualiscunque
1745 695 1810 712 con-

177 745 289 772 ditionis
312 744 465 776 extiterint,
486 743 614 778 privandi
631 743 727 774 feodis,
746 742 852 774 castris,
870 742 959 774 terris,
976 742 1084 776 gratiis,
1102 741 1288 772 libertatibus,
1313 740 1494 771 districtibus,
1518 738 1681 772 privilegiis,
1704 738 1809 763 iuribus

175 798 202 823 et
214 795 450 822 iurisdictionibus
464 795 683 828 quibuscunque,
700 804 778 828 quos,
795 802 863 828 quas
881 794 922 820 vel
940 802 993 827 que
1010 793 1093 820 iidem
1111 795 1207 819 tenere
1225 793 1259 818 ab
1276 792 1392 826 imperio
1410 791 1620 817 dinoscunturc.
1687 785 1734 825 (6)
1754 788 1809 815 Nos

175 856 284 881 quoque
307 849 426 881 gratum,
450 848 543 873 ratum
566 848 594 873 et
617 848 763 880 acceptum
786 845 960 876 habebimus,
985 845 1117 879 quicquid
1141 854 1190 879 per
1214 839 1333 870 dictum
1358 843 1515 874 vicarium,
1539 843 1759 876 procuratorem
1783 842 1811 866 et

175 898 316 925 nuntium
338 899 501 924 nostrum*
524 900 618 924 actum
642 899 670 924 et
692 899 817 931 gestum,
849 898 1002 928 statutum,
1031 896 1184 923 iudicatum
1216 897 1245 922 et
1268 896 1427 922 ordinatum
1458 894 1543 920 fuerit
1566 894 1594 919 in
1618 892 1759 926 premissis
1783 893 1812 917 et

177 950 249 976 circa
271 949 405 984 premissa
429 950 471 976 vel
497 949 643 983 quodlibet
665 949 871 983 premissorum.

284 1002 315 1027 In
339 1001 415 1027 cuius
439 1001 479 1028 rei
503 1001 683 1027 testimonum
708 1003 852 1035 presentes
876 1000 986 1026 litteras
1012 1000 1070 1026 fieri
1094 1002 1122 1026 et
1146 999 1279 1033 pendenti
1304 998 1396 1033 sigillo
1425 999 1519 1024 nostre
1548 995 1624 1029 regie
1654 995 1811 1021 maiestatis

179 1053 208 1079 in
229 1053 341 1080 evidens
364 1053 555 1080 testimonium
579 1053 754 1087 precepimus
779 1052 951 1079 communiri.

283 1100 402 1131 Datum
434 1100 597 1141 Friburgi,
628 1100 701 1131 Kal.
731 1100 822 1138 Maii,
855 1100 1028 1130 indictione
1059 1099 1142 1138 XII,
1173 1109 1255 1129 anno
1286 1097 1416 1128 Domini
1448 1095 1663 1126 MCCLXXX
1687 1098 1811 1135 quarto,

178 1153 266 1194 regni
292 1163 365 1184 vero
388 1153 488 1183 nostri
512 1163 596 1183 anno
619 1152 798 1183 undecimo.

305 1423 404 1475 363.
443 1421 892 1475 SENTENTIA
927 1421 1032 1474 DE
1072 1422 1269 1476 IURE
1303 1425 1691 1480 ACTIONIS

654 1499 1335 1555 PROSCRIPTORUM.

837 1594 943 1630 1284.
985 1595 1079 1640 Aug.
1102 1595 1160 1630 25.

287 1686 511 1725 Autoyraplzon
535 1685 688 1717 tabularii
710 1685 845 1716 civitatis
868 1686 1028 1724 Spirensis
1050 1697 1099 1717 ην.
1118 1687 1159 1716 12
1181 1687 1281 1718 demto
1297 1688 1525 1727 descripsimus.
1565 1689 1711 1729 Siyillzcm
1735 1690 1814 1721 desi-

184 1737 319 1769 deratur.
365 1737 407 1767 In
429 1747 513 1767 verso
537 1737 664 1777 Ieyitnr:
688 1736 726 1768 R.
751 1740 809 1769 est.
834 1756 873 1758 —
898 1737 1044 1775 Bo'hmer,
1068 1738 1141 1778 Rey.
1159 1738 1231 1777 imp.
1254 1738 1307 1776 VI,
1322 1740 1413 1771 185⁶.
1523 1740 1575 1780 (P.
1601 1741 1707 1782 deest.)

287 1822 354 1853 Nos
378 1821 566 1864 Rud(0lfus)
592 1822 649 1854 Dei
673 1823 781 1864 gracia
804 1823 1025 1854 Romanorum
1054 1834 1113 1855 rex
1144 1835 1273 1866 semper
1296 1828 1452 1866 augustus
1477 1829 1588 1858 tenore
1612 1828 1814 1868 presencium

186 1873 225 1904 ad
247 1875 467 1905 universorum
492 1875 618 1916 imperii
642 1875 783 1906 fidelium
808 1875 960 1906 noticiam
986 1876 1131 1906 volumus
1155 1877 1335 1917 pervenire,
1359 1877 1443 1918 quod
1468 1878 1558 1909 nobis
1581 1889 1639 1920 pro
1664 1879 1815 1910 tribunali

186 1925 368 1957 sedentibus
401 1927 432 1957 in
461 1927 571 1968 vigilia
610 1927 699 1958 beati
728 1927 946 1958 Bartholomei
983 1928 1122 1969 apostoli
1161 1934 1263 1959 nunca
1292 1930 1446 1970 preterita
1480 1930 1565 1971 apud
1601 1929 1814 1962 Siinnesheim

186 1978 342 2018 quesitum
367 1979 473 2009 extitit
497 1989 554 2020 per
578 1979 790 2010 sentenciam:
816 1980 842 2009 si
859 1979 974 2021 aliquis
991 1980 1030 2010 ab
1049 1980 1156 2020 aliqua
1173 1980 1301 2011 civitate
1327 1982 1393 2011 suis
1411 1982 1554 2022 privatus
1572 1982 1693 2013 iuribus
1717 1983 1815 2013 alium

186 2029 236 2059 vel
260 2029 339 2060 alios
363 2030 394 2060 in
419 2030 525 2071 aliqua
555 2041 652 2061 causa
682 2031 828 2072 inpetere
854 2031 960 2062 valeat
983 2031 1035 2062 vel
1067 2031 1232 2072 querelam
1261 2036 1372 2063 contra
1397 2043 1469 2063 eum
1494 2034 1545 2064 vel
1574 2044 1628 2064 eos
1651 2034 1815 2075 deponere

187 2083 240 2111 aut
261 2081 293 2111 in
317 2081 468 2112 iudicium
493 2092 640 2113 evocare.
678 2082 721 2113 Et
745 2083 979 2114 sentenciatum
1004 2083 1063 2113 fuit
1087 2082 1206 2114 ibidem
1231 2084 1372 2114 omnium
1397 2085 1574 2115 astancium
1599 2085 1815 2126 applaudente

187 2141 356 2163 consensu:
381 2133 463 2174 quod
487 2145 561 2169 non,
586 2137 617 2165 et
640 2135 723 2175 quod
745 2145 803 2176 per
827 2135 1018 2171 scultetum,
1043 2135 1096 2175 qui
1120 2138 1194 2165 tunc
1218 2136 1372 2177 temporis
1396 2136 1529 2177 prefuit,
1554 2147 1616 2178 quo
1641 2136 1724 2167 idem
1749 2137 1815 2167 suis

187 2183 306 2214 iuribus
329 2185 528 2225 privabatur,
560 2189 614 2217 aut
640 2197 698 2228 per
722 2187 871 2218 consules
896 2186 1033 2217 civitatis
1056 2186 1107 2217 vel
1132 2197 1242 2217 eorum
1267 2187 1390 2218 litteras
1416 2191 1470 2218 aut
1493 2198 1551 2229 per
1575 2189 1709 2219 aliorum
1733 2188 1813 2219 fide-

187 2234 350 2275 dignorum
374 2237 590 2268 testimonium
619 2239 670 2269 vel
700 2249 756 2280 per
785 2239 849 2269 alia
879 2248 1068 2280 quecunque
1100 2238 1258 2278 legittima
1288 2238 1482 2270 documenta
1512 2240 1663 2280 probarib
1688 2239 1814 2279 debeat,

187 2286 362 2326 predictum
392 2289 456 2319 suis
487 2300 557 2321 esse
582 2290 742 2331 privatum
765 2290 886 2321 iuribus
919 2294 950 2321 et
979 2290 1174 2332 probacione
1198 2290 1283 2320 facta
1308 2290 1488 2321 huiusmodi
1518 2292 1543 2322 is
1578 2292 1643 2322 suis
1673 2291 1815 2333 privatus

188 2337 305 2392 iuribus
329 2349 389 2370 non
413 2340 515 2381 possit
538 2341 577 2372 de
602 2342 706 2383 aliquo
731 2342 889 2383 querelari
907 2342 957 2372 vel
981 2345 1092 2372 contra
1115 2352 1307 2383 quemquam
1333 2353 1430 2383 agere
1448 2343 1496 2373 vel
1516 2343 1653 2384 aliquem
1679 2344 1709 2373 in
1734 2342 1815 2373 iudi-

189 2397 269 2419 cium
293 2399 437 2422 evocare.
481 2392 691 2424 Presencium
716 2394 901 2424 testimonio
926 2394 1115 2425 litterarum.

269 2439 408 2497 'Datum
434 2443 670 2485 Helicprunue,
696 2445 786 2476 VIII.
810 2444 884 2476 Kal.
910 2444 1016 2486 Sept,
1040 2445 1103 2476 ind.
1125 2444 1209 2484 XII,
1240 2455 1323 2475 anno
1356 2444 1485 2476 Domini
1517 2445 1815 2483 MCCLXXXHII,

189 2499 276 2531 regni
300 2502 374 2523 vero
398 2495 498 2525 nostri
522 2506 604 2527 anno
629 2496 686 2527 XI.

289 2736 352 2766 332.
371 2740 394 2772 8)
413 2741 478 2767 bona
497 2751 516 2767 c.
604 2741 628 2775 b)
647 2744 760 2769 advertat
778 2752 812 2774 c.;
831 2745 864 2777 cf.
883 2754 923 2770 ην,
936 2746 992 2770 265.
1080 2744 1103 2776 ὓ)
1123 2746 1301 2770 disnoscuntur
1321 2754 1340 2770 c.

290 2797 355 2825 363·
374 2800 396 2832 Β)
415 2806 450 2826 nu
469 2811 505 2828 or.
594 2802 617 2834 b)
635 2805 738 2836 prabari
758 2814 794 2829 or.

1563 2854 1611 2881 44⁴³

1838 1945 1895 1967 Aug.
1911 1946 1921 1964 2
1938 1957 1942 1962 .
