2259 3116
314 710 333 723 c.
346 708 363 724 2.

314 1437 364 1454 C.4.

398 145 459 173 495
536 122 538 124 ’
787 138 1044 165 ADOLmREGis
1063 138 1392 165 CONSTITUTIONES.
1436 138 1509 164 1294.
1545 138 1594 163 ΝΥ.
1608 138 1666 164 517.

458 229 556 259 nostri
582 227 688 258 eidem
712 227 781 267 regi
805 227 1025 257 Romanorum
1048 225 1233 266 specialiter
1256 229 1366 255 contra
1390 224 1577 265 Philippum
1601 234 1711 265 regem
1735 224 1870 255 Francie
1896 228 1929 255 et
1957 225 2053 257 here—

459 280 515 310 des
540 290 614 310 suos
639 282 671 309 et
695 279 775 309 alios
799 288 1018 319 quoscumque
1042 278 1204 318 principes
1228 281 1260 307 et
1290 280 1473 317 magnates,
1504 280 1709 306 sacrosancta
1738 276 1886 307 Romana
1916 277 2054 308 ecclesia

459 331 628 361 dumtaxat
653 334 806 371 excepta,
832 331 906 371 quia
930 340 988 370 per
1011 340 1122 370 regem
1147 329 1281 359 Francie
1307 332 1338 359 et
1355 339 1428 358 suos
1447 328 1669 368 progenitores
1687 328 1780 367 bona,
1805 331 1891 358 terre
1909 332 1941 358 et
1957 328 2053 360 feoda

458 389 565 413 nostra
590 386 622 413 et
639 382 904 423 predecessorum
929 385 1109 411 nostrorum
1134 381 1310 411 extiterunt
1335 384 1366 410 et
1390 383 1462 409 sunt
1485 380 1548 409 iam
1569 390 1587 409 a
1604 379 1703 409 multo
1722 383 1868 420 tempore
1886 385 2052 421 occupata,

458 438 608 475 potenter
632 438 664 464 et
688 437 837 474 patenter
864 438 931 464 toto
957 443 1051 474 posse
1076 437 1194 472 nostro,
1220 432 1325 472 quoad
1349 432 1534 469 vixerimus,
1560 434 1592 460 et
1615 430 1753 461 heredes
1778 432 1877 461 nostri
1900 437 1973 472 post
1996 443 2054 463 nos

456 487 641 517 assistemus
664 489 695 516 et
719 486 868 516 assistent
891 489 923 515 et
946 485 1102 515 auxilium
1126 485 1341 525 prestabimus
1366 488 1398 513 et
1422 482 1612 523 prestabunt
1633 483 1749 512 nostris
1767 487 1799 513 et
1817 493 1927 513 eorum
1945 494 2053 524 sump-

456 538 550 577 tibus,
576 537 725 578 periculis
750 540 782 567 et
806 537 956 577 expensis
980 537 1012 566 in
1036 536 1265 576 prosecucione
1290 535 1405 564 iurium
1430 544 1559 564 suorum
1585 539 1617 564 et
1646 534 1832 564 iniuriarum
1862 545 1990 565 suarum
2022 538 2055 566 et

457 590 603 620 similiter
632 590 664 619 in
696 589 945 630 recuperacione
978 588 1148 626 bonorum7
1181 587 1418 627 possessionum
1449 590 1481 615 et
1511 589 1668 615 terrarum
1704 586 1831 626 imperii
1865 597 1924 627 per
1959 597 2053 627 reges

458 641 593 671 Franeie
619 644 858 681 occupatarum.
1094 639 1101 642 “

501 700 528 727 3.
564 696 647 727 Item
673 696 823 727 dixerunt
848 701 879 726 et
903 695 1140 733 ordinaverunt,
1166 694 1251 734 quod
1277 705 1332 723 nos
1358 693 1407 723 vel
1433 692 1570 723 heredes
1595 693 1693 723 nostri
1717 696 1848 734 treugas
1870 693 1920 723 vel
1938 705 2052 734 pacem

457 759 528 778 cum
553 758 630 789 rege
655 747 801 787 Francie,
826 748 925 788 ipsius
953 746 1127 777 heredibus
1159 745 1209 775 vel
1238 745 1437 775 adiutoribus
1466 755 1523 775 seu
1553 744 1623 774 aliis
1652 744 1905 785 quibuscumque
1936 745 2052 776 adver-

455 800 546 830 sariis
582 800 658 830 dicti
687 801 773 840 regis
802 799 1021 830 Romanorum
1051 799 1080 828 in
1111 798 1274 839 premissis
1302 808 1364 826 non
1394 797 1549 826 faciemus
1579 796 1628 826 vel
1659 796 1792 835 facient,
1823 797 1972 827 inibimus
2001 797 2053 828 vel

456 851 581 882 inibunt
616 852 682 882 sine
718 851 931 892 requisicione
964 850 1040 880 dicti
1073 850 1157 889 regis
1190 849 1409 879 Romanorum
1441 852 1472 878 et
1503 848 1601 888 ipsius
1632 847 1797 878 voluntate
1829 852 1861 878 et
1896 859 2052 879 consensu

460 914 624 944 expresso.

501 962 529 990 4.
565 959 649 990 Item
673 959 824 990 dixerunt
849 963 881 989 et
905 958 1142 992 ordinaverunt,
1167 957 1251 998 quod
1277 957 1301 986 si
1327 967 1383 987 nos
1408 956 1459 986 vel
1483 956 1621 986 heredes
1646 961 1770 987 nostros
1799 959 1909 987 contra
1940 967 2052 997 regem

456 1011 592 1042 Fraucie
616 1015 672 1042 aut
695 1011 833 1042 heredes
858 1022 931 1041 suos
956 1021 1013 1040 seu
1036 1010 1145 1040 hostes
1169 1009 1249 1039 alios
1277 1009 1376 1049 ipsius
1407 1008 1492 1048 regis
1523 1008 1742 1039 Romanorum
1774 1009 1917 1039 inimicos
1948 1008 2051 1039 muni—

456 1064 574 1099 ciones,
600 1068 701 1093 terras
726 1066 758 1093 et
785 1066 889 1093 eastra
921 1063 951 1092 in
981 1062 1128 1092 conflictu
1157 1061 1207 1091 vel
1238 1065 1344 1096 extra,
1374 1061 1566 1090 coniunctim
1603 1060 1654 1090 vel
1685 1060 1810 1090 divisim
1842 1061 2052 1101 conquireress

456 1115 636 1155 contigerit,
660 1115 783 1144 lucrum
808 1113 847 1144 de
873 1113 1025 1154 predictis
1050 1117 1082 1143 et
1106 1123 1147 1143 cx
1171 1113 1305 1152 captivis
1330 1115 1362 1142 et
1386 1111 1515 1141 aliunde
1545 1112 1737 1152 proveniens
1767 1123 1824 1142 nos
1853 1116 1885 1142 et
1913 1111 2051 1142 heredes

456 1167 555 1196 nostri
586 1169 617 1196 et
648 1165 734 1196 idem
765 1176 822 1195 rex
854 1165 1073 1195 Romanorum
1107 1164 1265 1204 equaliter
1295 1163 1538 1193 condividemus
1574 1172 1605 1192 et
1640 1164 1838 1203 parcienmr.
1874 1164 1933 1194 nisi
1968 1164 2050 1194 forte

457 1221 560 1247 eastra
586 1221 617 1247 et
641 1217 837 1247 municiones
862 1215 1043 1246 huiusmodi
1068 1219 1099 1245 et
1124 1219 1242 1245 tractus
1267 1220 1423 1245 terrarum
1449 1214 1489 1244 ab
1514 1214 1615 1244 altero
1645 1218 1787 1245 nostrum
1820 1215 1888 1245 iure
1920 1215 2052 1246 dominii

456 1269 507 1299 vel
531 1269 621 1309 quasi
649 1272 704 1299 aut
729 1268 819 1298 titulo
845 1267 931 1298 feodi
949 1267 1183 1297 descenderent
1212 1270 1244 1296 et
1267 1266 1379 1296 haberi
1404 1266 1570 1296 deberent.
1617 1266 1687 1301 Que
1712 1277 1773 1297 non
1798 1267 2050 1307 condividemus,

458 1325 506 1351 set
535 1320 669 1361 quilibet
705 1320 789 1361 quod
824 1330 915 1349 suum
945 1322 993 1349 est
1029 1319 1079 1349 vel
1109 1329 1179 1349 esse
1209 1318 1360 1353 deberet,
1397 1329 1455 1358 per
1484 1329 1517 1348 se
1547 1318 1633 1348 solus
1662 1318 1813 1349 retinebit
1838 1324 1870 1349 et
1894 1319 1932 1349 ad
1959 1330 2050 1350 suum

457 1383 589 1413 reguum
615 1376 647 1402 et
671 1372 847 1402 dominium
871 1371 1044 1401 revocabit.

499 1432 527 1458 5.
564 1428 645 1458 Item
675 1427 824 1457 dixerunt
854 1432 886 1457 et
913 1427 1153 1463 ordimweruut,
1189 1426 1273 1467 quod
1298 1427 1323 1456 si
1353 1427 1604 1467 presumptuosi,
1634 1426 1827 1466 quicumque
1852 1427 1913 1457 sint
1942 1427 1987 1457 illi
2017 1428 2048 1457 in

456 1491 553 1518 regno
589 1483 694 1510 nostro
731 1479 847 1519 Anglie
882 1479 1058 1517 constituti,
1095 1479 1149 1518 qui
1180 1479 1346 1508 occasione
1377 1477 1624 1518 stipendiorum,
1656 1477 1787 1514 favoris,
1819 1479 1963 1509 amicicie
1994 1482 2049 1509 aut

455 1533 553 1571 gratis
580 1532 647 1571 regi
670 1530 805 1561 Franeie
830 1530 881 1560 vel
906 1530 1080 1560 heredibus
1112 1530 1176 1559 suis
1207 1535 1262 1559 aut
1291 1529 1361 1560 aliis
1389 1530 1523 1559 inimicis
1552 1530 1637 1569 regis
1666 1529 1801 1569 predicti
1830 1529 2048 1561 Romanorum

455 1585 485 1613 in
511 1583 754 1623 recuperatione
780 1583 1006 1623 premissorum
1031 1581 1185 1611 auxilium
1202 1582 1401 1622 prestiterint
1419 1584 1450 1611 et
1466 1582 1626 1617 iuvamenq
1652 1592 1708 1611 nos
1726 1586 1757 1611 et
1774 1581 1911 1611 heredes
1929 1582 2047 1612 nostri*

454 1646 607 1676 personas
632 1645 741 1665 eorum
766 1645 837 1664 eum
862 1634 1078 1674 publicatione
1103 1634 1244 1664 omnium
1270 1633 1423 1664 bonorum
1447 1644 1575 1663 suorum
1601 1634 1668 1663 sine
1694 1644 1749 1674 spe
1776 1634 1992 1664 revocaeionis
2017 1638 2049 1664 et

455 1688 557 1727 gratie
583 1690 740 1727 perpetuo
766 1686 982 1726 relegabimus
1006 1686 1057 1715 vel
1082 1685 1282 1725 relcgabunt.
1331 1685 1435 1720 Quam
1460 1695 1576 1725 penam
1601 1684 1641 1714 ad
1670 1685 1741 1715 illos
1770 1685 1904 1716 dicimus
1935 1690 2047 1715 exten-

455 1739 608 1769 dendam.
644 1738 696 1778 qui
725 1738 892 1768 occasione
922 1742 954 1767 et
977 1748 1019 1767 ex
1049 1748 1145 1767 eausa
1176 1737 1334 1767 discordie
1371 1737 1498 1777 litisque
1530 1742 1616 1766 mote
1644 1737 1734 1767 inter
1762 1737 1980 1767 Romanorum
2016 1740 2047 1767 et

456 1790 589 1820 Franci«-
624 1800 716 1828 reges
750 1789 869 1819 amieos
905 1792 937 1818 et
969 1788 1177 1818 auxiliatores
1207 1791 1272 1818 tam
1302 1792 1424 1818 nostros
1456 1791 1487 1818 et
1516 1787 1672 1818 heredum
1702 1787 1920 1830 nosti-[orbim.
1951 1799 2047 1829 quam

456 1842 553 1881 ipsius
579 1842 661 1879 regis
687 1841 904 1871 Romanorum
930 1841 1102 1870 invaserint
1127 1843 1159 1870 ct
1187 1840 1308 1870 directe
1338 1840 1389 1870 vel
1414 1839 1568 1870 indirecte
1586 1840 1799 1879 turbaverint,
1825 1841 1992 1881 quominus
2016 1841 2047 1870 in

456 1893 610 1922 auxilium
636 1897 775 1922 nostium
802 1896 834 1922 et
862 1892 1017 1922 heredum
1046 1896 1225 1922 nostrorum
1255 1903 1291 1921 ac
1321 1891 1466 1922 eiusdem
1495 1892 1580 1931 regis
1607 1891 1826 1922 Romanorum
1858 1892 1985 1922 valeant
2013 1902 2046 1922 se

459 1945 639 1974 transferre.

503 2004 530 2030 ti,
570 2000 617 2029 Ad
644 2001 795 2030 maiorem
823 2001 919 2030 otiam
945 2001 1151 2030 s‹=0111·itate111
1176 2004 1207 2029 et
1224 2000 1488 2030 observacionem
1506 2000 1719 2030 ordinm-ionis
1736 2000 1880 2040 predicte
1899 2000 2047 2031 dixerunt

457 2059 486 2081 ct
513 2051 753 2082 ordinaverunt.
784 2052 868 2092 quod
894 2063 950 2081 nos
975 2063 1030 2092 pro
1056 2052 1147 2081 nobis
1171 2055 1202 2081 et
1226 2051 1400 2081 heredibus
1425 2052 1540 2081 nostris
1563 2051 1658 2081 fidem
1685 2058 1829 2091 prestare
1856 2052 2046 2082 deberemus

457 2103 655 2143 corporalem
683 2111 713 2132 et
739 2103 823 2143 qnod
850 2103 1072 2133 unfhilominns
1097 2103 1172 2133 dieti
1197 2103 1469 2143 archiepiscopus,
1495 2113 1602 2133 eomes
1627 2108 1659 2133 et
1684 2103 1779 2143 Hugo
1806 2103 1853 2133 vel
1880 2104 1931 2133 alii
1962 2104 2045 2134 iura-

457 2160 597 2184 mentum
623 2156 652 2184 in
678 2156 814 2184 animam
845 2158 983 2185 nostram
1014 2166 1110 2195 snper
1137 2156 1227 2184 tirma
1259 2155 1488 2184 observacione
1520 2154 1794 2184 confodei-arionis
1824 2161 1855 2185 et
1883 2154 2045 2197 ami[ei]tie

457 2206 636 2236 huiusmodi
673 2208 733 2235 iam
771 2207 937 2246 prestitum
967 2207 996 2236 in
1023 2207 1188 2246 prestun-ia
1219 2210 1340 2242 nostra,
1367 2205 1441 2236 dum
1467 2207 1665 2246 oportunitas
1695 2206 1805 2238 fuerit.
1841 2207 2045 2244 innovabunt,

458 2257 541 2297 quod
568 2269 623 2287 nos
647 2265 677 2287 et
703 2258 839 2287 hert-des
863 2259 960 2287 nostri
986 2259 1091 2288 onmia
1121 2263 1152 2287 et
1175 2257 1299 2297 singula
1328 2257 1486 2298 predicta,
1516 2269 1610 2298 quam
1637 2258 1691 2288 diu
1719 2258 1822 2288 dictus
1846 2269 1902 2288 rex
1927 2258 2045 2289 Rolna-

457 2320 566 2339 norum
595 2310 723 2347 vixerit,
749 2309 887 2339 fideliter
919 2309 1160 2340 observabimus
1193 2313 1225 2339 et
1250 2310 1350 2339 eciam
1382 2310 1516 2349 imperio
1543 2314 1614 2349 post
1638 2310 1735 2350 ipsius
1758 2311 1844 2350 regis
1868 2310 2044 2349 decessum,

458 2361 532 2390 dum
552 2367 657 2390 tamen
683 2361 745 2395 ille,
771 2361 823 2401 qui
842 2361 960 2400 preerit
983 2372 1081 2401 regno
1107 2361 1156 2390 vel
1174 2361 1319 2401 imperio,
1346 2361 1475 2391 easdem
1502 2361 1666 2401 pactiones
1691 2362 1781 2392 nobis
1807 2361 1856 2392 vel
1875 2361 2045 2392 heredibus

459 2413 573 2442 nostris
598 2412 726 2451 regibus
752 2412 866 2451 Aug-liv
892 2413 1020 2442 innovet
1045 2417 1076 2442 et
1101 2412 1259 2443 observet.

503 2475 528 2502 7.
567 2472 602 2502 l¹lt
635 2472 857 2503 nichilominus
886 2484 942 2512 pro
972 2473 1062 2502 nobis
1093 2476 1124 2502 et
1153 2472 1326 2502 heredibus
1355 2473 1469 2503 nostris
1497 2478 1638 2503 nostrum
1669 2473 1882 2504 voluntarium
1911 2473 2043 2503 adhibe-

458 2525 560 2554 bimus
589 2535 791 2563 consensum,
823 2524 907 2564 quod
937 2525 1095 2564 principes
1125 2525 1214 2563 regni
1243 2525 1354 2560 nostri,
1384 2535 1517 2564 quorum
1547 2526 1639 2564 eopia
1669 2529 1700 2555 et
1729 2536 1899 2555 consensus
1934 2524 2043 2555 haberi

459 2580 622 2616 poterunt,
658 2587 728 2606 cum
767 2576 1002 2616 protestacione
1038 2586 1094 2605 sua
1130 2577 1263 2605 servicia
1299 2576 1389 2606 nobis
1425 2580 1457 2606 et
1490 2576 1663 2607 heredibus
1699 2577 1812 2607 nostris
1846 2576 2042 2614 subtrahent,

458 2639 553 2668 qnam
579 2628 632 2658 diu
663 2628 895 2657 convenciones
924 2638 994 2657 eum
1020 2627 1105 2657 dicto
1138 2638 1213 2667 rege
1246 2627 1461 2658 Romanorum
1491 2629 1583 2658 initas
1613 2639 1674 2659 non
1703 2629 1935 2659 servaverimus
1959 2625 2042 2668 quod

459 2679 552 2710 absit.
579 2679 775 2719 obligatione
794 2679 1015 2709 nichilominus
1034 2679 1178 2718 predicta
1205 2679 1232 2708 in
1251 2690 1306 2709 sno
1325 2679 1439 2709 robore
1459 2679 1619 2710 duratura.
1659 2680 1744 2710 Dicti
1768 2681 1863 2710 etiam
1885 2679 2042 2720 principes

499 2773 562 2799 ΓΙΙῙ.
584 2780 605 2802 ³¹)
626 2775 774 2806 conquirere
794 2784 860 2798 corin
882 2783 911 2797 (ιι-
931 2775 1062 2805 adquirere
1085 2774 1112 2798 li'.
1202 2773 1225 2794 b,
1246 2784 1312 2799 corr.
1334 2784 1363 2798 ι’,ιτ
1383 2776 1475 2799 nostris
1499 2775 1526 2798 li'r

2071 702 2095 719 10

2071 968 2094 986 15

2069 1225 2093 1243 20

2067 1492 2090 1511 25

2066 1750 2090 1769 30

2065 2012 2088 2031 ³5

2063 2270 2088 2288 40

2062 2534 2085 2552 ⁴5
