2259 3116
445 151 504 180 ‘216
786 148 942 175 RUDOLFI
962 148 1066 175 REGIS
1085 147 1407 174 CONSTITUTIONEs.
1448 147 1520 173 1279.
1557 146 1604 172 Nr.
1617 146 1674 172 226.
1687 145 1746 172 227.

444 236 577 266 aliorum
602 236 833 277 imperatorum
857 239 889 266 et
913 246 1024 277 regum
1048 235 1266 266 Romanorum
1290 235 1554 276 predecessorum
1579 234 1665 275 regis
1695 232 1838 264 eiusdem
1864 242 1958 274 quam
1983 232 2082 274 ipsius

444 288 544 328 regis,
572 291 604 318 et
628 288 813 329 specialiter
838 298 935 329 super
958 287 1113 318 fidelitate
1143 287 1340 326 obedientia,
1373 285 1616 317 honorificentia
1645 288 1676 316 et
1706 284 1890 315 reverentia
1923 294 1983 326 per
2015 283 2081 315 Ro-

444 340 579 370 manosb
610 339 822 381 imperatores
856 343 887 370 et
918 350 1012 380 reges
1046 338 1223 369 Romanisb
1251 338 1457 380 pontificibus
1487 341 1519 368 et
1548 337 1607 378 ipsi
1632 336 1770 367 ecclesie
1795 335 2021 378 impendendis
2045 346 2082 367 ac

444 391 719 432 possessionibus,
754 391 929 422 honoribus
954 394 985 421 et
1010 390 1131 421 iuribus
1155 389 1300 421 eiusdem
1325 390 1478 427 ecclesie,
1505 392 1536 419 et
1559 388 1749 419 nominatim
1774 398 1871 429 super
1895 390 1963 419 tota
1987 390 2082 427 terra,

445 453 505 484 que
530 446 579 473 est
603 443 621 473 a
645 442 845 473 Radicofano
869 453 969 484 usque
995 441 1207 483 Ceperanum,
1232 441 1375 472 marchia
1399 441 1617 479 Anconitana,
1642 440 1761 470 ducatu
1785 439 1973 481 Spoletano,
1997 442 2083 470 terra

444 494 606 525 comitisse
631 494 789 533 Matildis,
819 494 948 525 civitate
972 494 1129 525 Rauenne
1160 497 1192 523 et
1216 493 1347 532 Emilia,
1376 492 1490 531 Bobio,
1520 492 1661 528 Cesena,
1690 491 1900 533 Foropopuli,
1930 491 2082 530 Forliuio‚

444 545 612 584 Fauentia,
637 545 762 583 Ymola,
788 539 944 583 Bononia,
962 545 1119 582 Ferraria,
1139 544 1301 582 ComaclO,
1319 544 1472 575 Adrianis
1497 546 1593 585 atque
1612 543 1759 582 Gabello,
1779 543 1935 580 Arimino,
1949 542 2083 582 Vrbino,

445 597 683 633 Monteferetri,
714 597 874 627 territorio
900 597 1069 631 Balnensi,
1101 597 1254 627 comitatu
1278 596 1494 633 Brectenorii‚
1525 598 1679 626 exarcatu
1703 594 1876 633 Rauenne,
1901 594 2082 636 Pentapoli,

444 649 553 680 Massa
576 648 731 680 Trabaria
758 660 829 679 cum
854 649 1076 679 adiacentibus
1102 649 1194 678 terris
1218 652 1249 678 et
1274 648 1421 678 omnibus
1446 648 1516 678 aliis
1543 647 1581 678 ad
1607 646 1785 689 predictam
1815 646 1986 677 ecclesiam
2009 656 2082 688 per-

444 701 621 731 tinentibus
647 711 716 731 cum
742 701 890 731 omnibus
914 701 1041 737 finibus,
1066 700 1233 731 territoriis
1258 703 1353 741 atque
1378 700 1490 730 insulis
1514 700 1545 730 in
1571 703 1656 730 terra
1673 699 1815 739 marique
1834 698 1874 729 ad
1892 698 2082 740 provincias,

444 753 604 792 civitates,
629 753 788 783 territoria
815 756 846 783 et
871 753 941 783 loca
967 752 1110 794 predicta
1140 762 1268 793 quoquo
1292 751 1385 782 modo
1417 751 1650 793 spectantibus,
1684 760 1809 782 necnon
1833 761 1930 792 super
1955 749 2083 781 civitate

445 804 592 835 Romana
616 807 648 835 et
672 815 770 845 regno
795 804 904 835 Sicilie
930 814 1000 834 cum
1027 804 1173 834 omnibus
1203 804 1242 834 ad
1271 804 1374 845 ipsam
1400 803 1620 845 spectantibus
1651 806 1715 833 tam
1744 802 1825 833 citra
1847 801 1966 832 Farum
1991 811 2084 843 quam

445 856 539 895 ultra,
564 856 695 887 Corsica
719 866 845 897 quoquc
870 859 966 897 atque
992 856 1142 887 Sardinia
1174 859 1207 887 et
1239 856 1355 886 ceteris
1383 856 1476 886 terris
1508 866 1545 886 ac
1575 855 1698 885 iuribus
1724 854 1764 884 ad
1788 854 1889 896 ipsam
1914 853 2084 884 ecclesiam

445 908 680 950 pertinentibus
706 918 761 938 nos
786 908 884 938 nostri
912 908 1040 938 nomine
1064 908 1264 950 principatus
1289 908 1320 938 in
1346 907 1493 938 omnibus
1527 910 1559 938 et
1588 917 1645 948 per
1675 906 1784 937 onmia
1812 905 2029 948 approbamus
2053 908 2085 936 et

444 960 639 990 ratificamus
676 970 712 990 ac
744 959 864 990 eisdem
898 959 1045 990 omnibus
1077 962 1109 990 et
1139 959 1272 1000 singulis
1306 962 1337 989 et
1367 958 1623 1000 quibuscumque
1654 958 1724 989 aliis
1755 967 1852 999 super
1882 956 2003 988 eisdem
2027 966 2084 998 per

446 1011 581 1042 eundem
601 1022 710 1052 regem
736 1021 862 1052 quoquo
881 1011 974 1041 modo
1000 1011 1092 1042 factis
1117 1015 1149 1042 et
1174 1011 1204 1041 in
1222 1014 1386 1052 posterum
1404 1010 1562 1041 faciendis
1580 1010 1776 1041 voluntatem
1793 1012 1947 1047 nostram,
1971 1019 2082 1040 assen-

446 1073 515 1093 sum
540 1066 634 1104 atque
659 1073 848 1093 consensum
875 1066 987 1104 sponte
1013 1074 1049 1093 ac
1067 1063 1349 1093 inrevocabiliterc
1367 1062 1557 1093 exhibemus
1576 1065 1608 1093 et
1625 1061 1850 1104 promittimus,
1875 1060 1958 1102 quod
1976 1063 2083 1091 contra

445 1115 604 1156 premissa
629 1115 679 1146 vel
703 1114 832 1156 aliquod
856 1115 1083 1156 premissorum
1108 1114 1194 1145 nullo
1218 1125 1358 1155 unquam
1384 1117 1529 1155 tempore
1555 1114 1738 1151 veniemus,
1768 1113 1823 1144 sed
1855 1123 1893 1144 ea
1923 1113 2029 1143 omnia
2052 1115 2084 1143 et

445 1167 573 1207 singula
607 1177 663 1208 pro
698 1177 793 1208 posse
829 1170 939 1197 nostro
974 1166 1215 1208 procurabimus
1251 1166 1479 1197 inviolabiliter
1515 1166 1690 1197 observari.
1742 1165 1784 1196 Et
1820 1167 1856 1196 ut
1885 1165 1946 1196 hec
1975 1166 2083 1195 nostra

445 1218 608 1257 voluntas,
642 1219 847 1260 approbatio.
877 1219 1059 1256 ratificatio,
1086 1229 1254 1253 assensus,
1279 1228 1456 1249 consensus
1484 1222 1580 1259 atque
1606 1218 1773 1259 promissio
1798 1217 1817 1248 a
1841 1217 1933 1248 nobis
1958 1215 2079 1248 eisdem
2109 1228 2119 1246 2

445 1270 598 1300 Romanis
622 1270 825 1311 pontificibus
850 1274 882 1301 et
907 1271 1041 1301 ecclesie
1066 1270 1097 1301 in
1123 1274 1313 1312 perpetuum
1338 1270 1560 1308 observentur,
1585 1270 1644 1301 hoc
1670 1279 1805 1311 presens
1830 1268 1984 1310 scriptum
2008 1267 2082 1299 inde

445 1321 513 1352 ficri
536 1322 672 1352 fecimus
697 1321 816 1352 nostrid
841 1322 938 1363 sigilli
962 1322 1136 1353 munimine
1160 1322 1356 1353 roboratum.

552 1374 624 1405 Act.
641 1377 673 1404 et
696 1373 759 1404 dat.
785 1384 867 1404 anno
886 1374 1016 1404 Domini
1041 1375 1211 1405 millesimo
1231 1373 1283 1405 CO
1302 1374 1543 1415 septuagesimo
1569 1384 1663 1411 nono,
1688 1372 1799 1403 XIIII.
1817 1372 1933 1404 Kalen.
1952 1372 2081 1414 Aprilis,

444 1424 616 1455 indictione
640 1424 716 1464 VII,
741 1428 895 1466 regnante
920 1426 1047 1457 domino
1072 1429 1179 1456 nostro
1203 1425 1348 1467 predicto
1373 1425 1500 1457 domino
1526 1425 1563 1457 R.
1590 1425 1806 1456 Romanorum
1831 1435 1907 1466 rege
1931 1424 2081 1466 glori080‚

444 1477 534 1517 regni
558 1477 625 1507 cius
650 1487 733 1507 anno
759 1481 860 1508 sexto.

481 1622 557 1654 227.
582 1623 821 1654 LITTERAE
844 1624 1104 1656 CONSIa'NiS'Us
1128 1625 1301 1657 DHCFM
1321 1625 1563 1656 SAA'ONIAE
1583 1624 1861 1656 SEPARATJM
1879 1623 2045 1655 DATAE.

1120 1678 1209 1708 LEW).
1248 1677 1349 1708 Mra-t.
1368 1678 1416 1707 19.

552 1735 779 1774 Aulojymphon
802 1737 937 1767 rins-«lma
954 1737 1105 1767 stabularii
1121 1738 1210 1769 Arm.
1231 1738 1256 1767 (ἵ
1273 1738 1355 1778 fasc.
1373 1740 1415 1768 37
1439 1748 1485 1768 nr.
1503 1738 1524 1767 2
1547 1737 1711 1776 descripsit
1726 1737 1844 1768 Kellr¹.
1886 1737 1985 1769 Caius
1999 1735 2082 1777 sigil-

447 1787 511 1817 lum
529 1787 616 1825 plima
640 1787 749 1818 avulsa
767 1789 874 1826 prriit.
922 1789 1028 1827 Neque
1051 1800 1119 1819 vern
1142 1790 1310 1829 quicqmmz
1333 1792 1386 1826 esf,
1411 1800 1468 1819 cur
1492 1789 1526 1819 (lc
1550 1788 1717 1827 diplomate
1741 1789 1812 1819 olim
1836 1788 1971 1828 sissillato
1994 1788 2080 1819 dubi-

445 1841 551 1869 [rmus.
598 1838 777 1869 Edidcremt
803 1840 916 1878 intrare
939 1840 1032 1879 Rom)
1055 1841 1073 1871 l.
1092 1853 1115 1871 ι’.
1144 1841 1212 1878 ΙΙΙ,
1231 1843 1248 1870 1
1266 1852 1299 1880 p.
1316 1843 1378 1871 295
1402 1852 1450 1871 nr.
1470 1841 1487 1869 :3
1512 1844 1539 1871 ct
1566 1841 1596 1871 in
1616 1840 1724 1881 ferma
1746 1841 1924 1872 abbreviata
1951 1840 2088 1871 leel'ncr'

446 1890 464 1921 l.
481 1902 505 1921 ι’.
529 1891 554 1926 Ι,
570 1893 633 1920 218
659 1891 716 1921 secl»
745 1902 793 1922 ην,
815 1892 886 1921 fistft.
926 1892 1084 1930 Set-[plum
1112 1896 1155 1923 cst
1182 1894 1220 1923 ab
1248 1894 1369 1924 homine
1395 1893 1492 1930 Itale:
1522 1894 1591 1923 item
1622 1893 1787 1924 coneordat
1811 1904 1880 1924 eum¹
1904 1892 2082 1926 lectionilms

445 1941 633 1980 anlogsra]›lti
658 1944 674 1972 2
698 1952 795 1980 supra
820 1952 866 1972 ar.
883 1944 954 1972 2:35.
1005 1943 1054 1983 Cf.
1079 1944 1223 1981 Belenum,
1242 1944 1315 1984 Rfy.
1334 1945 1405 1983 imp.
1430 1944 1482 1981 Vl,
1498 1945 1588 1975 1075.
1793 1944 1846 1984 (P.
1871 1945 1990 1981 decsffst

554 2027 714 2058 lohannes
741 2033 772 2059 et
789 2028 942 2059 Albertus
968 2030 1082 2060 fratres
1101 2030 1201 2061 (luces
1220 2030 1361 2061 Saxonie
1387 2031 1545 2061 universis
1570 2034 1753 2072 presentem
1779 2031 1929 2072 paginam
1955 2031 2079 2072 inspec-

447 2079 524 2109 turis
550 2079 685 2109 salutem
712 2080 741 2109 iu
766 2090 812 2117 eo,
838 2081 890 2120 qui
916 2084 966 2111 cst
991 2082 1130 2111 omnium
1156 2093 1231 2112 vera
1255 2083 1353 2113 salus.

554 2131 780 2172 (lonqileetens
806 2131 844 2161 ab
869 2132 941 2162 olim
968 2133 1027 2163 sibi
1045 2133 1192 2163 Romana¹
1209 2138 1311 2164 mater
1329 2134 1469 2165 ccclesia
1493 2134 1631 2175 quadam
1656 2135 1746 2176 quasi
1771 2145 1924 2175 germana
1949 2133 2079 2164 caritate

447 2182 661 2219 (clermauiam,
687 2183 772 2213 illam
797 2195 833 2213 eo
858 2187 984 2214 terreno
1010 2184 1177 2223 dignitatis
1204 2186 1331 2216 nomine
1358 2185 1531 2223 decoravit,
1557 2186 1640 2227 quod
1660 2190 1707 2217 cst
1732 2196 1827 2228 super
1850 2197 1942 2217 omne
1966 2195 2079 2216 nomen

447 2233 666 2273 temporaliter
704 2238 825 2265 tantum
862 2235 1091 2276 presidentium
1128 2248 1224 2278 super
1261 2240 1393 2275 terram,
1427 2238 1575 2279 plantans
1607 2238 1637 2269 in
1670 2249 1708 2269 ca
1738 2238 1900 2280 principes
1930 2241 2078 2278 tanquam

447 2285 578 2315 arbores
604 2286 782 2326 preelectus
808 2292 839 2317 et.
865 2287 970 2327 rigans
997 2288 1082 2328 ipsas
1107 2289 1208 2329 gratia
1234 2289 1398 2329 singulari,
1425 2289 1501 2319 illud
1520 2290 1566 2320 eis
1584 2290 1672 2320 dedit
1688 2291 1921 2320 incrementum
1940 2286 2077 2319 mirande

447 2337 599 2376 potentie,
618 2340 651 2367 nt
677 2338 776 2378 ipsius
802 2339 939 2369 ecclesie
964 2340 1155 2370 auctoritate
1182 2341 1301 2371 suffulti
1328 2341 1415 2371 velut
1439 2352 1570 2381 germen
1597 2342 1733 2373 electum
1758 2351 1815 2383 pcr
1838 2342 1979 2382 ipsorum
1996 2339 2076 2370 elce-

446 2388 563 2417 tionem
589 2389 686 2421 illum,
713 2390 763 2430 qui
790 2391 878 2420 frena
907 2391 1039 2421 Romani
1065 2396 1190 2423 teneret
1215 2392 1355 2433 imperii,
1387 2393 1615 2433 germinarent.
1661 2394 1723 2424 IIic
1752 2397 1802 2424 est
1826 2392 1901 2424 illud
1926 2392 2076 2423 luminare

447 2440 550 2490 miuus
576 2440 604 2469 in
624 2441 821 2471 firmamento
841 2442 1005 2473 militantis
1026 2444 1162 2474 ecclesie
1188 2455 1242 2485 per
1260 2445 1414 2475 luminare
1434 2446 1546 2483 maius,
1565 2445 1682 2476 Christi
1700 2445 1863 2484 vicarium,
1879 2444 2076 2475 illustratum.

447 2490 506 2519 lli(¹
532 2494 581 2520 cst
606 2492 656 2532 qui
683 2493 880 2522 materialem
906 2494 1046 2532 gladium
1071 2495 1110 2525 ad
1137 2496 1235 2535 ipsius
1261 2499 1371 2526 nutum
1397 2497 1518 2527 excutit
1544 2501 1576 2527 et
1602 2497 1770 2534 convertit,
1795 2500 1829 2527 ut
1851 2497 1918 2527 eius
1942 2493 2076 2536 presidio

447 2547 609 2582 pastorum
644 2548 753 2583 pastor
788 2545 914 2575 adiutus
952 2557 1026 2575 oves
1055 2546 1114 2576 sibi
1145 2547 1282 2577 ereditas
1314 2548 1470 2588 spirituali
1501 2548 1607 2587 gladio
1643 2548 1840 2589 protegendo
1877 2545 2076 2582 communiat,

448 2594 613 2635 temporali
640 2595 780 2625 refrenet
807 2601 838 2625 ct
864 2597 999 2635 corrigat
1024 2598 1063 2627 ad
1089 2598 1258 2628 vindictam
1284 2600 1540 2639 malefactorum,
1574 2600 1701 2631 laudem
1726 2610 1802 2631 vcro
1827 2598 2023 2630 credentium
2045 2598 2077 2627 ct

548 2687 599 2711 -ΜΓ

549 2705 582 2712 ....
595 2700 612 2712 ».
633 2694 653 2711 ι’)
674 2693 761 2720 sponte
780 2699 808 2712 ae
829 2690 1030 2715 i=·1·cv··‹›:1¹‚ilitm·
1049 2692 1073 2715 [ιι
1095 2701 1187 2716 rasura
1207 2702 1259 2718 iun:
1283 2695 1315 2725 rs.
1337 2703 1375 2718 ην,
1392 2697 1451 2718 225.
1565 2694 1589 2726 d)
1609 2696 1719 2727 sequitur
1739 2703 1832 2720 rasura
1851 2702 1904 2722 οι·.,·
1927 2694 1960 2725 cs.
1980 2692 2074 2717 ibidem.
2099 2696 2121 2715 1⁵
2160 2681 2164 2721 ξ

552 2765 573 2794 l)
600 2764 624 2790 V.
645 2764 742 2789 uveam
763 2765 866 2791 ,lvonis-¹
890 2766 966 2798 XIV,
983 2771 1033 2791 :ism
1054 2775 1092 2793 nr.
1108 2772 1146 2793 w,

2111 708 2133 727 10

2111 966 2133 985 15

2108 1485 2131 1506 25

2107 1852 2130 1871 30
