2259 3164
122 691 145 708 10

121 1003 143 1022 15

121 1268 146 1287 20

122 1549 145 1567 25

122 1806 146 1825 30

122 2065 145 2083 35

520 131 651 157 ADOLFI
671 130 775 156 REGIS
795 130 1118 157 CONSTITUTIONES.
1159 133 1230 158 1292.
1270 133 1315 158 ΝΥ.
1329 134 1388 159 476.
1408 134 1466 159 477.
1753 137 1814 165 465

166 221 315 259 spectans
340 221 372 248 et
394 218 579 258 imperium,
605 221 637 248 et
660 217 791 258 opidum
815 217 1051 258 Esehenwege,
1076 219 1160 258 quod
1186 219 1269 249 idem
1295 220 1489 260 lantgravius
1514 232 1585 251 cum
1610 221 1814 261 pertinenciis

164 272 197 300 et
219 270 340 300 iuribus
363 269 438 307 suis,
463 268 504 299 ad
527 279 560 299 se
585 269 677 299 titulo
702 269 908 308 proprietatis
932 269 1106 309 pertinens,
1131 273 1165 299 ut
1189 269 1327 309 dicebat,
1352 272 1383 301 in
1407 272 1520 301 nostris
1543 272 1690 302 manibus
1712 272 1813 302 libere

163 321 350 361 resignavit,
384 330 456 350 cum
489 319 635 350 omnibus
665 319 786 350 iuribus
816 323 848 350 et
876 320 1081 360 pertinenciis
1106 331 1230 360 eorum,
1261 323 1514 361 possessionibus
1538 323 1589 353 vel
1613 324 1718 364 quasi„
1747 324 1813 353 sive

164 373 225 402 sint
254 373 285 402 in
310 372 394 413 agris
418 371 510 401 cultis
533 371 584 401 vel
608 382 669 401 non
695 371 801 406 cultis,
830 371 1029 409 nemoribus,
1059 372 1193 412 campis,
1218 374 1357 412 pascuis„
1386 374 1500 409 vineis,
1532 376 1646 414 pratis,
1675 376 1814 415 piscinis,

163 424 254 464 aquis
287 433 482 464 aquarumve
508 422 693 453 decursibus
725 427 756 452 et
784 422 980 463 generaliter
1004 422 1088 462 aliis,
1120 434 1320 464 quocumque
1348 426 1475 455 nomine
1504 430 1708 465 censeantur,
1739 437 1812 457 con—

163 475 315 505 cessimus
339 478 372 505 et
395 475 600 510 contulimus,
626 473 872 516 concedi[1nus]‘¹
899 478 930 504 et
954 475 1146 505 conferimus
1171 486 1228 515 per
1252 482 1428 516 presentes,
1452 482 1486 507 ut
1510 477 1549 507 ab
1574 479 1642 518 ipso
1669 502 1674 508 .
1700 502 1706 508 .
1731 478 1813 508 lant—

163 527 272 567 gravio
297 530 329 557 et
352 526 525 557 heredibus
549 527 612 557 suis
642 527 760 567 iugiter
783 530 953 556 teneantur
978 530 1010 557 et
1033 526 1259 567 possideantur
1283 538 1300 557 a
1325 528 1414 558 nobis
1438 539 1561 559 necnon
1586 554 1591 559 .
1620 554 1624 558 .
1650 540 1812 559 successo-

162 577 250 608 ribus
274 577 429 620 [n]ostris‘¹
454 579 485 608 in
510 588 608 618 regno
632 577 850 608 Romanorum
876 582 908 607 et
931 588 949 608 a
974 588 1063 608 sacro
1088 579 1223 618 imperio
1248 579 1279 608 in
1303 579 1433 609 feodum
1457 581 1583 610 nomine
1608 581 1812 621 principatus,

164 630 313 670 quodque
337 629 422 660 idem
448 629 642 670 lantgravius
674 634 706 659 et
733 630 781 659 sui
809 629 946 659 heredes
979 629 1163 669 specialiter
1186 630 1313 659 racione
1339 630 1553 670 predictarum
1578 632 1812 672 possessionum

166 684 198 711 et
221 681 376 711 bonorum
400 692 456 721 pro
474 681 668 721 principibus
685 680 865 710 habeantur
882 686 913 710 et
937 680 1073 710 radeant
1096 681 1253 711 nitoribus
1271 681 1496 722 gaudeantque
1522 683 1689 723 suffragiis,
1713 683 1812 713 hono-

164 732 251 763 ribus
275 743 311 762 ac
335 732 512 772 privilegiis
533 732 738 773 principatus.
829 732 865 761 In
891 732 979 762 cuius
1002 732 1049 762 rei
1074 733 1290 763 testimonium
1307 736 1473 773 presentes
1497 734 1620 764 litteras
1643 735 1711 764 fieri
1735 734 1813 765 feci-

163 795 232 815 mus
257 788 289 814 et
310 784 488 814 maiestatis
512 788 617 814 nostre
643 783 738 823 sigilli
763 784 936 814 munimine
962 783 1115 813 roborari.

265 835 340 866 Dat.
362 838 393 865 et
418 838 524 865 actum
548 835 633 875 apud
651 835 926 870 Frankenvorthe,
951 834 990 865 V.
1008 834 1084 865 Idus
1102 835 1187 870 Maiiq
1213 846 1294 866 anno
1312 835 1441 866 Domini
1465 837 1633 867 millesimo
1659 837 1812 868 ducente-

164 888 242 917 simo
267 888 474 927 nonogesimo
498 887 649 926 secundo,
673 887 785 917 indice⁴
813 887 932 927 quinta‚
957 887 1047 928 regni
1072 898 1146 917 vero
1171 888 1269 917 nostri
1294 898 1374 917 anno
1398 888 1511 928 primo.

357 989 433 1026 475.
472 989 737 1021 CONSENSUS
760 989 1053 1021 ELECTORUM
1070 990 1354 1025 MOGUNTINL
1382 990 1614 1027 PALATJNI,

654 1040 846 1072 OTTONJS
871 1042 975 1074 CUM
996 1042 1122 1072 TELO.
1169 1042 1251 1073 Mai.
1272 1044 1320 1072 10.

268 1101 462 1140 Propouilur
488 1112 526 1131 er
562 1102 589 1141 l)
615 1101 803 1140 Illoymztivzo
834 1102 1013 1141 cwemplari,
1044 1103 1135 1133 cuius
1166 1102 1303 1141 siyillzcm
1337 1102 1454 1133 laesum
1481 1103 1612 1141 pendet:
1646 1104 1735 1133 dorso
1768 1104 1813 1133 ι’)ι-

162 1154 314 1192 scriptum
339 1156 383 1183 est
406 1164 504 1183 manu
527 1164 639 1183 coaeva
664 1153 798 1190 Quarta;

268 1205 298 1244 2)
323 1204 494 1243 exemplari
516 1205 637 1235 comitis
654 1205 816 1242 Ραῖαίιῗηίς
840 1205 977 1244 siyillmn
1001 1205 1120 1236 laesum
1142 1206 1254 1244 pendet
1275 1206 1339 1245 silis
1362 1207 1485 1240 sericis:
1508 1207 1543 1237 ‘in
1559 1217 1644 1237 verso
1660 1207 1813 1244 scriptam

164 1259 208 1287 est
231 1266 330 1287 manu
353 1267 463 1287 coaeva
486 1256 593 1293 Nona:

267 1309 298 1347 3)
322 1307 494 1347 eoeemplarzss
520 1308 642 1339 Ottonis
665 1318 735 1338 cum
760 1308 829 1345 telo,
854 1309 947 1339 cuius
970 1309 1108 1348 siyc'llum
1138 1310 1257 1339 laesum
1278 1310 1394 1348 pendet
1423 1309 1487 1347 filis
1509 1310 1634 1340 sericis:
1666 1309 1698 1338 in
1722 1309 1811 1339 dorso

163 1370 260 1390 mama
284 1370 395 1390 coaeva
420 1359 527 1390 Sexta.

268 1409 318 1450 Cf.
344 1410 489 1447 Bo'lzmcr,
514 1411 589 1451 Rey.
614 1412 677 1443 Ad.
695 1415 723 1442 3.
1522 1412 1574 1451 (P.
1600 1412 1707 1442 deest.)

265 1488 331 1519 Nos
361 1488 547 1519 Gerhardus
574 1487 636 1519 Dei
665 1489 773 1529 gracia
805 1494 913 1519 sancte
943 1489 1128 1529 Maguntine
1161 1489 1245 1519 sedis
1279 1489 1538 1530 archiepiscopus
1574 1490 1654 1519 sacri
1686 1490 1812 1530 imperii

164 1550 222 1581 per
245 1538 451 1570 Germaniam
483 1540 802 1571 archicancellariusa
834 1540 874 1571 ad
910 1541 1128 1571 universorum
1154 1541 1234 1571 sacri
1258 1541 1383 1581 imperii
1407 1540 1625 1571 Romanorum
1650 1541 1812 1571 fideliumb

162 1592 311 1622 noticiam
340 1591 485 1622 volumus
512 1593 694 1632 pervenire,
730 1592 814 1633 quod
845 1603 902 1622 nos
931 1592 1158 1623 consideratis⁰
1189 1592 1366 1633 presignisd
1397 1592 1526 1622 illustris
1556 1592 1700 1623 Heinrici
1730 1592 1811 1622 lant-

162 1643 262 1683 gravii
295 1642 411 1674 Hassie
444 1643 563 1674 domini
598 1645 692 1674 amici
726 1645 825 1674 nostri
855 1644 1045 1681 karissimie,
1077 1645 1198 1675 meritis
1229 1644 1402 1685 gloriosiss,
1436 1644 1549 1685 quibus
1581 1655 1657 1684 erga
1688 1655 1811 1674 sacrum

162 1693 400 1725 Romanorumss
424 1696 594 1735 imperium
617 1695 823 1726 multifariam
848 1696 1019 1736 multisque
1049 1696 1151 1726 modis
1183 1696 1356 1726 dinoscitur
1388 1697 1524 1732 enitere,
1556 1696 1811 1726 infeodacionem

162 1746 292 1776 inferius
316 1750 500 1777 annotatam
525 1757 582 1787 per
598 1748 835 1777 serenissimum
853 1747 1015 1777 dominum
1039 1751 1181 1778 nostrum
1206 1747 1369 1778 dominum
1386 1747 1539 1777 Adolfum
1564 1758 1674 1787 regem
1691 1747 1811 1777 Roma-

163 1808 275 1828 norum
299 1798 454 1828 illustrem
479 1809 560 1829 anno
586 1798 714 1829 Domini
744 1799 913 1829 millesimo
943 1799 1163 1829 ducentesimo
1194 1800 1402 1839 nonogesimo
1433 1799 1588 1838 secundo,
1618 1802 1710 1829 sexto
1735 1798 1811 1829 Idus

163 1849 248 1886 Maih
273 1849 449 1880 indiccione
467 1851 574 1890 quinta
601 1850 728 1881 factam.
754 1850 904 1881 videlicet
928 1851 1011 1891 quod
1036 1855 1173 1881 castrum
1190 1850 1441 1891 Benwneburgh
1466 1854 1498 1880 et
1522 1850 1652 1890 opidum
1668 1850 1811 1880 Eschen-

163 1901 276 1941 aegei,
307 1901 391 1942 quod
423 1901 508 1932 idem
533 1901 699 1931 (lominusk
724 1902 906 1942 langravius
936 1913 1007 1932 cum
1037 1903 1242 1942 pertinenciis
1270 1903 1333 1932 suis
1362 1902 1403 1932 ad
1431 1912 1464 1932 se
1489 1902 1581 1932 titulo
1606 1902 1812 1942 proprietatis

163 1953 351 1992 pertinuisse
376 1954 511 1983 asseruit
536 1957 567 1983 et
590 1954 704 1983 asserit
729 1964 800 1983 eum
825 1954 970 1984 munibus
990 1954 1110 1984 iuribus
1128 1965 1237 1984 eorum
1262 1958 1294 1984 et
1318 1954 1533 1994 pertinenciis,
1558 1954 1811 1994 possessionibus

163 2003 214 2033 vel
238 2005 341 2045 quasi,
371 2005 436 2048 sive
465 2006 526 2035 sint
553 2006 582 2035 in
608 2006 692 2045 agris
717 2005 808 2035 cultis
832 2006 883 2035 vel
908 2017 968 2036 non
994 2006 1109 2045 cultis¹7
1139 2005 1337 2045 nemoribus,
1369 2006 1504 2046 campis,
1530 2006 1644 2045 vineis,
1675 2005 1810 2045 pascuis⁷

163 2056 271 2095 pratisq
296 2056 432 2096 piscinis„
458 2067 612 2096 aquarum
630 2057 816 2087 decursibus
840 2060 872 2087 et
889 2057 1084 2097 generaliter
1102 2068 1304 2098 quocumque
1322 2058 1448 2087 nomine
1467 2060 1665 2095 censeantur,
1691 2067 1709 2086 a
1727 2056 1810 2087 dicto

165 2106 290 2138 domino
306 2107 370 2138 H.¹¹·
395 2108 572 2148 lantgravio
596 2119 719 2139 necnon
744 2109 807 2138 suis
830 2109 1004 2139 heredibus
1028 2109 1265 2149 imperpetuum
1295 2112 1464 2139 teneantur
1488 2119 1506 2138 a
1531 2107 1659 2138 domino
1683 2111 1811 2138 nosti-0¹¹

164 2168 239 2199 rege
257 2159 401 2199 predicto
425 2171 547 2190 necnon
572 2161 635 2190 suis
660 2160 896 2190 successoribus
920 2161 951 2191 in
974 2172 1073 2201 regno
1091 2160 1310 2191 Romanorum
1335 2164 1367 2190 et
1390 2160 1614 2201 possideantur
1633 2161 1665 2189 in
1682 2160 1811 2190 feodum

164 2211 288 2241 nomine
304 2212 508 2252 principatus,
578 2211 757 2252 Quodque⁰
774 2212 859 2242 idem
879 2212 1044 2243 dominusk
1062 2212 1256 2252 lantgravius
1275 2215 1306 2242 et
1323 2213 1371 2242 sui
1387 2212 1524 2242 heredes
1541 2213 1667 2242 racione
1685 2211 1811 2241 illarum

166 2263 399 2301 possessionum
431 2264 614 2304 specialiter
647 2275 704 2304 pro
734 2264 949 2304 principibusp
978 2264 1104 2304 imperii
1136 2263 1315 2294 habeantur
1347 2267 1378 2294 et
1410 2263 1555 2293 radientq
1586 2263 1739 2293 nitoribus
1774 2273 1811 2292 ae

166 2314 326 2353 gaudeant
349 2315 507 2356 suffragiis
533 2319 565 2345 et
587 2315 762 2355 privilegiis
785 2316 996 2357 principatus,
1026 2319 1121 2356 prout
1148 2316 1179 2345 in
1202 2315 1316 2345 litteris
1340 2315 1438 2355 ipsius
1462 2315 1580 2345 domini
1604 2315 1703 2345 nostri
1726 2314 1811 2353 regis

165 2363 400 2395 Romanorumk
425 2364 580 2408 prc[fat]ir
605 2377 700 2406 super
724 2366 783 2397 hoc
806 2366 958 2397 confectis
979 2367 1104 2407 plenius
1129 2367 1318 2405 continetur,
1342 2369 1445 2396 ratam
1471 2370 1502 2396 et
1525 2370 1650 2406 gratam
1671 2365 1811 2405 gerimus

166 2418 197 2446 et
219 2416 373 2447 habemus
397 2428 433 2447 ac
458 2421 599 2448 nostrum
624 2428 827 2457 consensum,
852 2418 1003 2456 scientes,
1027 2418 1179 2456 libentes,
1204 2418 1376 2448 utilitatem
1400 2418 1526 2458 imperii
1555 2428 1595 2447 ex
1619 2417 1677 2447 hoc
1703 2416 1809 2446 facere

266 2492 330 2519 476.
350 2493 373 2526 d)
392 2495 464 2518 uncis
483 2494 583 2519 inclusa
602 2504 707 2520 corrosa
726 2500 785 2520 sunt
804 2505 840 2520 or.

267 2545 330 2570 477.
351 2550 372 2574 ³³)
392 2547 528 2571 intitulatio
547 2546 613 2571 2722:
634 2548 801 2572 Ludwicus
820 2548 867 2572 Dei
886 2548 1093 2579 gracia‘eomes
1112 2548 1273 2580 palatinus
1293 2548 1370 2571 Reni
1390 2548 1448 2570 dux
1469 2547 1621 2575 Bawarie;
1642 2546 1667 2568 ἰη
1686 2545 1713 2568 ῖίε
1738 2545 1810 2567 Otto

168 2588 213 2611 Dei
231 2590 318 2619 gracia
337 2590 654 2622 Brandenburgensis
678 2591 815 2615 marchio
838 2595 867 2615 et
889 2591 924 2614 de
944 2591 1157 2622 Landesberg.
1245 2589 1269 2618 ὓ)
1288 2592 1493 2614 Romanorum
1513 2589 1658 2612 fidelium
1678 2588 1767 2611 desunt
1785 2587 1809 2611 3.

168 2631 189 2659 c)
201 2631 387 2656 considerantes
400 2631 423 2656 ἱ).
495 2631 518 2663 d)
533 2633 666 2665 presiguus
682 2632 706 2657 3.
778 2634 800 2664 θ)
821 2634 935 2657 domini
949 2646 982 2650 —-
994 2634 1155 2657 karissimi
1175 2634 1265 2657 desunt
1278 2633 1301 2657 2.
1316 2633 1339 2657 3,
1410 2631 1431 2661 s)
1450 2631 1607 2663 graciosis
1621 2630 1643 2653 3.
1715 2630 1739 2659 S)
1759 2630 1809 2653 Ro-

168 2681 322 2698 manorum
341 2675 407 2699 deest
419 2674 443 2705 2,
463 2676 605 2699 Romanum
619 2675 642 2700 3.
723 2675 746 2707 l¹)
767 2677 954 2707 Boiuieneburg
967 2676 990 2700 3.
1072 2675 1089 2706 i)
1105 2677 1291 2707 Esehenewege
1306 2675 1328 2706 2,
1350 2676 1515 2705 Essenos-ege
1529 2674 1552 2697 3.
1623 2671 1647 2703 k)
1667 2673 1810 2696 dominus

168 2716 233 2740 deest
251 2716 274 2741 2.
356 2716 373 2748 l)
393 2718 441 2742 vel
461 2718 593 2743 incultis
611 2718 634 2743 ⁵2.
723 2723 754 2748 ¹¹¹)
773 2720 895 2743 domino
914 2720 947 2743 H.
967 2719 1033 2743 deest
1052 2718 1080 2749 :2;
1100 2720 1132 2743 H.
1151 2719 1218 2743 deest
1236 2718 1258 2743 3.
1342 2722 1365 2746 ¹¹)
1385 2724 1408 2742 et
1427 2717 1488 2741 ‹uld-
1507 2716 1530 2741 3.
1608 2720 1630 2740 01
1651 2716 1682 2739 Et
1701 2715 1767 2746 quod
1786 2713 1808 2737 ⁵2.

168 2758 192 2790 Ρ)
211 2760 339 2791 princibus
358 2760 380 2784 3.
470 2761 493 2791 q)
512 2762 617 2786 radeant
637 2761 660 2786 2,
749 2766 770 2790 ¹)
789 2762 887 2785 litterae
906 2770 1025 2785 corrosae
1047 2761 1072 2789 l:
1093 2762 1182 2793 prefati
1201 2761 1224 2785 2.
1244 2762 1267 2785 3.

270 2818 306 2835 LL.
326 2818 536 2837 CONSTi'rUTloNES
556 2820 588 2837 111.
1573 2809 1605 2833 59
