2259 3116
427 135 487 163 4534

429 220 532 261 ipsum
550 218 701 249 iudicium
715 218 842 249 domino
860 219 1012 258 referant,
1028 219 1221 259 assignetur„

429 272 511 313 quod
548 271 694 302 dominus
728 271 889 312 denegare
922 282 984 302 non
1013 275 1128 313 potest.
1180 271 1220 301 Et

430 323 556 365 quando
581 324 639 365 ipsi
664 323 749 354 cives
774 323 862 354 missi
886 323 925 354 ad
950 323 1101 354 iudicium
1118 323 1220 354 tribus

429 376 554 406 vicibus
565 375 694 413 fuerint,
709 375 938 414 sidiseordent,
953 375 1102 406 iudicium
1118 376 1220 416 ipsum

429 427 469 458 ad
494 427 672 469 predictum
692 427 855 458 dominum
874 428 1054 465 revertitur,
1080 427 1131 468 qui
1157 426 1220 457 fre-

429 484 480 510 tus
505 480 661 510 bonorum
692 480 824 510 consilio
853 479 1028 510 secundum
1057 479 1221 520 proposita

429 536 461 562 et
485 532 626 573 allegata
651 542 757 562 coram
787 532 857 573 ipso
883 532 931 562 ius
963 542 1054 562 suum
1079 530 1221 572 proferet

430 584 514 614 inter
543 587 660 625 partes.
710 584 739 614 A
770 594 831 625 quo
862 584 930 614 iure
960 584 986 614 si
1015 574 1099 625 pars
1119 583 1221 613 altera

430 648 463 667 sc
489 636 610 667 senciat
634 639 854 678 aggravatam,
879 635 918 666 ad
949 646 1041 666 suum
1075 635 1219 676 superi0⁶

429 698 494 719 rem
520 688 684 730 appellare
709 688 827 729 poterit
851 688 901 718 vel
927 687 1090 718 maiorem.

493 755 521 781 5.
540 748 641 779 Item0
659 748 741 790 quod
760 748 866 779 nullus
881 748 978 779 iudex
992 748 1131 778 civitatis
1148 758 1220 789 pre-

428 801 513 832 dicte
544 801 666 831 nullum
692 800 766 842 quid
790 803 897 842 potest
920 804 1030 842 petere
1055 810 1072 830 a
1098 799 1220 829 civibus

427 853 581 894 predictis
615 863 671 883 seu
703 853 743 883 ab
774 852 1010 882 habitatoribus
1041 852 1073 882 in
1105 850 1220 882 eadem

428 905 558 935 civitate
590 915 633 935 ex
663 914 720 934 suo
746 904 851 934 officio
876 904 927 934 vel
951 904 1124 934 autoritate
1148 913 1220 944 pro—

428 957 496 998 pria
522 968 579 987 nec
605 955 645 987 ad
662 956 801 997 aliquam
819 956 1060 997 inquisitionem
1087 955 1219 985 deseen-

431 1010 519 1045 dere,
546 1009 571 1039 si
597 1008 759 1049 legitimus
784 1018 846 1038 non
871 1011 1027 1049 appareat
1044 1010 1220 1037 aecusator.

430 1061 489 1091 nisi
515 1060 611 1091 iudex
637 1060 687 1090 vel
719 1060 787 1091 cius
819 1060 955 1090 nuncius
985 1060 1088 1100 ipsum
1120 1058 1218 1088 male-

430 1113 584 1143 factorem
611 1115 741 1153 caperet
765 1112 796 1142 in
820 1112 890 1152 ipso
916 1111 1032 1141 delicto
1061 1110 1138 1140 illud
1163 1120 1218 1140 no-

433 1165 512 1195 toric
541 1163 756 1205 perpetrando
781 1163 831 1194 vel
863 1163 964 1193 eciam
995 1162 1119 1193 notorie
1148 1172 1219 1203 pcr-

428 1219 564 1257 petrat0,
589 1216 639 1246 vel
664 1215 725 1246 nisi
743 1214 890 1245 dominus
907 1217 981 1255 agat
1004 1217 1035 1244 et
1052 1216 1220 1255 proponat,

430 1268 570 1309 aliquem
589 1268 786 1309 percussisse
806 1267 903 1297 alium
921 1266 959 1296 de
973 1265 1116 1307 qualibet
1132 1276 1222 1296 arma

432 1320 555 1350 incluta
579 1320 629 1351 vel
653 1319 770 1350 secisse
794 1318 1067 1360 presumptionem
1094 1317 1132 1348 de
1150 1327 1220 1358 per-

430 1371 585 1402 cuciendo
603 1371 741 1412 aliquem
765 1371 846 1401 infra
864 1371 1023 1401 civitatem
1042 1369 1220 1411 predictam

433 1429 465 1453 et
488 1423 645 1454 banleiam
664 1423 876 1454 Bisuntinam.
916 1421 957 1452 Et
975 1425 1049 1452 tune
1074 1421 1113 1452 dc
1138 1421 1219 1451 iudi-

430 1475 520 1506 cibus
542 1475 719 1505 Bisuntinis
743 1475 795 1515 qui
820 1473 941 1515 primus
966 1477 1014 1504 est
1037 1473 1067 1504 in
1093 1473 1221 1504 citando

431 1538 652 1568 percussorem
669 1526 858 1568 predictum,
884 1526 969 1556 facto
988 1526 1131 1566 legitime
1148 1536 1218 1567 pre-

430 1580 504 1609 bato
529 1579 626 1609 habet
654 1589 710 1620 pro
743 1589 800 1609 sua
825 1577 960 1608 emenda
987 1578 1047 1608 LX
1071 1577 1220 1618 s(olidos)

430 1631 729 1672 Stepllan(ensium)
755 1630 806 1661 vel
830 1630 896 1671 ipse
918 1630 1105 1671 percuciens
1127 1630 1219 1660 arnit-

432 1683 469 1713 tit
504 1693 658 1724 pugnum.
709 1682 802 1713 Alter
831 1692 905 1712 vero
936 1692 999 1712 non
1030 1682 1220 1723 percuciens

430 1745 484 1775 pro
509 1735 753 1776 presumptione
770 1734 907 1775 probata
924 1734 1067 1774 legitime
1092 1737 1221 1764 tenetur

428 1786 554 1817 domino
572 1786 715 1828 predicto
733 1787 764 1816 in
780 1785 840 1816 LX
857 1785 996 1827 s(olidis)
1015 1785 1083 1816 sine
1100 1796 1220 1827 pugno.

429 1838 469 1868 Et
494 1838 519 1868 si
545 1838 697 1869 iudicium
715 1838 895 1879 requiratur
920 1838 951 1868 in
969 1838 1134 1879 predictis,
1160 1838 1220 1879 ipsi

428 1890 515 1920 cives
540 1889 579 1920 ad
605 1890 682 1920 illud
706 1889 855 1920 mittendi
880 1892 955 1920 sunt
978 1888 1079 1920 tribus
1097 1890 1219 1920 vicibus

429 1953 447 1971 a
470 1941 598 1972 domino
625 1941 818 1983 supradicto.

493 2004 521 2032 9.
547 2002 628 2033 Item
654 2002 737 2042 quod
769 2002 845 2032 dicti
871 2002 956 2033 cives
982 2005 1013 2033 et
1038 2001 1219 2033 habitantes

429 2053 459 2083 in
486 2053 597 2083 eadem
617 2054 745 2084 civitate
764 2057 900 2095 possunt
924 2064 982 2084 sua
999 2054 1127 2095 propria
1144 2064 1219 2084 auc-

435 2106 563 2135 toritate
595 2106 662 2135 sinc
692 2106 815 2136 offensa
845 2106 921 2136 iuris
947 2109 978 2136 et
1002 2105 1114 2135 iudicis
1138 2106 1220 2136 infra

430 2157 592 2187 civitatem
620 2157 797 2198 predictam
822 2161 854 2188 et
878 2162 971 2188 extra
1001 2157 1136 2188 candem
1165 2168 1219 2187 va-

433 2207 519 2238 diare
545 2208 692 2239 forenses
717 2220 771 2250 pro
796 2209 861 2239 suis
887 2208 1014 2239 debitis.
1058 2209 1139 2239 Item
1163 2220 1219 2250 pro

429 2259 557 2289 delictis
583 2260 658 2301 ipsis
684 2261 805 2291 civibus
839 2261 868 2291 in
899 2271 1037 2302 persona
1067 2264 1099 2290 et
1124 2260 1219 2291 rebus

431 2322 539 2341 eorum
578 2312 671 2341 factis
703 2315 734 2341 et
765 2312 848 2353 ipsos
878 2314 1023 2342 forenses
1050 2323 1164 2353 capere
1189 2315 1221 2342 et

1078 2363 1220 2394 homines

431 2414 617 2444 tailliabiles
643 2425 699 2445 scu
731 2415 958 2456 expletabiles,
990 2425 1144 2456 personas
1173 2416 1218 2456 ip-

431 2477 536 2496 sorum
567 2470 599 2496 et
629 2466 726 2504 bona,
756 2477 812 2507 pro
841 2467 957 2498 debitis
982 2470 1013 2497 ct
1042 2466 1167 2497 delictis
1203 2478 1221 2496 a

429 2518 494 2548 suis
518 2517 656 2548 dominis
687 2518 778 2548 factis
804 2519 854 2549 vel
884 2519 984 2549 eciam
1013 2518 1218 2559 perpetratis,

432 2362 575 2393 detinere
615 2363 643 2393 in
677 2364 860 2394 carceribus
897 2364 1029 2405 privatis

537 2620 595 2647 ¹50.
615 2622 637 2652 ‘)
657 2622 709 2646 sinc
728 2622 797 2652 si'sssso
815 2622 977 2654 porussi-ttplti
1000 2622 1028 2646 ,1.

537 2698 594 2724 151.
615 2699 638 2730 1’)
658 2701 768 2731 qunilur
787 2709 819 2723 no
838 2700 970 2724 craiiirlnm
991 2701 1016 2723 in
1031 2702 1084 2732 sinc
1105 2701 1185 2724 linum
1209 2700 1235 2723 l1'.

429 2743 488 2767 add.
513 2743 541 2767 Ιί.
629 2748 650 2775 Γ)
671 2743 740 2768 micio·
760 2743 857 2768 inclusa
876 2747 1032 2767 evanuerunt
1055 2743 1081 2767 lt.

765 130 921 156 RUDOLFI
942 130 1045 157 REGIS
1065 131 1387 158 CONSTI'I'UTIONES.

1426 132 1499 157 1290.
1535 131 1723 158 N1·.450.451.

1275 218 1378 259 ipsum
1396 218 1546 249 iudicium
1564 218 1692 249 domino
1706 220 1857 258 referant,
1874 219 2065 260 assignetur,

1275 270 1359 311 quod
1394 271 1541 301 dominus
1572 271 1733 312 denegare
1763 281 1825 302 non
1861 274 1979 312 potest.
2024 271 2065 302 Et

1276 323 1402 366 quando
1428 322 1488 364 ipsi
1513 323 1598 353 cives
1622 323 1710 354 missi
1733 322 1773 353 ad
1791 322 1941 353 iudicium
1965 322 2064 354 tribus

1275 375 1398 406 vicibus
1413 375 1542 413 fuerint,
1557 374 1582 404 si
1592 373 1783 411 discordent,
1797 374 1948 405 iudicium
1961 374 2064 416 ipsum

1275 427 1314 458 ad
1339 426 1519 468 predictum
1543 425 1706 457 dominum
1724 426 1903 464 revertitur,
1928 426 1980 467 qui
2003 426 2065 457 fre-

1274 482 1326 510 tus
1351 479 1508 510 bonorum
1532 478 1666 508 consilio
1695 477 1870 509 secundum
1902 478 2066 519 proposita

1275 535 1306 562 ct
1331 531 1471 571 allegata
1496 540 1602 560 coram
1633 531 1701 572 ipso
1734 530 1782 560 ius
1807 540 1899 560 suum
1925 530 2066 571 proferet

1275 584 1357 613 inter
1387 585 1503 623 partes.
1555 582 1584 612 A
1614 592 1677 623 quo
1706 582 1775 613 iure
1805 582 1832 612 si
1860 592 1934 623 pars
1964 582 2066 613 altera

1275 645 1309 665 se
1335 634 1457 665 senciat
1482 637 1708 675 aggravatam,
1738 633 1778 664 ad
1802 644 1894 664 suum
1919 634 2064 676 superio-

1275 697 1341 717 rem
1367 686 1531 728 appellare
1556 686 1675 727 poterit
1699 686 1748 716 vel
1771 686 1935 717 maiorem.

1340 748 1368 777 8.
1393 746 1475 777 Item
1494 746 1576 787 quod
1594 747 1700 777 nullus
1718 747 1816 778 iudex
1835 747 1974 778 civitatis
1992 758 2064 789 pre-

1277 798 1360 829 dicte
1386 799 1507 829 nullum
1533 798 1608 839 quid
1633 801 1740 840 potest
1763 802 1874 840 petere
1899 810 1917 829 a
1943 799 2066 830 civibus

1275 850 1427 892 predictis
1457 861 1516 882 seu
1548 850 1588 881 ab
1617 850 1853 881 habitatoribus
1890 851 1922 881 in
1953 851 2066 882 eadem

1275 902 1406 933 civitate
1431 913 1471 933 ex
1496 913 1554 933 suo
1579 902 1684 933 officio
1702 903 1753 933 vel
1777 902 1968 934 auctoritate
1992 913 2064 944 pro-

1274 954 1343 995 pria
1368 965 1427 985 nec
1453 954 1492 985 ad
1510 954 1651 996 aliquam
1673 954 1915 995 inquisicionem
1933 954 2064 986 descen-

1276 1006 1363 1046 dere7
1389 1006 1415 1036 si
1441 1006 1605 1047 legitimus
1629 1016 1693 1036 non
1717 1009 1872 1048 appareat
1888 1010 2065 1045 accusator,

1274 1058 1334 1088 nisi
1364 1057 1462 1088 iudex
1493 1058 1543 1088 vel
1573 1058 1641 1088 cius
1671 1059 1807 1089 nuncius
1837 1058 1943 1100 ipsum
1967 1058 2065 1090 male-

1275 1110 1430 1141 factorem
1457 1112 1589 1151 caperet
1618 1110 1648 1140 in
1673 1110 1743 1151 ipso
1769 1109 1884 1141 delicto
1908 1110 1985 1141 illud
2009 1121 2065 1141 no-

1274 1162 1353 1193 torie
1393 1161 1610 1203 perpetrando
1640 1161 1691 1192 vel
1729 1162 1825 1192 etiam
1860 1161 2065 1204 perpetratob

1274 1214 1408 1251 notorie,
1430 1214 1480 1244 vel
1506 1214 1566 1244 nisi
1584 1213 1731 1244 dominus
1750 1217 1825 1254 agat
1849 1217 1881 1245 et
1898 1216 2064 1256 proponat,

1275 1266 1413 1307 aliquem
1432 1265 1632 1307 percussisse
1649 1265 1746 1296 alium
1765 1265 1803 1296 de
1817 1265 1961 1307 qualibet
1978 1276 2065 1296 arma

1275 1318 1398 1348 moluta
1422 1318 1473 1349 vel
1498 1317 1614 1348 fecisse
1631 1318 1906 1359 presumptionem
1930 1317 1968 1348 de
1993 1328 2064 1359 per-

1276 1369 1433 1401 cuciendo
1453 1369 1591 1410 aliquem
1609 1369 1691 1400 infra
1709 1369 1870 1400 civitatem
1888 1369 2064 1411 predictam

1275 1426 1307 1453 ct
1324 1422 1485 1453 banleiam
1503 1421 1717 1452 Bisuntinam.
1756 1420 1798 1452 Et
1821 1424 1897 1452 tunc
1921 1421 1960 1452 de
1984 1421 2064 1452 iudi-

1275 1474 1366 1505 cibus
1386 1474 1566 1504 Bisuntinis
1592 1473 1645 1514 qui
1669 1472 1790 1514 primus
1814 1477 1863 1504 est
1886 1474 1916 1504 in
1941 1473 2064 1504 citando

1275 1536 1500 1567 percussorem
1518 1525 1708 1566 predictum,
1732 1526 1815 1557 facto
1832 1525 1973 1567 legitime
1992 1536 2064 1566 pro-

1274 1578 1349 1608 bato
1388 1577 1486 1612 habet
1519 1588 1577 1619 pro
1614 1588 1672 1608 sua
1708 1577 1844 1609 emenda
1879 1577 2064 1618 sexagintac

1277 1629 1395 1660 solidos
1414 1629 1716 1671 Stephan(ensium)
1732 1630 1782 1661 vel
1795 1630 1863 1671 ipse
1877 1629 2064 1671 percuciens

1275 1682 1392 1712 amittit
1409 1692 1561 1722 pugnum.
1599 1681 1692 1712 Alter
1708 1692 1784 1712 vero
1801 1692 1864 1712 non
1879 1681 2064 1723 percuciens

1273 1744 1331 1775 pro
1354 1733 1596 1775 presumptione
1613 1733 1750 1774 probata
1766 1733 1911 1774 legitime
1936 1735 2064 1764 tenetur

1274 1785 1404 1816 domino
1429 1785 1574 1827 predicto
1603 1785 1635 1816 in
1659 1785 1830 1827 sexaginta
1859 1785 1969 1816 solidis
1994 1784 2061 1815 sine

1273 1848 1390 1878 pugno.
1437 1837 1480 1868 Et
1506 1838 1532 1868 si
1555 1836 1706 1868 iudicium
1731 1837 1915 1879 requiratur
1938 1837 1968 1868 in
1992 1847 2064 1878 pre-

1274 1888 1401 1927 dictis‘l,
1433 1889 1493 1930 ipsi
1522 1889 1608 1920 cives
1639 1889 1679 1920 ad
1709 1889 1787 1920 illud
1816 1889 1961 1920 mittendi
1992 1890 2063 1920 suut

1275 1940 1375 1971 tribus
1401 1940 1524 1971 vicibus
1548 1952 1567 1971 a
1590 1941 1719 1972 domino
1745 1941 1937 1982 supradicto.

1339 2003 1366 2031 9.
1392 2001 1473 2032 Item
1498 2001 1583 2042 quod
1608 2001 1684 2032 dicti
1711 2002 1796 2033 cives
1825 2005 1858 2032 et
1881 2001 2061 2032 habitantes

1274 2053 1304 2083 in
1330 2052 1444 2084 eadem
1464 2053 1593 2084 civitate
1611 2057 1747 2095 possunt
1771 2063 1829 2084 sua
1845 2052 1973 2095 propria
1988 2063 2060 2083 auc-

1274 2105 1403 2135 toritate
1429 2105 1496 2135 sine
1521 2106 1646 2136 offensa
1670 2106 1747 2137 iuris
1780 2109 1812 2137 et
1843 2104 1957 2136 iudicis
1980 2104 2061 2134 infra

1275 2157 1438 2187 civitatem
1464 2157 1643 2198 predictam
1674 2162 1706 2188 et
1729 2161 1823 2189 extra
1847 2156 1982 2188 eandem
2005 2166 2059 2186 va-

1273 2208 1362 2239 diare
1380 2208 1571 2250 t'oflrcnsesie
1589 2220 1644 2250 pro
1662 2210 1728 2240 suis
1746 2209 1873 2240 debitis.
1910 2208 1990 2239 Item
2006 2217 2060 2249 pro

1275 2260 1401 2291 delictis
1427 2262 1505 2302 ipsis
1530 2261 1654 2292 civibus
1686 2262 1716 2292 in
1742 2271 1880 2303 persona
1908 2263 1940 2292 et
1966 2259 2059 2290 rebus

1276 2323 1386 2342 eorum
1417 2313 1507 2343 factis
1541 2316 1573 2344 et
1602 2313 1687 2354 ipsos
1716 2313 1859 2344 forenses
1888 2322 2001 2354 capere
2029 2313 2060 2341 et

1275 2363 1420 2395 detinere
1458 2365 1488 2394 in
1527 2365 1710 2396 carceribus
1748 2364 1880 2407 privatis
1917 2362 2059 2394 homines

1276 2415 1449 2446 taillabiles
1475 2427 1530 2447 seu
1556 2416 1808 2458 explectabiles,
1838 2425 1990 2458 personas
2013 2413 2058 2454 ip-

1276 2465 1427 2508 [sorum]⁰
1452 2471 1484 2498 et
1508 2468 1602 2506 bona7
1628 2479 1684 2509 pro
1709 2468 1824 2499 debitis
1848 2470 1879 2498 et
1895 2465 2019 2498 delictis
2041 2474 2059 2494 a

1274 2518 1338 2548 suis
1373 2518 1509 2549 dominis
1539 2519 1630 2550 sactis
1654 2520 1705 2551 vel
1738 2520 1833 2551 etiam
1861 2515 2058 2560 perpetratis

1606 2585 1621 2595 ἢ

1315 2700 1337 2724 sl
1357 2701 1509 2731 sexanginta
1530 2701 1560 2725 ΙΙ.
1647 2700 1672 2726 ‘Ii
1691 2703 1716 2726 in
1736 2701 1854 2734 predictis
1873 2708 1950 2732 supra
1969 2697 2057 2722 lincam

2105 442 2115 460 5

2093 966 2115 984 15

2091 1224 2114 1242 :¹0

2090 1482 2113 1501 25

2089 1751 2112 1770 30

2087 2015 2109 2034 ³⁵

2086 2269 2108 2288 ⁴0

2083 2526 2105 2544 is
