2259 3116
436 111 493 141 134
812 110 969 137 RUDOLFI
989 111 1091 138 REGIS
1111 112 1430 141 CONSTI'I'UTIONES.
1469 114 1541 140 1277.
1578 113 1625 140 Nr.
1640 113 1697 141 139.

431 196 530 227 favori
556 199 588 228 et
611 197 826 238 promittimus
850 199 986 240 prestito
1017 199 1210 240 iuramento,
1240 200 1325 242 quod
1347 201 1531 233 huiusmodi
1555 202 1697 244 culpam,
1728 212 1823 244 quam
1846 203 1879 234 in
1902 213 1959 234 nos
1984 215 2068 236 com-

430 249 604 287 miserunt,
637 260 798 291 nunquam
828 250 867 281 ad
897 251 1038 282 animum
1062 252 1285 284 revocabimus
1314 254 1513 295 temporibus
1537 254 1602 285 vite
1631 257 1740 285 nostre
1769 265 1829 286 nec
1862 255 1985 287 eisdem
2009 257 2067 288 ali—

431 310 526 341 quam
544 301 735 332 violenciam
759 305 869 333 contra
885 303 1043 334 iusticiam
1061 303 1246 335 inferemus.
1284 304 1406 336 Verum
1431 306 1456 336 si
1475 306 1506 336 in
1529 309 1693 347 posterum
1717 307 1927 346 excesserint,
1951 311 2069 340 extunc

430 356 541 383 contra
564 353 652 394 ipsos
676 363 740 384 non
764 354 858 385 aliter
881 365 975 396 quam
1000 359 1110 386 contra
1137 356 1216 387 alios
1234 357 1325 397 regni
1349 357 1449 388 nostri
1474 357 1620 389 homines
1644 358 1712 389 iure
1730 358 1839 400 previo
1855 359 2068 400 procedemus

430 403 521 435 iuxta
544 404 614 436 iura
638 407 671 436 et
695 406 961 438 consuetudinem
985 408 1076 448 regni
1100 408 1211 440 nostri.

540 476 586 505 10.
612 473 656 505 Ut
687 477 794 506 autem
824 476 968 517 predicta
1001 477 1107 507 omnia
1138 480 1170 508 et
1198 477 1323 518 singula
1358 480 1389 508 et
1416 489 1479 519 pax
1511 479 1613 510 eciam
1644 480 1727 510 inter
1757 479 1876 510 dictum
1907 480 2068 512 dominum

428 529 573 557 nostrum
599 537 708 568 regem
743 531 775 558 et
803 538 861 559 nos
890 518 1037 559 ordinata
1070 529 1100 559 111
1131 529 1263 570 singulis
1294 530 1358 561 suis
1383 531 1473 561 iuxta
1498 531 1658 572 prefatum
1683 535 1828 563 tenorem
1853 532 1996 564 articulis
2021 533 2069 564 in·-

427 578 622 610 violabiliter
647 579 879 619 observentur,
914 591 972 622 pro
1006 584 1097 622 parte
1128 581 1203 612 dicti
1232 581 1351 612 domini
1385 582 1485 613 nostri
1519 583 1718 615 clarissimus
1743 583 1889 615 dominus
1914 584 2068 617 Albertus

427 631 660 672 primogenitus
690 632 759 663 eius
784 643 840 674 pro
866 632 935 673 ipso
953 632 1081 664 domino
1100 636 1210 664 nostro
1236 644 1313 675 rege
1330 635 1458 665 nomine
1483 638 1516 665 et
1540 634 1691 666 mandato
1716 635 1816 677 ipsius
1834 636 1952 667 domini
1969 638 2068 668 nostri

427 683 513 724 regis
539 686 571 713 et
596 683 627 714 in
650 683 790 715 animam
815 684 884 715 eius
909 685 1024 715 iuravit
1048 688 1080 716 et
1104 696 1160 716 nos
1185 686 1352 727 corporale
1378 686 1575 728 prestitimus
1600 687 1824 719 iuramentum.

536 755 585 785 11.
609 753 765 785 Preterea
789 754 892 785 dictus
917 754 1065 786 dominus
1091 759 1202 787 noster
1235 766 1293 787 rex
1319 766 1393 787 suas
1419 759 1451 787 et
1474 767 1532 787 nos
1556 760 1683 789 nostras
1708 761 1811 789 metas
1835 758 1879 789 sic
1904 758 2067 790 custodie-

426 815 497 836 mus
523 808 555 836 et
572 805 827 845 observabimus,
852 807 938 848 quod
955 807 1028 838 hinc
1053 807 1125 839 inde
1142 807 1227 839 idem
1245 808 1393 839 dominus
1408 812 1519 840 noster
1542 819 1598 840 rex
1622 813 1655 841 et
1671 820 1741 849 nos,
1764 814 1920 841 terrarum
1939 814 2066 842 nostra—

425 868 494 888 rum
524 857 642 896 incole,
674 858 886 900 dispendiosis
915 860 1039 890 iniuriis
1064 871 1125 891 non
1149 863 1333 901 graventur.
1373 860 1415 891 Et
1447 861 1473 891 si
1503 871 1560 903 per
1588 865 1715 893 nostros
1739 861 1899 900 homines,
1931 872 2011 903 quos
2034 864 2066 894 in

425 910 520 940 metis
546 910 702 941 habemus
727 911 779 942 vel
803 911 896 950 alibi,
922 912 981 953 ipsi
1006 912 1133 942 domino
1157 913 1224 953 regi
1250 913 1300 943 vel
1326 913 1395 943 01115
1420 912 1605 944 hominibus
1630 913 1770 956 dampna
1794 913 1902 955 aliqua
1925 914 2065 946 inferen-

425 964 494 1000 tur,
525 965 599 1003 post
630 962 844 994 monicionem
874 964 973 1005 ipsius
1003 963 1120 995 domini
1150 965 1248 995 nostri
1279 965 1362 1006 regis
1390 964 1472 996 infra
1508 965 1703 1006 quindenam
1733 976 1804 1004 eos,
1840 966 1893 1007 qui
1928 966 2066 1008 dampna

427 1013 609 1045 huiusmodi
638 1015 821 1055 intulerint,
857 1015 896 1046 ad
927 1016 1187 1047 satisfaciendum
1224 1027 1281 1058 per
1319 1017 1520 1048 coaccionem
1551 1028 1679 1048 suorum
1709 1017 1865 1049 bonorum
1896 1021 1928 1049 et
1950 1018 2064 1050 iurium

425 1069 523 1107 atque
550 1067 800 1108 occupaeionem
816 1068 1048 1109 compellemus
1074 1071 1106 1099 et
1129 1068 1168 1099 de
1192 1068 1286 1099 bonis
1303 1069 1445 1110 ipsorum
1470 1069 1547 1100 lesis
1572 1069 1698 1111 integre
1722 1069 1860 1111 dampna
1884 1080 1942 1101 sua
1958 1081 2061 1102 resar-

426 1118 547 1149 ciemus
572 1122 604 1149 et
621 1119 846 1150 nichilominus
872 1120 960 1161 ipsos
979 1124 1189 1152 temeratores
1214 1124 1246 1151 et
1269 1124 1373 1152 castra
1397 1122 1538 1162 ipsorum
1556 1121 1786 1153 obsidebimus.
1821 1121 1864 1152 Et
1887 1123 1913 1153 si
1930 1133 2064 1155 necesse

423 1170 533 1211 fuerit,
564 1181 619 1201 nos
643 1181 719 1202 mox
747 1172 993 1213 proseripeionis
1024 1176 1056 1203 et
1086 1173 1147 1203 loci
1178 1173 1348 1214 episcopus
1384 1173 1732 1205 excommunicacionis
1765 1174 1948 1206 sentencias
1984 1175 2065 1206 infra

424 1232 480 1253 sex
506 1224 702 1264 septimanas
728 1235 746 1255 a
769 1224 899 1266 dampni
924 1224 991 1256 dati
1015 1228 1159 1267 tempore
1177 1225 1393 1256 numerandas
1418 1225 1619 1267 proferemus
1644 1226 1675 1256 in
1699 1236 1753 1256 eos
1771 1225 1954 1257 nullatenus
1979 1227 2061 1258 rela—
2091 1242 2102 1260 2

423 1274 565 1313 xandas,
596 1276 658 1306 nisi
682 1276 769 1318 prius
793 1277 870 1307 lesis
894 1276 934 1308 de
959 1277 1108 1319 dampnis
1133 1277 1350 1309 satisfecerint
1375 1280 1407 1309 et
1430 1288 1487 1319 pro
1513 1277 1618 1308 banno
1643 1280 1772 1308 centum
1796 1277 1894 1309 libras
1918 1277 2062 1320 Pragen-

423 1337 474 1358 ses
499 1337 626 1359 camere
651 1332 759 1360 nostre
785 1329 947 1360 solverint.

536 1397 581 1427 12.
605 1396 676 1428 Hec
702 1397 815 1428 eadem
841 1397 1025 1439 sepedictus
1050 1398 1196 1430 dominus
1221 1402 1331 1430 noster
1356 1409 1413 1430 rex
1438 1399 1670 1438 Romanorum,
1699 1399 1724 1430 si
1753 1410 1812 1441 per
1840 1409 1916 1430 suos
1949 1409 2007 1430 nos
2031 1402 2063 1430 et

424 1447 524 1478 nostri
548 1448 668 1479 turbati
693 1448 845 1481 fuerimus
870 1450 921 1481 vel
945 1451 1080 1492 gravati,
1105 1461 1162 1493 per
1186 1451 1293 1482 omnia
1315 1450 1509 1483 observabit.

532 1518 580 1547 13.
610 1516 703 1553 Quod
734 1519 760 1549 si
790 1530 853 1551 non
882 1519 1008 1558 fecerit,
1037 1519 1148 1551 fideles
1180 1520 1249 1551 eius
1281 1531 1389 1552 comes
1420 1521 1460 1552 de
1485 1520 1680 1562 Hardegge,
1714 1519 1872 1552 Lutoldus
1906 1520 2061 1562 pincerna

423 1566 569 1608 Austrie,
598 1568 760 1602 Henricus
791 1574 823 1602 et
846 1571 968 1602 Albero
1000 1571 1039 1603 de
1073 1571 1257 1614 Chunringe
1289 1572 1421 1612 fratres,
1449 1572 1491 1603 H.
1517 1572 1625 1604 senior
1653 1572 1692 1604 de
1716 1572 1824 1604 Witra
1857 1575 1889 1603 et
1912 1572 1954 1603 H.
1978 1582 2061 1603 mar-

423 1620 547 1650 scalcus
572 1620 655 1652 filius
679 1633 766 1661 suus,
791 1622 974 1655 Friderieus
1000 1623 1039 1655 de
1063 1623 1329 1666 Liechtensteyn,
1354 1617 1583 1664 Messoilarius,
1608 1623 1684 1655 Otto
1709 1623 1748 1655 de
1774 1622 1907 1663 Gfitrat,
1933 1623 2062 1655 Ulricus

422 1670 461 1702 de
487 1671 630 1714 Capella,
656 1673 844 1706 Werdarius
869 1678 901 1706 et
925 1699 956 1707 ..
982 1675 1271 1717 Bombgartariusd
1296 1676 1344 1707 La
1368 1676 1544 1715 intrabunt,
1569 1679 1642 1707 ante
1667 1676 1926 1707 satisfaccionem
1949 1676 2061 1717 plena-

423 1729 502 1759 riam
526 1726 643 1758 abinde
667 1726 850 1758 nullatenus
874 1728 1044 1759 recessuri.
1090 1727 1211 1758 Verum
1237 1728 1263 1759 si
1287 1739 1344 1770 per
1368 1739 1424 1759 nos
1449 1729 1586 1767 steterit,
1612 1728 1781 1770 quominus
1806 1728 1895 1758 illata
1919 1738 1976 1769 per
2000 1738 2057 1759 nos

422 1780 538 1811 iniuria
567 1779 656 1809 iuxta
683 1779 813 1810 modum
842 1789 1032 1821 expressum
1061 1780 1208 1821 superius
1237 1784 1446 1818 retractetur,
1478 1784 1553 1811 tunc
1581 1780 1693 1811 fideles
1723 1780 1823 1811 nostri
1847 1779 1995 1810 Bauarus
2019 1779 2058 1810 de

423 1832 639 1871 Strachonitz,
665 1831 892 1862 Harchclebus
917 1831 956 1862 de
980 1831 1108 1871 Dubna,
1135 1831 1234 1863 Smilo
1259 1832 1299 1863 de
1324 1832 1493 1872 Belchow,
1517 1832 1672 1863 Albertus
1697 1832 1736 1863 de
1760 1832 1858 1870 Vren,
1883 1831 2002 1862 Bsnato
2027 1833 2059 1862 et

422 1883 526 1914 Tazzo
550 1883 633 1914 filius
665 1883 748 1921 eius,
781 1882 968 1922 Chirninus,
998 1883 1129 1921 Mucen,
1161 1884 1342 1923 Gerar-dus,
1366 1884 1493 1925 Milota,
1518 1884 1669 1925 Beseggc
1694 1888 1725 1915 et
1749 1884 1786 1915 T.
1803 1884 1893 1915 ⁴filius
1917 1883 2059 1914 Ruconis

421 1936 598 1977 Znoymam
632 1946 687 1977 pro
720 1936 810 1966 nobis
843 1935 1024 1975 intrabunt,
1053 1936 1169 1967 exinde
1199 1940 1273 1967 ante
1301 1937 1558 1968 satisfaccionem
1588 1937 1766 1978 plenariam
1795 1936 1979 1967 nullatenus
2008 1946 2058 1966 re-

421 1988 553 2019 cessuri.

531 2050 578 2080 14.
603 2047 645 2078 Et
669 2047 708 2078 (10
733 2047 792 2078 11115
816 2048 954 2079 fideliter
979 2048 1188 2080 observandis
1213 2052 1244 2080 et
1269 2049 1372 2080 eciam
1396 2049 1551 2081 faciendis
1583 2052 1647 2080 tam
1676 2049 1777 2091 ipsius
1807 2048 1924 2080 domini
1958 2047 2057 2078 nostri

420 2101 505 2141 regis
537 2110 631 2140 quam
661 2100 759 2130 nostri
788 2099 900 2130 fideles
929 2100 1063 2142 predicti
1095 2101 1303 2142 prestiterunt
1333 2102 1541 2143 corporaliter
1573 2102 1798 2133 iuramentum.
1852 2100 1895 2132 Et
1920 2100 1978 2131 hec
2012 2099 2056 2130 ita

421 2152 614 2195 procedent,
640 2152 666 2183 si
691 2153 722 2182 in
747 2153 982 2191 communibus,
1007 2156 1041 2183 ut
1064 2153 1095 2184 in
1120 2153 1243 2195 predis,
1275 2154 1385 2194 spoliis
1410 2154 1516 2195 parvis
1541 2157 1573 2184 01
1597 2154 1667 2185 aliis
1696 2153 1842 2193 minutis,
1874 2155 1906 2183 et
1935 2162 1997 2183 non
2026 2151 2057 2182 in

420 2204 647 2247 principalibus
671 2204 816 2234 articulis
840 2215 904 2246 pax
929 2215 947 2235 a
972 2209 1114 2236 nostrum
1140 2206 1245 2247 aliquo
1270 2206 1337 2237 sive
1361 2206 1477 2237 nostris
1502 2206 1598 2237 fucrit
1621 2205 1748 2236 violata.

531 2276 576 2305 15.
603 2274 635 2303 Si
654 2284 727 2304 vcro
754 2274 783 2304 111
802 2274 986 2313 maioribus,
1012 2278 1045 2305 ut
1069 2275 1100 2305 111
1126 2274 1397 2317 occupacionibus
1422 2276 1640 2306 municionum
1665 2286 1722 2307 seu
1747 2278 1924 2306 castrorum
1950 2273 2054 2305 solen-

420 2327 506 2357 nium
532 2330 563 2356 ct
587 2326 759 2367 insignium
793 2330 824 2356 et
854 2326 1003 2357 similium
1036 2327 1086 2357 vel
1118 2328 1277 2358 occisione
1306 2338 1444 2369 persone
1475 2328 1615 2359 solennis
1644 2331 1676 2359 01
1703 2328 1827 2368 gravis,
1862 2337 1919 2369 per
1949 2327 2054 2368 ipsum

421 2378 582 2409 dominum
601 2382 741 2408 nostrum
768 2388 876 2418 regen}
894 2377 1112 2409 Romanorum
1136 2378 1186 2409 vel
1211 2379 1312 2420 ipsius
1336 2379 1483 2410 homines
1508 2380 1595 2421 pacis
1620 2379 1782 2410 ordinacio
1806 2379 1901 2409 fuerit
1918 2377 2055 2408 violata⁰

420 2442 478 2461 nec
504 2431 587 2469 idem
613 2430 758 2461 (lominus
789 2441 844 2461 rex
878 2431 965 2461 11111111
995 2431 1075 2461 infra
1105 2431 1275 2462 terminum
1300 2442 1489 2473 expressum
1522 2432 1668 2473 superius
1692 2431 1912 2463 emendaverit
1937 2429 1988 2461 vel
2005 2439 2054 2460 re-

420 2483 607 2514 tractaverit
632 2483 719 2513 iuxta
749 2483 876 2514 niodum
908 2494 1004 2525 supra
1030 2487 1188 2522 notatum,
1221 2488 1339 2514 extunc
1369 2485 1565 2516 venerabilis
1589 2484 1795 2516 l'ataviensis
1825 2483 1994 2526 episcopus
2023 2485 2054 2513 et

422 2536 562 2566 illustres
587 2535 747 2577 principes
772 2535 919 2565 dominus
946 2535 979 2566 L.
1006 2546 1113 2566 comes
1138 2536 1298 2577 palatinus
1324 2536 1406 2567 lteni
1431 2536 1494 2567 dux
1522 2536 1661 2568 Bavarie
1686 2540 1717 2567 et
1741 2536 1888 2567 dominus
1912 2536 1964 2566 Al.
1989 2533 2053 2564 dux

421 2588 561 2619 Saxonie
587 2598 624 2617 ac
649 2588 701 2617 alii
727 2587 909 2625 duodecim,
940 2599 1019 2629 quos
1052 2588 1090 2618 de
1120 2589 1220 2630 ipsius
1249 2588 1365 2619 domini
1390 2590 1489 2620 nostri
1514 2590 1599 2630 regis
1625 2589 1807 2627 comitibus,
1837 2587 1997 2619 nobilibus
2021 2590 2052 2617 et

421 2639 685 2670 ministerialibus
710 2638 812 2669 dietus
838 2639 1060 2670 Olomurcnsis
1085 2641 1255 2681 episcopus
1281 2641 1424 2681 elegerit.
1450 2644 1617 2682 postquam
1644 2652 1700 2683 per
1724 2652 1781 2671 nos
1799 2641 1909 2672 moniti
1933 2639 2052 2671 fuerint

524 2743 584 2769 139,
605 2743 629 2774 ⁴¹)
649 2753 683 2766 un
704 2744 906 2774 l’nunlvgnrtuiins
926 2744 982 2768 ota?
1069 2744 1091 2774 ι“)
1111 2745 1166 2768 stila
1186 2745 1292 2769 mutim-i
1311 2745 1429 2776 svrt'plum
1449 2754 1501 2773 0r.‚·
1520 2747 1552 2777 rs.
1573 2754 1650 2777 supra
1671 2756 1725 2770 ιι.(·.

2095 706 2118 724 10

2094 980 2116 999 15

2088 1528 2111 1547 25

2087 1789 2111 1807 ³0

2085 2064 2107 2083 35

2081 2336 2105 2355 ⁴0

2078 2596 2101 2615 45
