2259 3164
435 181 591 207 RUDOLFI
611 181 717 207 REGIS
736 180 1058 208 CONSTITUTIONES.
1097 182 1170 208 1284.
1209 184 1282 209 1282.
1320 185 1366 210 Nr.
1380 186 1437 211 332.
1451 185 1508 212 333.
1726 189 1787 218 319

259 267 311 298 Ad
336 270 481 299 nostram
505 268 626 309 regiam
650 267 850 298 audienciam
875 270 926 298 est
949 267 1137 306 deductum,
1169 269 1252 309 quod
1282 273 1315 300 tu
1339 275 1469 313 recepta
1492 274 1628 313 pecunia
1652 273 1691 304 ab
1715 274 1786 304 illu-

153 319 272 350 stribus
298 319 540 350 marchionibus
564 318 604 350 de
627 318 866 361 Brandenburg
890 319 936 351 eis
961 319 1173 361 spoponderis
1198 323 1307 351 contra
1331 322 1476 354 dominos
1502 324 1609 355 Slavie
1639 328 1670 355 et
1699 325 1786 356 cives

151 371 359 411 Lubicenses‚
386 374 511 402 nostros
534 371 646 402 fideles
670 370 815 409 dilectos,
838 371 869 401 in
894 382 1088 412 gwerrarum
1114 371 1308 411 discrimine,
1334 374 1415 414 quod
1440 375 1524 406 inter
1548 376 1678 407 eosdem
1703 387 1786 408 mar-

152 422 282 453 chiones
317 433 358 454 ex
389 433 453 454 una
484 426 516 454 et
547 421 708 463 predictos
740 422 885 453 dominos
911 422 1018 453 Slavie
1050 433 1091 453 ex
1120 427 1212 464 parte
1242 425 1365 455 altera¹²
1389 429 1438 457 cst
1462 427 1645 464 subortum,
1678 432 1788 459 contra

111 488 122 506 ε.
150 474 251 505 nostri
275 474 403 506 honoris
434 477 467 506 et
490 474 627 505 nominis
650 474 803 505 lesionem
829 485 866 505 ac
889 475 1050 516 generalis
1074 475 1163 516 pacis
1194 476 1478 519 pulchritudinem,
1511 490 1565 521 pro
1597 480 1687 510 cuius
1712 491 1786 511 con-

151 527 333 558 servatione
360 530 393 557 te
418 526 627 558 credebamus
652 529 684 557 et
707 526 813 557 adhuc
839 526 997 557 credimus
1014 526 1105 557 iuxta
1122 527 1235 558 crediti
1252 528 1308 559 tibi
1333 540 1350 559 a
1368 530 1458 561 nobis
1476 531 1615 561 officium
1633 531 1786 571 debitum,

151 588 189 609 eo
221 577 304 619 quod
329 579 360 609 in
383 578 446 609 illis
470 577 615 619 partibus
639 580 749 609 noster
772 578 918 609 officialis
943 581 974 609 et
998 578 1135 609 vicarius
1160 579 1283 618 existis,
1308 581 1414 622 potius
1439 585 1470 613 et
1494 593 1544 613 res
1569 593 1731 624 exponere
1756 587 1788 615 et

149 640 329 671 personam,
358 640 453 672 quam
476 630 507 660 in
532 630 632 671 ipsius
649 630 753 660 moliri
776 630 881 661 minus
898 629 1031 671 provide
1048 630 1286 671 detrimentum,
1313 635 1401 663 tuum
1419 634 1574 664 auxilium
1592 645 1648 675 pro
1667 635 1786 666 viribus

148 682 307 723 inpertiri.
352 681 535 723 Eapropter
564 684 651 713 tuam
684 682 902 713 sinceritatem
933 692 1084 723 rogamus
1110 685 1142 713 et
1166 682 1330 714 hortamur
1353 685 1539 725 plenissimo
1564 696 1635 716 cum
1659 687 1786 725 affectu,

98 746 122 764 ιο
148 733 338 765 mandantes
367 733 424 764 tibi
453 733 680 765 nichilominus
711 733 853 765 studiose
880 737 912 764 et
935 734 1059 775 precise
1084 734 1243 773 volentes,
1274 736 1422 776 quatinus
1447 747 1517 768 cum
1542 748 1583 768 ex
1606 738 1787 769 huiusmodi

149 796 344 827 gwerrarum
371 785 573 817 dissensione
600 785 784 828 respublica
808 797 899 817 suum
932 786 994 817 sibi
1026 785 1133 817 videat
1160 787 1328 818 imminere
1357 789 1535 829 periculum
1567 792 1599 820 et
1628 791 1787 831 generalis

149 837 238 879 pacis
268 837 492 879 amplectanda
522 838 681 869 serenitas
713 849 821 869 amare
853 838 983 869 lesionis
1007 838 1179 869 scissuram
1203 839 1264 870 sibi
1288 841 1411 871 senciat
1434 841 1616 879 affuturam,
1641 853 1703 872 non
1728 842 1785 873 ali-

149 899 299 930 quorum,
337 889 390 930 qui
423 889 505 921 forte
538 893 592 920 tuo
625 889 737 921 honori
770 900 826 932 pro
858 890 1001 931 ipsorum
1032 890 1259 922 commoditate
1291 892 1417 932 privata
1451 893 1583 934 cupiunt
1618 893 1786 934 derogare,

148 940 409 982 persuasionibus
440 941 676 972 consenciendo
701 944 756 972 aut
779 952 874 972 aures
899 941 1027 982 patulas
1050 941 1236 982 arrigendo,
1266 944 1422 984 premisse
1455 955 1554 976 werre
1587 948 1617 975 te
1646 956 1709 975 non
1739 946 1785 976 in-

98 1006 120 1024 15
147 992 284 1024 misceas
314 993 548 1035 quoquomodo,
573 993 628 1024 sed
652 993 735 1024 inter
759 993 858 1024 dictas
882 996 992 1034 partes
1016 996 1082 1024 toto
1108 994 1275 1026 conamine
1300 996 1389 1037 pacis
1407 995 1518 1027 federa
1538 996 1668 1027 studeas
1686 997 1786 1028 refor-

150 1055 247 1075 mare.
294 1044 344 1076 Ob
374 1045 434 1076 hoc
458 1045 569 1087 utique
593 1048 703 1076 nostre
729 1045 922 1076 excellentie
947 1045 1027 1077 adeo
1058 1046 1280 1087 conplacebis,
1310 1046 1394 1088 quod
1425 1050 1511 1078 tuam
1541 1047 1656 1078 obinde
1690 1049 1785 1079 devo-

148 1096 271 1126 cionem
296 1096 440 1138 cogimur
463 1107 527 1128 non
551 1097 710 1128 immerito
728 1096 964 1128 commendare.
1005 1097 1038 1128 Si
1055 1108 1130 1128 vero
1154 1108 1245 1129 secus
1270 1099 1396 1138 feceris,
1421 1099 1505 1141 quod
1530 1110 1593 1130 non
1617 1100 1786 1139 credimus,

147 1151 289 1179 nostram
315 1149 469 1180 offensam
494 1151 525 1181 te
549 1150 677 1180 noveris
702 1149 904 1180 incursurum
928 1149 1080 1190 graviter.
1122 1149 1212 1181 Scias
1238 1151 1355 1189 eciam,
1381 1152 1466 1193 quod
1490 1152 1521 1182 in
1544 1152 1635 1183 brevi
1660 1153 1786 1183 nuntios

148 1202 273 1231 nostros
309 1201 506 1242 sollempnes
539 1201 579 1232 ad
608 1201 710 1232 dictas
735 1203 842 1243 partes
867 1201 1138 1240 transmittemus,
1167 1202 1220 1243 qui
1249 1203 1391 1244 prefatos
1421 1204 1564 1235 dominos
1593 1203 1632 1234 ad
1659 1214 1785 1235 conser-

97 1265 121 1284 20
152 1251 291 1283 vandum
315 1253 403 1294 pacis
427 1253 539 1285 federa
562 1256 672 1284 nostro
698 1253 825 1284 nomine
851 1256 883 1284 et
906 1253 1098 1285 auctoritate
1115 1253 1270 1285 inducent
1294 1266 1331 1286 ac
1356 1266 1412 1286 eas
1430 1256 1629 1286 autorizante
1647 1255 1785 1287 Domino

151 1303 308 1335 reducent
331 1304 371 1335 ad
395 1307 504 1346 optate
528 1305 617 1346 pacis
642 1308 675 1336 et
699 1305 867 1336 concordie
892 1306 1053 1336 unionem.

253 1355 373 1387 Datum
396 1356 556 1397 Friburgi,
581 1356 656 1387 VII.
673 1355 747 1387 Idus
771 1356 864 1396 Iunii,
889 1357 980 1397 regni
1004 1356 1104 1388 nostri
1129 1368 1213 1390 anuo
1238 1359 1296 1391 XI.

147 1672 402 1724 333—335.
439 1670 915 1725 OONCORDIA
947 1671 1122 1724 CUM
1154 1671 1782 1726 ARCHIEPISCOPO

716 1747 1220 1802 COLONIENSL

97 1859 121 1878 2⁵
699 1850 806 1886 102802.
846 1850 911 1886 Iul.
933 1850 1158 1895 aa—Sept.
1180 1851 1238 1886 27.

619 1949 695 1981 333.
720 1951 961 1982 LITTERAE
982 1951 1134 1982 REGIS.
1180 1950 1241 1981 Iul.
1258 1951 1309 1982 ⁴26.

252 2010 430 2050 Supersunt
458 2011 585 2041 nonnisi
613 2012 646 2042 [n
672 2011 818 2050 Copc‘m'io
842 2012 898 2050 (sui
928 2012 1046 2042 (licitur
1069 2012 1189 2049 Sisi-idi
1217 2011 1441 2050 ammqu‘seopi
1473 2013 1505 2042 [ιι
1528 2012 1684 2043 tabulario
1707 2014 1781 2043 σιίιί-

146 2062 220 2092 tatis
246 2062 438 2094 Coloniensis
460 2065 616 2093 asservato
639 2063 737 2094 Illsmz
762 2064 803 2094 A.
825 2064 905 2101 XII,
922 2065 941 2093 -1
964 2073 1044 2095 saec.
1064 2063 1158 2093 XIV.
1178 2062 1236 2104 sol.
1256 2065 1317 2094 25¹.
1351 2062 1464 2094 Denuo
1488 2073 1543 2093 uos
1568 2064 1628 2102 {2132ss
1651 2064 1781 2095 contull-

145 2124 223 2146 muS.
248 2133 287 2136 —
311 2114 455 2151 Bo'hmer,
481 2114 553 2154 Rey.
571 2115 643 2154 inm.
667 2114 717 2153 VI,
732 2117 824 2146 1636.
1494 2114 1545 2153 (P.
1569 2115 1676 2154 deest.)

99 2222 122 2240 30
255 2209 445 2251 Rudolphus
479 2209 542 2241 Dei
576 2210 685 2250 gracia
715 2209 931 2241 Romanorum
966 2221 1023 2242 rex
1066 2221 1196 2252 semper
1229 2212 1384 2251 augustus
1415 2210 1573 2241 universis
1612 2213 1781 2251 presentes

147 2260 271 2292 litteras
296 2261 488 2303 inspecturis
512 2262 649 2293 salutem
675 2264 707 2293 et
730 2273 823 2294 omne
848 2262 976 2295 bonum.

252 2313 299 2354 (1)
324 2313 372 2344 Ne
401 2313 535 2354 insignis
563 2313 766 2345 Coloniensis
796 2314 953 2353 ecclesia,
977 2325 1072 2356 quam
1103 2313 1197 2345 decet
1220 2313 1394 2345 devocione
1419 2313 1529 2345 debita
1552 2315 1714 2353 venerari,
1740 2325 1780 2345 ex

155 2364 334 2406 periculose
357 2364 568 2396 dissensionis
593 2366 737 2405 materia,
763 2376 823 2407 que
848 2366 930 2397 inter
953 2377 1011 2397 nos
1036 2369 1067 2396 et
1083 2365 1299 2397 venerabilem
1324 2369 1447 2406 patrem
1473 2365 1618 2397 eiusdem
1643 2366 1779 2397 ecclesie

152 2415 428 2458 archiepiscopum
453 2417 627 2458 principem
663 2420 804 2448 nostrum
834 2417 989 2449 hactenus
1015 2418 1232 2455 v·e1‘tebatur⁸,
1258 2417 1417 2458 aliquibus
1445 2418 1603 2448 ruinosis¹'
1628 2418 1781 2448 obruatur

99 2478 121 2496 ³5
152 2467 303 2508 periculis
328 2470 361 2498 et
384 2467 560 2508 reipublice
584 2469 687 2498 status
705 2468 834 2499 floridus
859 2468 927 2499 sine
944 2468 1189 2510 perturbacione
1207 2469 1350 2510 qualibet
1367 2472 1584 2502 conservetur,
1610 2469 1777 2500 medianti-

151 2517 210 2548 bus
234 2518 474 2549 venerabilibus
498 2518 641 2560 patribus
663 2519 755 2551 Wer.
780 2519 1021 2562 archiepiscopo
1046 2520 1287 2561 Maguntinensi
1311 2523 1343 2551 ct
1366 2520 1407 2552 H.
1433 2520 1604 2551 Basiliensi
1629 2521 1778 2562 episcopo

151 2569 346 2611 principibus
376 2571 491 2601 nostris
517 2570 643 2602 dilectis
673 2582 730 2613 per
758 2572 962 2603 honorabiles
986 2573 1071 2603 viros
1102 2573 1159 2604 Th.
1191 2573 1346 2604 decanum
1375 2573 1522 2610 maioris,
1548 2572 1637 2603 XVer.
1670 2572 1778 2602 Sancti

152 2620 316 2661 Gereonis,
342 2622 400 2653 Ar.
424 2622 536 2654 Sancti
560 2621 706 2654 Severini
731 2624 923 2665 prepositos,
947 2623 983 2656 F.
1009 2624 1166 2656 decanum
1191 2625 1380 2656 Sanctorum
1404 2624 1642 2666 Apostolorum,
1668 2623 1712 2654 lo,
1738 2623 1776 2653 dc

101 2722 125 2741 ⁴0
253 2715 317 2742 332.
337 2715 359 2748 Ε)
378 2725 408 2741 ex
429 2720 498 2749 parte
517 2718 598 2742 altera
617 2726 696 2749 snpra
717 2718 810 2743 lineam
829 2719 949 2750 scriplum
969 2723 999 2743 [r.

251 2792 315 2821 333·
335 2795 358 2826 ὃ)
377 2795 487 2827 sequitur
505 2796 634 2828 alinquibf,
653 2796 760 2821 deletam
779 2805 797 2821 c.
886 2795 909 2828 b)
929 2797 1041 2821 niuosis?
1059 2806 1078 2822 c.
