2259 3116
409 157 468 186 592
1108 153 1290 179 APPENDIX
1311 153 1358 180 ΙΙΙ.

409 243 494 282 1111115
519 249 702 271 consuetum
729 241 841 276 fuerat,
867 251 927 270 non
952 240 1111 271 modicum
1137 241 1317 281 derogatur.
1354 240 1454 270 Vobis
1478 241 1589 273 eciam.
1614 243 1706 280 pater
1722 240 1907 279 reverende,
1933 245 1964 271 et
1987 242 2055 273 aliis

409 293 620 324 confratribus
654 294 767 323 vestris
802 299 833 323 et
875 293 1087 333 coepiscopis.
1128 293 1243 333 legatis
1278 293 1379 323 eciam
1418 302 1436 322 a
1472 292 1572 322 latere
1608 295 1713 321 vestro
1749 292 1852 321 missis
1886 302 1948 322 11011
1975 292 2055 325 bene

409 346 520 376 sedere
546 345 680 380 videtur,
705 344 789 385 quod
815 355 884 374 cuni
910 345 940 374 in
965 344 1145 375 cottidianis
1168 343 1437 385 predicationibus
1454 343 1566 373 vestris
1590 346 1622 373 et
1645 344 1759 373 nostris
1786 354 1848 373 non
1871 344 1942 384 plus
1963 355 2055 386 quam

410 397 622 438 quadraginta
652 396 719 427 dies
748 396 823 426 dare
853 396 1125 428 consueverimus.
1162 406 1271 426 eorum
1304 395 1476 425 auctoritas
1507 394 1666 424 excellere
1696 405 1753 424 nos
1782 394 1916 426 videtur.
1974 396 2056 432 Quid

409 460 486 489 ergo
511 453 609 479 restat
634 448 826 483 faciendum,
850 449 947 478 immo
972 448 1066 478 nichil
1091 448 1177 478 aliud
1201 448 1235 478 fit
1259 447 1403 483 cottidie,
1428 447 1485 476 nisi
1512 446 1595 487 quod
1620 457 1736 477 nomen
1760 447 1891 477 fratrum
1916 449 2057 488 patribus

409 500 599 541 111-9111111991,
630 499 847 530 sacerdotibus
880 499 1029 530 videlicet
1059 500 1230 540 episcopis,
1260 500 1356 529 innuo
1385 498 1488 530 vobis.
1514 503 1546 528 91
1568 504 1713 538 pastores
1737 499 1886 529 ammodo
1911 499 1971 530 dici
1996 512 2056 532 non

410 552 584 582 debeamus
614 562 671 582 nec
701 556 848 592 oporteat
871 552 992 582 vultum
1024 562 1197 591 agnoscere
1222 552 1345 591 pecoris
1369 551 1466 580 nostri
1492 551 1522 580 in
1547 549 1797 580 confessionibus
1825 561 1882 581 nec
1906 551 2055 592 pabulum

410 606 456 634 eis
480 604 711 645 predicacionis
734 604 849 633 afferre
875 614 932 633 nec
957 614 1067 634 curare
1085 603 1249 640 infirmum
1278 613 1336 633 nec
1361 601 1559 632 consolidare.
1589 602 1799 641 confractum,
1830 613 1901 633 cum
1930 604 1988 644 ipsi
2018 605 2056 636 de

410 657 469 686 hiis
494 655 638 686 omnibus
672 655 762 685 nobis
791 656 896 685 invitis
926 660 958 686 et
982 656 1169 696 irrequisitis
1193 666 1225 685 se
1251 655 1380 684 cottidie
1406 654 1631 693 intromittant,
1662 654 1882 694 privilegiatos
1906 666 1939 686 se
1964 656 1995 686 in
2019 667 2056 688 eo

411 719 466 748 per
497 707 605 738 sedem
638 707 845 748 apostolicam
878 711 1065 737 asserentes.
1119 707 1211 737 Fndc
1244 707 1316 746 quia
1348 716 1409 735 non
1438 706 1707 735 comnnmicamus
1735 707 1827 741 vivis,
1863 717 1920 737 nec
1957 708 2056 739 eciam

410 760 679 789 communicamus
708 758 864 789 defunctis
893 759 958 789 sive
987 759 1017 788 in
1047 758 1260 788 oblationibus
1291 759 1356 788 sive
1385 758 1416 787 in
1440 758 1592 787 911110111911
1616 759 1772 797 portione.
1819 758 1950 789 Habent
1973 761 2056 791 enim

410 812 483 842 dicti
510 811 624 841 fratres
648 811 678 840 in
703 810 882 841 civitatibus
907 811 995 851 quasi
1022 811 1160 840 omnium
1186 810 1347 840 hominum
1374 809 1562 849 sepulturas.
1610 808 1727 839 Semen
1751 810 1948 847 clericorum,
1973 812 2056 852 quod

411 864 440 892 in
471 863 670 893 testamentis
701 861 892 902 quandoque
928 866 1075 897 steterat,
1104 873 1184 892 nunc
1210 873 1227 892 a
1253 862 1452 892 testamentis
1483 861 1656 891 dinoscitur
1685 862 1811 902 penitus
1835 862 1988 893 cecidisse
2023 868 2056 894 et

411 915 518 955 legata
543 919 614 945 sunt
637 914 677 944 ab
702 915 747 945 eis
770 915 896 954 penitus
921 914 1073 954 relegata.
1122 914 1191 944 Hec
1216 914 1344 954 quidem
1370 917 1441 943 sunt
1466 913 1618 953 dampna,
1644 924 1704 954 que
1730 913 1833 944 clerus
1857 915 1990 945 sustinet
2017 915 2056 946 ab

411 967 541 997 eisdem.
604 965 728 996 Exinde
771 970 876 996 autem
921 966 1011 1006 plura
1053 966 1274 996 convenientia
1314 965 1530 995 subsecuntur.
1650 965 1745 996 Certe
1790 976 1860 996 911111
1903 966 2057 998 Dominus

410 1019 505 1049 beato
529 1019 626 1049 Petro
657 1018 802 1058 apostolo
827 1018 917 1047 simul
944 1019 1139 1048 commiserit
1162 1019 1209 1047 ius
1232 1017 1351 1057 ligandi
1376 1021 1472 1057 atque
1497 1017 1640 1047 solvendi
1677 1022 1709 1047 et
1733 1028 1803 1048 eum
1828 1019 2056 1049 contrariorum

411 1082 480 1101 csse
517 1070 634 1101 debeat
658 1070 770 1101 eadem
796 1070 979 1111 disciplina„
1016 1071 1182 1107 miramur,
1213 1069 1349 1110 qualiter
1380 1070 1426 1099 ius
1458 1069 1602 1099 solvendi
1633 1069 1752 1099 habere
1778 1080 1810 1099 se
1836 1069 1956 1107 dicant,
1986 1081 2056 1101 culn

411 1133 472 1152 non
496 1122 636 1152 babeant
664 1123 711 1152 1115
741 1122 858 1162 ligandi
889 1133 946 1152 nec
972 1123 1067 1152 etiam
1093 1121 1212 1152 habere
1238 1121 1371 1157 vellent,
1402 1132 1472 1151 911111
1498 1122 1556 1152 9151
1582 1122 1799 1152 eolmnittatur
1822 1122 1868 1151 eis
1892 1123 1993 1152 eciam
2018 1122 2056 1153 ab

411 1175 578 1214 episcopis,
604 1174 688 1214 quod
713 1174 850 1214 aliquem
869 1174 1154 1210 excommunicent,
1180 1172 1316 1203 reddunt
1340 1183 1373 1203 se
1391 1173 1537 1203 difficiles
1555 1177 1717 1214 tamquam
1739 1177 1921 1213 exemptos;
1946 1174 2058 1204 timent

412 1226 494 1255 enim
520 1236 559 1256 ex
584 1225 642 1255 hoc
667 1226 712 1255 915
737 1225 919 1265 displicere,
953 1229 1061 1255 contra
1091 1236 1169 1265 quos
1197 1225 1256 1254 hoc
1282 1228 1366 1255 esset
1390 1225 1523 1255 forsitan
1547 1225 1738 1255 faciendum.
1785 1225 1906 1256 Volunt
1930 1227 2056 1266 quidem

412 1277 520 1307 bibere
545 1277 675 1307 calicem
700 1278 762 1306 vini
786 1278 879 1311 meri,
909 1288 979 1307 cum
1005 1282 1109 1307 tamen
1135 1277 1247 1317 plenus
1272 1277 1311 1306 sit
1334 1277 1449 1313 mixte,
1481 1280 1514 1307 91
1538 1277 1591 1307 fex
1616 1277 1683 1307 eius
1714 1287 1774 1306 1101]
1800 1278 1839 1307 511
1863 1278 2023 1309 exinanita
2035 1278 2056 1318 ¹,

413 1328 581 1359 bibendam
614 1328 699 1358 illam
729 1328 850 1359 clericis
882 1329 1106 1369 relinquentes.
1153 1328 1311 1358 Videntur
1335 1329 1418 1358 enim
1444 1328 1518 1358 dicti
1543 1329 1658 1359 fratres
1686 1339 1749 1358 non
1773 1330 1912 1360 curando
1937 1341 2056 1370 curare,

413 1392 481 1410 cum
508 1391 613 1410 curam
639 1391 700 1410 non
724 1380 864 1410 habeant
888 1381 1073 1410 animarum.
1116 1381 1294 1411 Utilitatem
1320 1391 1393 1410 cure.
1418 1381 1597 1420 percipiunt
1621 1384 1653 1411 et
1677 1381 1745 1411 eius
1768 1381 1944 1421 perieulum
1968 1392 2056 1412 recu-

412 1436 518 1462 santes
546 1432 680 1468 habere,
716 1436 846 1472 presunt
879 1433 944 1462 51119
976 1432 1201 1469 sollicitudine,
1238 1432 1390 1462 honorem
1424 1443 1496 1462 cure
1521 1432 1677 1463 habentes
1713 1434 1778 1464 sine
1810 1444 1905 1464 onere
1937 1438 1968 1464 et
1991 1434 2055 1464 sine

413 1484 599 1514 discriminis
634 1485 751 1524 proprii
787 1484 938 1524 periculo.
974 1489 1184 1524 agnoscentes
1219 1485 1350 1514 crimina
1383 1484 1527 1514 aliorum.
1574 1484 1655 1515 Item
1687 1485 1858 1515 auctoritas
1888 1496 1996 1516 eorum
2026 1486 2056 1515 in

413 1535 662 1565 confessionibus
691 1535 856 1566 audiendis
885 1537 1178 1576 penitentiariorum
1210 1540 1385 1566 vestrorum
1415 1536 1540 1567 videtur
1568 1537 1726 1567 excedere
1753 1541 1956 1577 potestatem.
2007 1537 2057 1567 Illi

413 1588 495 1617 enim
521 1588 685 1617 remittunt
708 1588 747 1617 ad
772 1598 828 1617 nos
852 1587 1015 1618 absolutos
1040 1599 1095 1628 pro
1113 1588 1288 1628 penitentia
1306 1587 1508 1628 iniungenda.
1545 1588 1600 1618 Isti
1625 1599 1700 1618 vero
1718 1588 1885 1619 absolvunt
1909 1593 1941 1619 et
1957 1589 2056 1619 iniun-

413 1642 490 1677 gant
509 1639 699 1679 penitentias
716 1640 781 1669 sinc
800 1639 898 1669 nobis.
937 1640 1049 1680 Legati
1075 1651 1092 1669 a
1110 1640 1209 1670 latere
1228 1644 1332 1670 vestro
1350 1641 1435 1670 missi
1458 1640 1628 1680 legationis
1653 1651 1707 1670 sue
1726 1641 1877 1671 terminos
1894 1645 2056 1681 exeuntes,

414 1691 642 1730 archiepiscopi
680 1696 711 1721 et
746 1691 886 1731 episcopi
923 1697 1013 1721 extra
1050 1702 1121 1721 suas
1157 1691 1301 1722 dioceses
1336 1691 1375 1721 de
1407 1691 1602 1721 absolvendo
1634 1696 1666 1722 et
1694 1692 1823 1732 ligando
1848 1693 2056 1723 intromittere

414 1754 446 1770 59
477 1753 537 1772 non
569 1747 706 1782 possunt.
754 1743 882 1773 Fratres
906 1754 980 1773 vcro
1006 1743 1045 1773 ad
1072 1754 1287 1784 quascumque
1318 1748 1418 1774 terras
1446 1744 1590 1780 veniunt,
1621 1744 1788 1784 iniungunt
1811 1745 2003 1785 penitentias
2027 1748 2058 1775 et

415 1794 591 1828 absolvunt,
616 1794 811 1825 excellentes
835 1795 864 1824 in
890 1795 948 1825 hac
973 1795 1189 1825 iurisdictione
1214 1806 1324 1825 omnes
1348 1796 1582 1826 iurisdictiones
1599 1795 1775 1826 ordinarias
1799 1801 1831 1827 et
1855 1797 1951 1827 etiam
1969 1796 2055 1827 dele-

415 1851 514 1882 gatas.
566 1846 596 1875 ln
627 1846 686 1875 hiis
715 1846 859 1876 omnibus
889 1847 1052 1877 eonsilium
1082 1848 1164 1877 vires
1193 1852 1315 1877 nostras
1347 1847 1487 1883 excedit,
1523 1852 1571 1877 set
1598 1853 1737 1878 vestrum
1769 1852 1817 1878 est
1844 1849 1954 1889 pocius
1984 1859 2055 1889 pro-

416 1897 537 1931 videre,
567 1897 650 1937 quod
675 1902 707 1927 et
731 1898 923 1938 111-9111101011]
949 1904 981 1928 91
1005 1899 1079 1929 91911
1105 1899 1277 1929 auctoritas
1301 1903 1519 1937 conservetur,
1552 1904 1584 1929 et
1619 1899 1840 1929 nichilominus
1874 1903 1938 1930 tam
1969 1910 2055 1930 sanc-

417 1954 517 1978 torum
550 1949 692 1978 ordinum
724 1950 890 1980 multitudo
915 1951 1054 1980 maxima
1086 1951 1191 1981 valeat
1220 1951 1399 1986 sustentari,
1428 1951 1567 1981 mediam
1601 1952 1682 1981 forte
1707 1952 1789 1981 viam
1816 1951 1953 1982 tenendo
1976 1952 2057 1982 inter

417 2000 577 2029 domimini
599 2001 814 2031 Innocentimn
832 2013 946 2041 papam
969 2002 1044 2032 llll.
1063 2007 1094 2032 et
1115 2003 1188 2032 llll.
1208 2002 1437 2038 Alexandrum,
1463 2013 1595 2043 quorum
1614 2013 1693 2032 unus
1709 2013 1765 2043 pro
1783 2003 1878 2038 clero,
1904 2003 1984 2034 alter
2000 2013 2056 2044 pro

417 2051 565 2081 fratribus
590 2063 661 2081 suas
678 2053 917 2083 constitutiones
935 2054 1107 2084 dinoscitur
1124 2054 1271 2084 edidisse.
1309 2055 1464 2089 Quoniam
1490 2061 1595 2084 autem
1621 2055 1799 2085 iniunxistis
1823 2054 1922 2094 nobis,
1940 2053 2057 2095 aliquid

418 2103 536 2132 consilii
564 2104 658 2133 nostri
686 2105 712 2133 in
739 2115 824 2134 mare
855 2116 1003 2145 magnum
1034 2106 1232 2136 discretionis
1256 2110 1359 2136 vestre
1385 2106 1595 2146 presumimus
1619 2106 1783 2137 instillare.
1802 2107 1950 2137 videlicet
1975 2106 2056 2147 quod

418 2166 432 2183 a
460 2155 709 2185 confessionilais
738 2156 904 2186 audiendis
933 2158 1037 2197 quoad
1069 2158 1296 2188 consulendum
1328 2169 1388 2187 non
1414 2162 1581 2188 arceantur
1611 2158 1739 2193 fratres,
1771 2158 1827 2188 5911
1851 2169 1907 2198 pro
1933 2157 2056 2188 absolu-

420 2206 556 2235 tionibus
580 2211 611 2236 et
636 2207 816 2246 penitentiis
842 2209 1042 2247 iniungemlis
1067 2210 1230 2239 rsanittant
1258 2210 1478 2240 nichilominus
1502 2210 1689 2240 confitentes
1713 2210 1752 2240 ad
1770 2210 1931 2250 legitimos
1955 2220 2057 2240 sacer-

419 2258 518 2288 dotes.
569 2258 605 2287 l-It
630 2259 772 2298 ‹plamris
798 2260 910 2289 fratres
935 2261 1014 2290 alias
1039 2262 1097 2290 sint
1123 2262 1280 2301 exempti,
1313 2266 1416 2291 tamen
1443 2261 1546 2301 quoad
1573 2261 1788 2291 confessiones
1812 2261 2003 2292 audiendum
2027 2264 2058 2291 et

419 2309 518 2338 eciam
545 2310 769 2348 predicandum
796 2311 954 2350 eligantur
977 2312 1016 2342 ab
1035 2313 1192 2353 episcopis
1210 2317 1341 2346 tantum,
1367 2313 1418 2353 qui
1445 2313 1482 2343 ad
1510 2313 1567 2342 hoc
1592 2312 1631 2343 ab
1657 2315 1733 2354 ipsis
1750 2313 1873 2343 habiles
1898 2318 1930 2344 et
1946 2313 2059 2353 ¹ydonei

420 2360 604 2395 iudicentur,
624 2361 811 2392 habentibus
826 2368 1026 2402 potestatem,
1045 2365 1164 2405 90511111
1180 2376 1269 2395 secus
1283 2365 1543 2404 presumpserint,
1562 2376 1618 2405 per
1634 2376 1797 2395 censuram
1813 2365 2059 2395 ecclesiasticam

419 2412 639 2452 ⁴·‹nnpescendi
660 2419 689 2442 91
715 2414 813 2443 99111111
835 2414 1058 2453 predicationis
1081 2416 1238 2446 silentium
1259 2416 1439 2456 imponendi
1459 2425 1613 2456 perpetuo
1632 2418 1686 2450 eis,
1713 2417 1763 2457 qui
1790 2417 1819 2446 in
1838 2416 2059 2457 predicationi-

421 2463 476 2493 bus
501 2465 563 2493 suis
587 2464 671 2494 clero
697 2465 864 2495 detrahere
890 2475 1128 2497 consueverunt.
1180 2468 1224 2497 Nc
1249 2473 1370 2501 autem,
1403 2469 1482 2498 sicut
1516 2468 1632 2498 dictum
1659 2473 1706 2499 est
1730 2479 1840 2508 51111111,
1873 2467 2006 2508 populus
2031 2467 2059 2496 111

422 2515 636 2554 predicatione
656 2517 783 2546 fratrum
804 2517 997 2547 distrahatur
1014 2530 1028 2547 a
1051 2519 1152 2548 missis
1170 2519 1198 2548 111
1217 2520 1351 2559 propriis
1370 2520 1543 2559 parrochiis
1561 2520 1736 2552 11111119111115,
1761 2525 1900 2550 statuere
1919 2519 2058 2559 potestis,

421 2573 452 2595 nt
477 2566 515 2595 ab
541 2567 615 2606 ipsis
640 2567 788 2597 fratribus
813 2573 931 2598 tantum
960 2570 986 2598 in
1012 2570 1184 2609 parrochiis
1209 2570 1397 2610 111-9111991111.
1425 2572 1479 2600 11151
1500 2572 1603 2601 forsan
1631 2572 1659 2601 in
1678 2572 1808 2601 fratrum
1828 2570 2059 2609 festivitatibus,

422 2618 630 2648 dedicationis
659 2619 806 2649 videlicet
837 2626 868 2649 et
897 2622 1036 2660 patroni.
1069 2622 1124 2651 sub
1154 2623 1241 2652 cuius
1272 2623 1361 2652 titulo
1392 2623 1520 2663 speciali
1551 2634 1659 2653 eorum
1685 2623 1817 2653 ecclesia
1849 2628 1897 2653 est
1921 2621 2058 2652 fundata..

425 2669 557 2699 Videtur
581 2671 691 2701 eciam.
722 2671 803 2710 quod
831 2682 899 2701 cum
926 2672 1052 2702 ordines
1084 2674 1131 2703 isti
1158 2685 1252 2713 super
1277 2681 1497 2714 paupertatem
1523 2680 1554 2705 et
1580 2675 1817 2705 mendicitatem
1842 2674 1967 2714 penitus
1991 2676 2060 2702 sunt

424 2721 552 2750 fundati.
582 2722 672 2750 nichil
701 2723 833 2762 propriis
851 2723 994 2753 manibus·
1015 2724 1203 2756 laborantes.
1229 2736 1297 2755 cum
1325 2726 1381 2754 hoe
1408 2727 1473 2755 sine
1493 2727 1630 2756 maximo
1656 2725 1764 2759 mundi
1781 2725 1953 2765 111-9111111910
1978 2732 2058 2754 stare

527 2790 548 2815 ll
572 2789 611 2820 (Υ.
630 2790 669 2815 15,
688 2794 723 2816 H.
739 2796 773 2816 111,

2076 727 2100 746 10

2075 985 2098 1004 15

2075 1502 2098 1521 25

2075 1759 2099 1778 30

2075 2017 2098 2036 3⁵

2076 2273 2101 2292 ⁴¹)

2077 2526 2101 2544 45

2075 2790 2100 2810 50
