2259 3164
87 635 99 653 5

76 925 98 944 10

76 1179 98 1197 15

75 1438 100 1458 ‘20

77 1696 99 1715 25

78 1953 102 1972 ³0

79 2209 102 2228 ³5

85 2757 108 2776 {5

506 134 637 161 ADOLFI
656 134 759 160 REGIS
780 133 1102 160 CONSTITUTIONES.
1141 135 1213 160 1292.
1252 135 1298 161 Nr.
1312 136 1370 160 45<ss⁴
1701 138 1762 167 473

223 302 323 353 486.
371 299 958 353 PROMISSIONES
1000 300 1654 355 ARCHIEPISOOPO

515 376 1011 430 TREVIRENSI
1052 377 1369 430 FAOTAE.

813 470 920 505 1292
948 471 1015 505 Iul.
1039 471 1071 505 7.

220 571 333 602 Denuo
349 571 537 601 contulimus
552 571 767 610 (creatoyraplzon
787 571 974 610 neylz'syenter
998 571 1151 609 scriptum
1174 571 1327 601 tabularii
1347 572 1568 610 Conslzwnts'm'.
1616 574 1762 613 Siffl'llam

118 623 208 653 deest.
260 622 302 653 In
329 633 414 653 verso
442 622 603 661 Zeyzmtzcr:
636 622 772 653 Diverse
804 623 905 663 gratie
936 622 1055 652 domiui
1086 622 1194 652 Adulfi
1224 624 1308 663 regis
1337 626 1390 654 etc.
1447 624 1493 661 Cf.
1518 625 1663 661 Biihmer,
1689 625 1762 664 qu.

117 674 178 705 Ad.
195 675 223 704 4.
250 674 277 704 5.
303 676 352 705 17.
379 675 428 706 18.
454 674 502 704 52.
529 694 568 696 ἡ
593 674 737 711 Bc'ltmer,
762 673 835 713 Rcy.
861 674 923 704 Ad.
947 674 1011 703 402
1034 674 1158 712 (Addit.
1178 674 1239 712 H).
1475 676 1527 714 (P.
1552 677 1659 712 deest.)

220 759 357 790 Adolfus
380 759 441 790 Dei
466 759 569 801 gratia
593 759 811 790 Romanorum
836 771 892 790 rex
916 771 1044 800 semper
1068 763 1240 800 augustus²
1264 761 1437 791 venerabili
1464 786 1468 791 .
1489 787 1493 792 .
1519 762 1761 803 archiepiscopo

116 811 305 841 Treverensi
330 811 464 851 principi
489 822 544 841 suo
569 811 686 841 dilecto
712 812 847 851 gratiam
874 815 905 841 ct
929 822 1022 841 omno
1047 811 1174 841 bonum.

221 865 246 893 1.
279 862 350 893 Tibi
380 866 412 893 et
439 863 500 892 tuis
525 863 761 893 successoribus
786 863 998 904 promittimus
1027 863 1088 893 fide
1118 866 1225 893 nostra
1256 864 1286 893 in
1316 874 1427 894 manus
1457 868 1526 894 tuas
1555 867 1763 906 corporaliter

116 914 259 954 prestita,
284 914 369 954 quod
393 924 488 954 super
512 914 612 953 bonis,
637 915 901 955 possessionibus,
929 915 1049 945 iuribus
1075 918 1106 945 et
1128 915 1398 945 iurisdictionilms
1423 917 1672 957 quil›uscunqu‹·=,
1702 929 1762 958 que

116 965 269 995 hactenus
296 968 330 995 tu
361 969 393 995 et
425 967 470 996 tui
504 966 748 1006 p1·0cle‹:·0ssm·es
779 977 797 996 a
828 967 957 1007 triginta
991 967 1079 996 annis
1114 967 1192 996 citra
1223 968 1366 997 tenuistis
1396 971 1427 997 et
1460 968 1645 1008 possedistis
1675 974 1705 1000 ct
1734 971 1763 999 in

116 1027 250 1057 quorum
274 1017 476 1057 possessione
501 1028 557 1047 seu
582 1018 672 1057 quasi
696 1028 765 1047 csse
791 1017 978 1054 dinosceris,
1010 1028 1116 1048 eoram
1142 1018 1233 1048 nobis
1263 1022 1293 1048 te
1319 1018 1368 1048 vel
1392 1022 1462 1048 tuos
1486 1030 1685 1050 sucessores
1709 1025 1764 1051 aut

117 1068 272 1098 officiatos
304 1069 335 1098 in
362 1069 410 1098 ius
441 1069 522 1099 trahi
552 1080 613 1099 non
639 1070 860 1109 permittemus
889 1080 947 1099 nec
971 1080 1194 1111 quemcunque
1223 1070 1385 1100 volentem
1414 1082 1509 1111 super
1538 1072 1596 1101 hiis
1625 1073 1764 1112 experiri

117 1123 225 1150 contra
242 1123 273 1150 te
291 1121 342 1150 vel
358 1124 429 1151 tuos
446 1131 646 1151 successores
664 1121 865 1161 aliquatenus
881 1121 1057 1152 audiemus.
1088 1120 1152 1151 Sed
1170 1121 1292 1152 litteras
1309 1133 1404 1162 super
1421 1122 1480 1152 hoc
1497 1134 1515 1152 a
1533 1123 1633 1153 felicis
1658 1135 1763 1154 reeor-

117 1170 252 1201 dationis
277 1171 456 1211 (1110110111111κ
479 1171 517 1202 R.
544 1172 772 1212 predecessore
797 1175 903 1202 nostro
928 1173 1115 1202 concessas1
1140 1173 1202 1202 tuis
1227 1173 1507 1213 predecessoribus
1538 1175 1764 1215 approbamus,

117 1225 200 1252 ratas
224 1223 380 1253 habemus
404 1227 500 1263 atque
524 1227 632 1264 gratas
657 1234 775 1264 easque
801 1224 1002 1264 presentibus
1026 1224 1262 1261 confirmamus,
1288 1226 1511 1265 promittentes
1536 1227 1640 1256 onmia
1664 1228 1693 1256 in
1719 1228 1764 1257 eis

118 1277 264 1304 contenta
281 1275 506 1305 inviolabiliter
531 1275 712 1306 observare.
759 1275 800 1305 Et
824 1276 848 1305 si
873 1276 987 1316 aliquis
1009 1276 1059 1306 vel
1084 1276 1182 1316 aliqui
1200 1276 1319 1306 vellent
1343 1280 1373 1307 tc
1399 1281 1454 1307 aut
1477 1281 1547 1307 tuos
1565 1289 1764 1309 successores

117 1336 212 1366 super
234 1326 416 1357 huiusmodi
440 1327 530 1356 bonis
555 1328 711 1367 impetere
743 1327 793 1357 vel
817 1327 1005 1363 molestare,
1036 1328 1251 1368 promittimus
1282 1339 1339 1368 per
1366 1329 1462 1359 fidem
1488 1330 1702 1370 supradictam
1734 1334 1764 1361 et

118 1378 157 1408 ad
180 1377 212 1408 id
235 1389 292 1408 nos
316 1379 518 1418 presentibus
543 1379 732 1420 obligamus,
757 1379 842 1420 quod
867 1390 925 1419 per
948 1377 1124 1420 potentiam
1150 1380 1238 1419 regie
1264 1380 1441 1410 maiestatis
1463 1381 1552 1411 vobis
1576 1383 1706 1412 consilio
1733 1386 1764 1413 ct

117 1429 234 1460 auxilio
274 1431 436 1470 oportunis
475 1433 584 1461 contra
622 1431 847 1461 molestatores
885 1431 966 1461 tales
1004 1431 1203 1470 assistemus,
1243 1442 1298 1461 vos
1333 1433 1611 1463 manutenebimus
1650 1438 1682 1464 ct
1720 1435 1760 1465 ab

117 1481 289 1512 inferendis
313 1482 471 1512 violentiis
495 1482 715 1513 defendemus.

219 1535 246 1563 2.
277 1533 360 1564 Item
384 1535 598 1574 promittimus
622 1544 680 1574 per
703 1534 798 1564 fidem
826 1534 1042 1575 supradictam
1072 1537 1104 1564 et
1136 1534 1177 1564 ad
1206 1534 1237 1564 id
1261 1546 1317 1565 nos
1341 1536 1542 1575 presentibus
1567 1536 1757 1578 obligamus,

118 1584 200 1624 quod
230 1588 367 1615 castrum
398 1588 539 1616 nostrum
562 1586 729 1616 Kochemc
754 1586 959 1616 Treverensis
983 1586 1119 1616 diocesis
1148 1597 1220 1616 cum
1248 1587 1311 1616 suis
1335 1588 1509 1617 attinentiis
1539 1588 1620 1619 infra
1644 1600 1760 1620 annum

118 1645 136 1666 a
159 1635 209 1666 die
234 1636 398 1667 electionis
423 1637 461 1667 de
486 1637 577 1667 nobis
594 1637 756 1668 celebrate
781 1637 820 1667 de
837 1637 983 1668 manibus
999 1637 1135 1678 illorum,
1160 1639 1213 1678 qui
1236 1649 1317 1668 nunc
1340 1639 1443 1678 ipsum
1461 1638 1605 1670 detinent
1629 1641 1667 1671 de
1693 1642 1760 1672 iure

118 1686 167 1717 vel
191 1687 229 1717 de
254 1687 353 1726 facto,
387 1689 472 1719 omni
503 1689 576 1719 dolo
602 1692 633 1719 et
662 1689 774 1719 fraude
805 1689 942 1719 exclusis
969 1689 1163 1719 redimemus
1193 1693 1224 1719 et
1248 1690 1509 1730 recuperabimus
1542 1695 1574 1721 et
1604 1693 1647 1722 sic
1676 1693 1762 1723 idem

119 1742 253 1769 castrum
289 1740 468 1770 tenebimus
503 1744 534 1770 et
571 1741 673 1770 teneri
710 1751 767 1781 per
801 1744 944 1771 nostrum
980 1740 1154 1771 officiatum
1194 1741 1362 1781 faciemus,
1402 1742 1487 1782 quod
1522 1743 1638 1773 exinde
1674 1745 1759 1775 nulle

118 1790 227 1821 iniurie
262 1791 313 1821 vel
342 1792 526 1832 gravamina
562 1792 633 1832 tibi,
669 1792 905 1822 successoribus
938 1793 999 1822 tuis
1031 1792 1082 1822 vel
1110 1792 1260 1823 subiectis
1291 1793 1474 1824 inferantur.
1532 1794 1762 1826 Promittcntes

120 1841 201 1881 quod
226 1842 345 1873 ibidem
376 1854 434 1873 non
461 1844 683 1883 permittemus
715 1854 733 1873 a
762 1846 807 1880 te,
838 1844 899 1873 tuis
929 1844 1165 1874 successoribus
1193 1847 1248 1874 aut
1276 1844 1427 1874 subiectis
1458 1846 1556 1886 recipi
1589 1850 1643 1877 aut
1675 1849 1762 1888 exigi

120 1893 292 1924 tholonium
317 1905 413 1935 grave
438 1895 489 1925 vcl
513 1895 768 1925 immoderatum.

220 1947 247 1976 3.
278 1946 361 1976 Item
379 1947 403 1977 si
421 1947 473 1987 qui
497 1947 609 1977 vasalli
633 1948 677 1977 tui
701 1947 752 1977 vel
780 1947 891 1977 fideles
923 1947 1057 1978 ecclesie
1082 1951 1135 1977 tue.
1167 1947 1248 1977 infra
1276 1948 1446 1978 terminum
1471 1959 1489 1978 a
1512 1949 1579 1979 iure
1608 1952 1761 1981 statutum

120 1996 328 2037 neglexerunt
351 2002 406 2028 aut
429 1999 631 2039 neglexerint
655 2000 885 2029 contumaciter
909 2010 927 2029 a
952 2002 982 2029 te
1008 1999 1057 2029 vel
1082 2000 1142 2029 tuis
1160 1999 1395 2029 successoribus
1412 2000 1631 2031 investituram
1650 2002 1762 2032 feudo-

120 2057 186 2078 rum
207 2059 344 2089 suorum,
369 2061 430 2090 que
455 2054 564 2080 tenent
587 2051 627 2080 ab
654 2050 790 2081 ecclesia
805 2050 1005 2089 Trevcrensi,
1029 2051 1109 2081 sicut
1125 2054 1312 2081 consuetum
1337 2054 1394 2089 est,
1420 2052 1563 2092 recipere
1582 2056 1613 2082 et
1631 2059 1762 2094 propter

119 2098 177 2129 hoc
201 2100 239 2130 de
264 2101 331 2131 iure
348 2102 545 2142 perdiderint
569 2105 623 2132 aut
640 2101 868 2142 perdide1·unt¹’
892 2103 961 2142 ipsa
979 2102 1085 2141 feuda,
1109 2113 1204 2143 super
1228 2102 1287 2132 hiis
1311 2103 1368 2133 tibi
1391 2106 1423 2133 et
1447 2104 1507 2133 tuis
1525 2105 1760 2135 successoribus

121 2150 340 2182 exhibebimus
373 2153 490 2183 iustitie
515 2153 773 2193 conplementum
805 2153 901 2183 etad
930 2154 1207 2194 recuperationem
1238 2154 1349 2184 talium
1379 2154 1549 2193 bonorum,
1580 2156 1606 2185 si
1630 2166 1760 2186 neccsse

121 2200 213 2232 fuerit
241 2206 272 2233 et
295 2205 438 2244 requisiti
467 2204 633 2244 fuerimus,
665 2205 754 2235 vobis
783 2206 997 2246 promittimus
1025 2206 1126 2246 regali
1157 2206 1300 2246 potentia
1330 2206 1478 2236 assistere
1509 2210 1540 2236 et
1570 2210 1601 2237 tc
1631 2210 1662 2236 et
1690 2210 1761 2237 tuos

121 2263 316 2285 successores
339 2256 415 2296 ipsis
442 2257 638 2297 recuperatis
662 2257 693 2286 in
717 2268 826 2287 eorum
852 2257 1051 2297 possessione
1076 2257 1208 2297 pacifica
1233 2257 1407 2287 defendere
1433 2260 1465 2287 et
1489 2258 1599 2289 tueri2.

220 2308 247 2336 4.
280 2306 363 2337 Item
388 2308 601 2348 promittimus
632 2319 688 2349 pro
720 2308 811 2338 nobis
840 2312 872 2338 et
902 2309 1016 2338 nostris
1040 2309 1298 2348 consanguineis,
1331 2308 1415 2349 quod
1444 2309 1643 2339 advocatiam
1674 2310 1761 2350 opidi

122 2354 330 2388 Confluentini
353 2369 371 2388 a
396 2362 426 2389 te
452 2359 503 2389 vel
526 2360 587 2389 tuis
611 2359 856 2399 successoribus,
882 2370 977 2400 quam
1002 2359 1056 2389 diu
1080 2360 1262 2399 vixerimus,
1287 2359 1467 2390 nullatenus
1490 2360 1693 2391 redimemus.

222 2411 248 2439 5.
280 2409 360 2440 Item
386 2411 599 2450 promittimus
628 2421 738 2441 omnes
762 2412 1055 2441 excommunicatos
1083 2414 1115 2441 et
1139 2411 1462 2442 excommunicandos
1492 2414 1546 2441 tua
1575 2415 1607 2441 et
1635 2416 1760 2441 tuorum

124 2458 333 2491 subdam-nme
357 2462 547 2492 auctoritate
572 2462 654 2492 ultra
678 2472 794 2492 annum
818 2466 850 2493 et
875 2462 959 2493 diem
983 2463 1013 2493 in
1039 2463 1369 2493 excommunicatione
1395 2466 1619 2503 permanentes
1644 2466 1760 2493 extunc

123 2509 161 2539 ad
183 2513 269 2542 tuam
293 2515 325 2543 et
349 2516 473 2543 tuorum
498 2513 696 2544 subditorum
720 2514 960 2554 requisitionem
985 2514 1130 2545 subicere
1154 2514 1388 2544 sententialiter
1410 2514 1514 2544 banno
1540 2514 1649 2554 regali,
1675 2514 1760 2554 quod

123 2560 291 2602 vulgariter
308 2563 422 2594 dicitur
446 2564 518 2595 ‘don
542 2565 573 2595 in
598 2565 637 2595 (le
660 2565 791 2605 hatted⁷‚
817 2569 849 2596 et
871 2566 902 2596 in
927 2566 982 2596 tali
1006 2566 1110 2596 banno
1136 2576 1191 2596 eos
1215 2569 1335 2605 tencre,
1361 2576 1525 2606 quousque
1543 2566 1695 2596 redierint
1718 2564 1759 2595 ad

123 2613 253 2644 ecclesie
277 2616 440 2647 unitatem.

223 2690 288 2717 486.
307 2693 329 2724 ⁸)
349 2713 354 2718 .
370 2713 375 2718 .
395 2695 453 2718 add.
475 2703 511 2719 or.
602 2694 625 2724 b)
645 2695 680 2718 sic
698 2704 735 2719 or.
825 2696 846 2726 ⁰)
865 2704 930 2718 corr.
950 2704 980 2718 ez
998 2696 1123 2719 sudbitof.
1212 2694 1235 2718 *ll
1255 2695 1289 2718 xic
1309 2704 1345 2718 ον.
1361 2703 1500 2725 perperam
1516 2703 1565 2725 pro
1586 2695 1662 2717 abttc.

224 2758 247 2789 1)
268 2758 340 2792 chac
357 2763 474 2786 seri-atae
492 2769 548 2786 mm
567 2764 639 2787 sunt.
727 2762 753 2793 ⁶2)
775 2761 815 2792 Cf.
829 2762 980 2786 sententiam
1001 2761 1109 2793 Ricflolfl
1123 2761 1188 2794 reglis
1205 2765 1270 2786 1276.
1292 2762 1422 2787 11110120.
1442 2761 1532 2786 datam
1546 2769 1628 2792 supra
1649 2768 1688 2785 nr.
1704 2763 1757 2784 109.

222 2817 257 2835 ιι.
277 2818 486 2837 consriruriom-:s
506 2821 538 2837 ιιι.
880 2847 882 2851 ¹
1522 2812 1555 2837 60
