2259 3116
457 112 515 140 172
824 110 979 137 RUDOLFI
999 110 1105 137 REGIS
1124 111 1443 138 CONSTITUTIONES.
1480 112 1555 138 1278.
1593 112 1639 138 Nr.
1656 113 1713 139 185.

454 198 631 229 Eistetensi
656 198 816 239 episcopis
848 201 880 229 et
903 198 1064 229 nobilibus
1088 199 1164 229 viris
1188 198 1362 230 Frederico
1387 199 1550 230 burclavio
1575 199 1614 230 (le
1638 200 1833 232 Nurenberk
1865 204 1897 233 et
1921 202 2091 236 Gottifrido

455 252 572 282 comite
598 250 769 289 Seunensi,
796 250 956 292 processit
980 250 1020 281 ad
1045 251 1152 281 omnia
1171 251 1387 292 infrascripta,
1412 262 1473 292 que
1498 252 1529 282 in
1546 251 1662 282 litteris
1680 251 1753 283 inde
1771 252 1927 284 confectis
1952 258 1985 286 et
2008 256 2091 287 eius-

454 303 527 334 dem
559 302 742 334 cancellarii
774 303 879 343 sigillo
909 303 1059 343 signatiS,
1094 313 1228 344 quarum
1257 306 1361 333 tenor>
1383 302 1422 333 de
1452 303 1551 334 verbo
1584 303 1623 333 ad
1655 304 1786 334 verbum
1815 304 1897 336 infra
1928 305 2090 346 subicitur,

456 356 609 387 seriosius
634 355 846 385 continentur.

562 407 609 448 (2)
635 406 704 442 Que
729 406 857 448 quidem
883 406 989 437 onmia.
1013 410 1044 437 et
1069 407 1196 447 singula
1221 406 1316 445 dieta,
1340 407 1507 448 promissa,
1533 407 1708 448 recognita,
1734 407 1902 449 innovata,
1928 419 2092 449 concessa,

456 463 529 490 aeta
564 470 620 490 seu
645 460 751 500 gesta,
777 458 949 496 ratificata,
975 458 1162 489 confirmata
1192 459 1258 489 sive
1284 459 1386 489 iurata
1409 469 1467 500 per
1497 459 1635 489 eundem
1668 460 1911 499 cancellarium,
1940 464 2034 502 prout
2062 462 2094 492 in

456 511 580 542 eisdem
604 511 720 541 litteris
746 514 777 541 et
801 514 917 541 tenore
937 510 1064 551 plenius
1091 510 1292 552 exprimitur,
1318 509 1463 540 eiusdem
1488 510 1609 541 domini
1633 511 1718 551 regis
1736 512 1866 543 nomine
1891 515 1922 543 et
1945 523 2002 553 pro
2026 513 2094 555 ipso

456 563 618 602 distincte,
643 562 743 593 libere
769 565 800 593 et
824 572 978 604 expresse
1004 572 1216 603 recognosco,
1249 562 1384 601 ratifico,
1420 562 1578 603 approbo,
1611 562 1726 592 innovo
1752 566 1784 593 et
1808 563 2032 595 nichilominus
2057 575 2095 596 ea

458 615 566 645 omnia
590 618 622 645 et
647 615 773 656 singula
798 613 836 645 de
862 624 945 644 novo
973 613 1055 644 dono
1081 617 1176 654 atque
1202 613 1343 643 concedo
1368 613 1463 643 beato
1481 613 1578 644 Petro
1603 615 1732 646 celestis
1758 616 1848 656 regni
1874 616 2034 657 clavigero
2058 627 2094 648 ac

457 667 547 698 vobis
572 667 655 708 patri
680 666 883 697 sanctissimo
909 666 978 697 eius
1003 665 1181 696 successori
1206 665 1386 706 ceterisque
1411 665 1527 695 vestris
1552 666 1793 697 successoribus
1818 670 1850 697 ct
1873 668 2011 699 ecclesie
2028 668 2093 699 Ro-

458 730 562 750 mane.
609 718 651 749 Et
675 719 715 749 ad
740 718 859 749 domini
883 719 946 749 mei
972 718 1058 759 regis
1077 718 1304 748 conscientiam
1323 717 1534 748 serenandam
1560 721 1591 748 et
1614 721 1649 748 ut
1666 718 1811 759 predicta
1828 719 1935 750 onmia
1952 720 2094 761 plenarie

459 770 653 808 solidentur,
679 770 901 809 stabiliantur,
925 770 1101 807 firmentur,
1128 770 1350 810 compleantur
1374 773 1405 799 et
1429 769 1647 810 perficiantur,
1673 780 1799 809 revoco,
1825 781 1928 809 casso,
1954 772 2095 811 annullo,

458 823 546 853 irrito
573 826 604 853 et
629 822 776 853 omnibus
801 821 921 852 viribus
945 832 1062 859 vacuo,
1093 821 1243 862 quicquid
1269 824 1380 851 contra
1408 820 1553 862 predicta
1581 821 1632 852 vel
1663 822 1771 862 aliqua
1800 822 2016 863 predictorum
2039 833 2095 864 per

458 875 563 916 ipsum
589 874 752 905 dominum
771 884 881 914 regem
908 884 964 903 seu
990 884 1047 914 per
1065 873 1144 903 alios
1162 873 1229 903 eius
1254 873 1382 903 nuntios
1398 873 1449 903 vel
1475 872 1631 903 officiales
1656 883 1712 903 suo
1729 873 1879 905 mandato
1897 874 1947 904 vel
1970 875 2095 906 nomine

457 935 514 955 scu
543 936 776 967 quemcumque
808 926 905 956 alium
931 925 980 956 vel
1007 925 1086 955 alios
1112 934 1314 966 quocumque
1339 924 1432 955 modo
1462 935 1663 966 quacumque
1694 925 1746 956 via
1778 925 1898 956 factum
1931 930 2018 957 esset
2045 927 2095 958 vel

459 978 652 1019 promissum
677 979 744 1008 sive
769 978 916 1008 iuratum.
957 977 1004 1007 Ac
1022 976 1094 1007 volo
1120 980 1151 1006 et
1175 987 1330 1017 expresse
1349 977 1524 1014 consentio,
1550 977 1633 1018 quod
1652 988 1710 1019 per
1734 977 1792 1008 hoc
1818 978 1939 1008 nullum
1964 979 2012 1009 ius
2036 978 2096 1020 ipsi

460 1029 588 1060 domino
619 1040 691 1060 meo
716 1030 784 1070 regi
810 1032 973 1060 accrescat
998 1029 1048 1059 vcl
1073 1029 1103 1058 in
1128 1028 1234 1069 aliquo
1259 1029 1396 1059 ecclesie
1419 1028 1567 1060 Romane
1593 1029 1748 1071 depereat
1772 1033 1836 1060 tani
1861 1030 1946 1060 circa
1968 1040 2095 1072 posses-

463 1082 587 1113 sionem
617 1092 711 1123 quam
737 1082 819 1112 circa
849 1082 1088 1123 proprietatem.
1136 1080 1310 1111 Consentio
1334 1081 1485 1122 insupe1Î‡'>
1509 1083 1541 1111 et
1564 1081 1721 1120 concedo,
1753 1081 1836 1123 quod
1861 1092 1937 1121 vos,
1962 1083 2096 1113 sanctis-

460 1134 539 1164 sime
565 1137 665 1176 pater,
691 1137 723 1164 ct
747 1133 861 1165 eadem
886 1133 1033 1164 Romana
1058 1133 1198 1164 ecclesia
1222 1143 1280 1174 per
1303 1142 1359 1163 vos
1384 1136 1415 1163 et
1438 1143 1496 1174 per
1519 1133 1597 1164 alios
1622 1144 1705 1164 nuuc
1730 1137 1762 1165 et
1778 1144 1906 1175 semper
1922 1134 2096 1176 accipiatis,

459 1186 704 1225 naneiscamini,
741 1186 865 1216 intretis
898 1188 930 1216 ct
960 1184 1209 1227 apprehendatis
1240 1184 1361 1226 absque
1394 1185 1460 1215 ulla
1490 1185 1592 1226 ipsius
1617 1185 1736 1216 domini
1767 1186 1851 1227 regis
1884 1186 1936 1217 vel
1966 1186 2097 1217 alterius

460 1239 681 1279 requisitione,
706 1237 898 1269 auctoritate
923 1238 972 1268 vel
997 1237 1145 1268 mandato
1171 1237 1312 1267 obtentis
1345 1237 1412 1267 sive
1437 1237 1548 1278 petitis
1579 1238 1818 1279 possessionem
1850 1241 1881 1268 et
1911 1238 2002 1279 quasi
2030 1248 2096 1269 om-

460 1290 550 1320 nium
575 1293 799 1320 contentorum
824 1289 854 1320 in
872 1289 1024 1331 predictis
1042 1289 1228 1330 privilegiis,
1254 1288 1562 1327 confirmationibus,
1588 1290 1863 1329 concessionibus,
1885 1290 2097 1321 innovationi-

462 1342 539 1381 bus,
565 1342 853 1383 reeognitionibuS,
878 1342 1103 1372 donationibus
1129 1351 1184 1372 seu
1209 1342 1305 1372 etiam
1330 1341 1518 1372 iuramentis
1545 1344 1577 1372 et
1602 1342 1744 1372 omnium
1770 1352 1890 1381 eorum,
1914 1352 1975 1383 que
1999 1342 2097 1384 perti-

461 1397 537 1424 nent
561 1394 600 1425 ad
626 1393 787 1436 predicta,
812 1396 842 1424 et
866 1394 1033 1435 promitto,
1065 1393 1149 1434 quod
1174 1394 1241 1435 ipse
1267 1393 1414 1424 dominus
1438 1404 1497 1424 rex
1521 1404 1579 1434 per
1602 1404 1635 1424 se
1662 1394 1713 1424 vel
1737 1404 1794 1435 per
1818 1394 1914 1425 alium
1939 1404 1995 1425 seu
2019 1394 2098 1425 alios

461 1456 524 1476 non
552 1445 706 1488 impediet
730 1456 785 1476 vos
810 1446 860 1476 vel
886 1446 1015 1476 nuntios
1040 1448 1163 1476 vestros
1193 1446 1223 1475 in
1253 1445 1404 1486 predictis
1434 1448 1466 1476 et
1491 1445 1635 1486 quolibet
1660 1445 1890 1487 predictorum,
1920 1449 1970 1477 set
1992 1446 2098 1488 potius

460 1498 492 1528 in
517 1498 663 1528 omnibus
688 1497 822 1539 prefatis
854 1500 918 1527 tam
950 1496 1167 1538 adipiscendis
1199 1506 1293 1537 quam
1328 1496 1476 1527 tenendis
1508 1500 1540 1526 et
1564 1496 1720 1528 habendis
1745 1508 1801 1528 suo
1825 1508 1921 1539 posse
1944 1501 2100 1540 perpetuo

463 1549 636 1581 adiuvabit.
682 1548 725 1579 Et
759 1552 793 1579 ut
824 1549 882 1579 hec
913 1549 1021 1579 omnia
1044 1548 1171 1589 plenam
1203 1547 1385 1579 omnimode
1420 1548 1626 1589 perfectionis
1662 1551 1693 1579 et
1728 1548 1926 1580 solidationis
1962 1549 2102 1581 habeant

461 1601 663 1641 firmitatem,
697 1601 789 1631 tactis
821 1600 1034 1631 sacrosanctis
1069 1600 1246 1641 euangeliis
1276 1600 1343 1630 iuro
1372 1600 1403 1630 in
1432 1601 1570 1630 animam
1598 1600 1732 1642 predicti
1763 1600 1883 1632 domini
1912 1601 1975 1632 mei
2006 1601 2100 1642 regis,

462 1653 586 1684 habens
612 1653 651 1683 ab
676 1664 714 1683 co
739 1663 836 1694 super
866 1653 925 1683 hoe
950 1652 1091 1694 speciale
1115 1651 1316 1689 mandatum,
1342 1652 1479 1683 eundem
1504 1652 1668 1683 dominum
1693 1663 1803 1694 regem
1829 1652 1974 1694 predicta
1998 1653 2102 1684 omnia

463 1708 494 1735 ct
524 1705 649 1746 singula
682 1708 836 1747 perpetuo
870 1704 1096 1735 inviolabiliter
1126 1707 1343 1741 servaturum,
1380 1708 1411 1735 et
1440 1705 1604 1746 promitto,
1635 1704 1719 1745 quod
1749 1704 1833 1735 idem
1864 1704 2010 1735 dominus
2044 1714 2100 1735 rex

463 1767 520 1798 per
545 1767 578 1787 se
604 1757 706 1798 ipsum
732 1768 771 1787 ea
795 1757 900 1787 onmia
927 1760 959 1787 et
984 1757 1111 1798 singula
1134 1756 1246 1791 faciet,
1271 1757 1445 1797 promittet,
1470 1757 1625 1796 stabiliet,
1650 1757 1745 1798 plene
1769 1756 1930 1796 solidabit,
1954 1757 2100 1796 firmabit,

466 1809 612 1850 perficiet
628 1812 723 1850 atque
742 1809 867 1840 iurabit.
894 1808 1161 1850 quandocumque
1186 1819 1243 1850 per
1267 1819 1322 1839 vos
1347 1812 1378 1840 ct
1395 1809 1572 1850 predictam
1591 1809 1763 1840 ecclesiam
1780 1809 1896 1840 litteris
1914 1809 1964 1840 vel
1982 1806 2105 1840 nuntiis

463 1861 607 1892 extiterit
631 1862 814 1903 requisitus.

570 1912 617 1954 (3)
642 1913 828 1943 Predictusc
853 1915 959 1943 autem
985 1913 1162 1944 litterarum
1181 1914 1324 1945 eiusdem
1349 1913 1533 1944 cancellarii
1559 1916 1590 1944 ct
1613 1913 1676 1944 mei
1693 1913 1902 1954 procuratorii
1921 1910 2018 1955 super
2041 1912 2101 1944 hiis

464 1965 566 1996 habiti
593 1968 722 1996 tenores
747 1965 785 1995 dc
810 1965 907 1995 verbo
932 1965 971 1995 ad
996 1965 1129 1995 verbum
1154 1976 1210 2006 per
1234 1966 1341 1996 omnia
1366 1966 1448 1996 tales
1474 1969 1560 1996 sunt:

573 2016 620 2047 â€˜In
646 2017 769 2047 nomine
794 2016 924 2046 Domini
941 2017 1164 2047 â€”munimine
1189 2016 1355 2048 robor-ars.
1393 2027 1491 2055 supra
1514 2027 1561 2047 nr.
1578 2018 1628 2048 49.

572 2068 740 2099 'Itudolfus
765 2068 825 2098 Dei
850 2069 951 2109 gratia
967 2086 1000 2090 â€”
1019 2079 1101 2099 anno
1126 2068 1258 2109 quinto'.
1297 2079 1394 2107 snpra
1418 2079 1466 2099 air.
1486 2069 1554 2099 15â¸2.

574 2121 621 2161 (4)
646 2120 729 2151 Volo
755 2121 885 2161 insuper
908 2124 939 2151 et
963 2131 1117 2162 expresse
1143 2121 1320 2159 consentio,
1349 2120 1431 2162 quod
1464 2120 1559 2151 iidem
1591 2124 1721 2151 tenores
1753 2120 1865 2151 inserti
1894 2119 2100 2161 presentibus

468 2172 599 2202 casdem
619 2183 676 2213 per
693 2173 798 2203 onmia
817 2173 900 2203 vires
919 2172 1057 2203 habeant
1074 2176 1105 2203 et
1122 2172 1295 2209 obtineant,
1322 2184 1399 2214 quas
1417 2172 1536 2203 habeut
1560 2176 1591 2203 ct
1616 2172 1760 2203 obtinent
1777 2173 1845 2214 ipse
1863 2172 1967 2203 littere
1984 2171 2100 2213 princi-

466 2224 572 2265 pales,
606 2225 646 2254 ita
674 2224 757 2265 quod
783 2225 809 2254 si
834 2225 941 2254 forsan
968 2225 1054 2265 ipsas
1079 2225 1275 2266 principales
1300 2225 1424 2255 litteras
1450 2225 1655 2265 contingeret
1680 2224 1921 2266 quomodolibet
1945 2223 2100 2265 deperire,

466 2276 541 2305 dieti
575 2280 703 2306 tenores
729 2275 860 2316 perinde
886 2276 946 2306 vim
979 2280 1010 2306 et
1040 2276 1137 2306 robur
1161 2277 1327 2307 obtineant
1352 2280 1383 2307 et
1414 2277 1443 2306 in
1469 2277 1616 2307 omnibus
1645 2280 1677 2307 et
1708 2287 1764 2317 per
1788 2276 1894 2306 omnia
1925 2276 1956 2306 in
1987 2275 2100 2306 iudicio

468 2327 517 2357 vel
544 2332 637 2358 extra
663 2327 813 2359 iudicium
840 2327 933 2357 fidem
959 2328 1096 2367 saciant,
1131 2328 1213 2357 sicut
1243 2328 1312 2369 ipse
1341 2328 1535 2369 principales
1566 2328 1672 2358 littere
1697 2328 1840 2359 facerent
1864 2328 1894 2358 in
1919 2338 1977 2358 sua
2000 2327 2101 2368 prima

468 2380 570 2419 lig-ura
602 2383 633 2409 et
664 2379 848 2419 integritate
880 2384 1062 2417 manentes,
1094 2380 1166 2420 lege
1198 2390 1254 2410 seu
1286 2380 1512 2410 constitutione
1541 2380 1649 2421 aliqua
1679 2390 1741 2410 non
1771 2380 1934 2417 obstante,
1970 2382 2001 2410 et
2028 2388 2099 2420 proâ€”

468 2431 572 2480 mittq,
607 2430 690 2471 quod
715 2430 878 2471 predictus
904 2442 959 2461 rex
986 2431 1067 2461 idem
1094 2442 1150 2472 per
1174 2431 1281 2461 onmia
1309 2442 1367 2461 sua
1392 2432 1492 2472 regali
1516 2432 1709 2462 auctoritate
1740 2434 1860 2463 statuet
1884 2435 1915 2462 et
1939 2431 2099 2462 decernet.

468 2482 568 2512 Porro
594 2482 632 2512 ad
659 2482 882 2512 certitudinem
908 2483 1103 2524 presentium
1129 2487 1159 2513 ct
1184 2483 1370 2513 memoriam
1396 2484 1573 2514 futurorum
1604 2483 1662 2514 hec
1691 2484 1797 2514 omnia
1826 2483 1983 2514 conscribi
2016 2485 2048 2513 et
2070 2481 2100 2511 in

468 2535 631 2575 publicum
657 2535 901 2565 instrumentum
928 2534 1028 2575 redigi
1055 2546 1110 2575 per
1133 2536 1321 2575 magistrum
1348 2536 1482 2566 Paulum
1513 2536 1551 2566 de
1576 2536 1679 2567 Reate
1711 2535 1887 2577 apostolica
1912 2534 2100 2565 auctoritate

468 2586 677 2616 tabellionem
704 2586 918 2627 subscriptum
945 2587 1004 2616 feci
1030 2591 1125 2627 atquc
1153 2588 1260 2627 rogavi
1293 2591 1323 2618 et
1355 2588 1460 2628 sigillo
1491 2588 1662 2619 commisse
1689 2587 1783 2618 michi
1807 2585 2099 2624 administrationis,

470 2648 532 2679 quo
552 2641 624 2668 utor
648 2637 686 2668 ad
712 2648 855 2678 presens,
882 2638 1010 2670 munivi.
1047 2638 1127 2669 Volo
1147 2642 1252 2670 tamen
1279 2643 1310 2670 ct
1335 2640 1509 2678 consentio,
1535 2639 1618 2681 quod
1644 2640 1670 2670 si
1687 2639 1806 2670 dictum
1825 2638 1965 2679 sigillum
1990 2636 2100 2679 quovis

573 2732 635 2758 155.
655 2734 677 2764 r)
697 2733 784 2765 prodes
802 2743 838 2758 Ï‰â€™.

2122 684 2144 703 10

2123 943 2145 961 15

2124 1201 2147 1221 20

2124 1460 2147 1480 25

2126 1720 2150 1739 Â³0

2127 2237 2150 2254 â´0

2125 2492 2148 2512 â´âµ
