2259 3164
125 783 148 801 lo

124 1039 146 1057 15

124 1296 148 1315 20

126 1561 149 1579 25

126 1922 150 1941 30

126 2450 151 2469 40

125 2781 150 2803 ⁴5

514 179 670 207 RUDOLFI
689 179 793 206 REGIS
812 180 1132 208 CONSTITUTIONES.
1172 184 1243 209 1237.
1280 183 1468 212 N1·.:396.397.
1749 189 1806 219 381

174 271 244 300 tur:
274 267 351 299 Oest
374 277 435 298 une
460 267 691 309 supplicatione
715 267 778 298 dou
802 277 859 308 roy
884 279 923 298 au
948 269 1035 309 legat
1060 269 1295 311 d'Alemaigne.
1345 272 1394 306 (Jf.
1419 272 1492 311 Rey.
1511 273 1583 312 imp.
1604 273 1657 310 1⁷1,
1674 274 1759 304 2077
1782 276 1810 304 ct

173 330 271 360 supra
294 330 342 351 nr.
361 321 432 351 111.
457 337 498 341 —-
521 318 666 355 Bo'laemer,
692 318 765 358 Rey.
784 319 858 358 imp.
879 319 1038 356 VLEOZJ.
1519 324 1570 363 (P.
1597 325 1686 355 (104,ss-
1686 326 1703 365 )

279 413 472 446 Reverendo
500 414 531 444 in
556 412 684 444 Christo
716 413 797 454 patri
822 413 952 444 domino
977 414 1116 445 Iohanni
1141 415 1323 447 Tusculano
1347 417 1497 458 episcopo
1522 419 1698 459 apostolice
1723 419 1809 450 sedis

174 468 280 508 legato
303 465 464 497 Rudolfus
487 465 550 496 Dei
580 465 689 506 gracia
712 464 932 496 Romanorum
965 476 1021 496 rex
1053 477 1181 508 semper
1204 472 1361 508 augustus
1386 468 1522 499 salutem
1547 473 1578 499 et
1603 469 1809 510 integerrime

174 518 352 550 dilectionis
377 520 595 557 augmentum.

278 568 486 600 Admirabilis
502 567 707 610 providentia
724 568 839 598 summi
863 569 947 609 regis
972 568 1012 599 ad
1028 570 1171 610 regimen
1190 570 1379 611 populorum
1398 570 1478 601 duas
1503 572 1533 601 in
1551 572 1628 602 orbe
1652 575 1809 603 terrarum

175 621 337 653 constituit
365 619 585 661 principaliter
615 622 810 660 potestates,
844 620 1045 660 spiritualem
1079 620 1229 651 videlicet
1261 624 1292 651 ct
1325 622 1420 652 etiam
1452 624 1676 664 temporalem,
1712 628 1746 654 ut
1778 625 1808 655 in

173 672 283 703 eodem
307 671 461 712 regimine
485 671 587 701 altera
611 670 755 701 subsidio
780 671 912 701 alterius
937 671 1089 702 fulciatur
1119 675 1150 702 et
1183 672 1266 713 quod
1297 683 1359 703 una
1389 684 1446 714 per
1479 685 1513 704 sc
1542 675 1573 704 in
1609 676 1808 706 correctione

174 724 369 756 subditorum
396 722 570 764 adimplere
596 733 657 753 non
682 726 801 764 potest,
826 733 884 763 per
908 723 1003 753 aliam
1030 724 1226 765 suppleatur.
1267 724 1351 754 Sane
1377 735 1447 754 cum
1473 726 1503 755 in
1530 726 1699 767 sollempni
1725 728 1810 757 curia

174 779 282 806 nostra
319 774 402 815 apud
432 774 637 815 Her-bipolim
674 784 730 815 per
765 783 967 804 communem
993 775 1188 816 principum,
1225 775 1391 815 comitum,
1427 777 1578 807 nobilium
1616 782 1647 807 et
1675 778 1808 808 aliorum

171 827 296 869 imperii
333 826 470 857 Romani
501 825 642 857 fidelium
681 826 872 856 sententiam
915 826 969 867 qui
1012 826 1102 856 suere
1136 831 1307 868 presentes
1349 827 1501 857 dictatum
1538 828 1596 858 fuit
1630 830 1750 869 pariter
1779 833 1809 859 et

174 878 351 916 obtentum,
385 877 469 919 quod
499 877 561 917 illi,
591 878 645 918 qui
676 877 918 919 proscriptionis
945 878 1138 908 sententiam
1173 879 1204 908 in
1229 889 1263 908 se
1288 879 1394 908 animo
1419 879 1565 909 indurato
1592 880 1810 910 sustinuerunt

172 940 230 972 per
252 940 368 960 annum
394 932 426 960 et
449 929 601 971 amplius,
626 929 774 959 invocato
797 928 929 959 brachio
955 929 1177 960 ecclesiastico
1201 929 1343 960 debeant
1369 931 1710 961 excommunicationis
1736 942 1808 961 sen-

173 981 270 1012 tentie
296 980 449 1019 innodari,
474 984 508 1011 ut
533 991 589 1011 eos
614 981 667 1022 qui
691 980 796 1021 rigore
822 981 1007 1022 temporalis
1032 980 1131 1021 gladii
1155 991 1219 1011 non
1237 984 1408 1017 terrentur,
1433 981 1471 1012 ad
1490 981 1607 1012 bonum
1626 982 1810 1012 obedientie

175 1043 291 1064 nervus
315 1026 444 1064 revocet
469 1032 689 1063 ecclesiastice
719 1031 902 1073 discipline,
935 1033 1162 1073 paternitatem
1189 1036 1328 1062 vestram
1358 1032 1532 1063 affectuose
1565 1033 1754 1074 requirimus
1780 1038 1811 1064 et

173 1095 321 1125 rogamus
347 1089 454 1115 vestre
479 1084 677 1114 auctoritatis
703 1083 844 1114 officium
870 1083 1063 1113 fiducialiter
1086 1084 1286 1122 invocantes,
1311 1085 1459 1123 quatinus
1483 1084 1573 1114 iuxta
1592 1085 1688 1114 vestri
1714 1085 1808 1115 officii

175 1135 330 1173 debitum,
359 1138 452 1177 prout
480 1135 571 1166 nobis
605 1138 636 1166 et
660 1145 758 1176 regno
783 1138 891 1165 nostro
916 1135 1069 1165 tenemini
1093 1135 1248 1165 auxilium
1281 1135 1448 1171 exhibere,
1481 1136 1677 1176 proscriptos
1701 1136 1810 1166 huius-

174 1187 258 1217 modi
281 1187 461 1228 ubicunque
486 1187 516 1217 in
544 1197 643 1228 regno
667 1191 776 1217 nostro
801 1187 979 1217 consistant
1009 1187 1204 1227 generaliter
1234 1187 1264 1216 in
1294 1186 1419 1227 scriptis
1446 1187 1756 1217 excommunicetisa
1780 1192 1811 1218 et

175 1239 467 1269 excommunicatos
492 1239 619 1280 publice
644 1238 787 1269 nuntiari
811 1238 949 1274 faciatis;
974 1238 1163 1269 mandantes
1184 1237 1408 1268 nichilominus
1425 1238 1568 1278 prelatis,
1595 1238 1653 1268 sub
1679 1249 1810 1279 quorum

175 1289 392 1321 iurisdictione
417 1290 491 1321 dicti
514 1290 686 1331 proscripti
711 1294 766 1320 aut
791 1300 899 1320 eorum
925 1290 1009 1320 bona
1034 1290 1224 1325 consistunt,
1258 1293 1351 1330 prout
1376 1300 1432 1330 per
1458 1290 1580 1320 litteras
1605 1294 1730 1320 nostras
1754 1289 1811 1320 sibi

174 1342 361 1381 constiterit,
386 1341 469 1382 quod
494 1342 581 1383 ipsos
606 1346 768 1379 moneant,
793 1346 828 1372 ut
852 1342 934 1372 infra
959 1352 1101 1372 mensem
1128 1346 1200 1382 post
1224 1352 1335 1371 eorum
1353 1342 1559 1371 monitionem
1584 1352 1601 1372 a
1626 1341 1713 1372 dicta
1737 1352 1808 1382 pro-

175 1394 344 1435 scriptione
370 1404 403 1424 se
422 1397 595 1434 procurent
612 1394 751 1429 liberari,
777 1394 919 1435 alioquin
937 1394 1072 1424 termino
1091 1394 1200 1435 elapso
1227 1393 1329 1423 dictos
1348 1393 1555 1434 proscriptos.
1581 1404 1658 1433 quos
1685 1404 1810 1423 exnunc

173 1447 207 1474 ut
235 1448 351 1475 extunc
378 1445 410 1475 in
439 1445 566 1486 scriptis
591 1446 980 1481 excommunicaveritisb,
1006 1445 1211 1475 nominaliter
1236 1448 1267 1475 et
1292 1455 1447 1485 expresse
1474 1445 1753 1475 excommunicent
1779 1449 1810 1475 et

174 1496 442 1527 excommunicari
470 1496 593 1527 faciant
617 1501 648 1527 et
673 1507 728 1527 eos
754 1496 793 1527 ad
818 1496 1040 1527 desistendum
1065 1507 1083 1526 a
1107 1496 1193 1526 dicta
1210 1496 1446 1537 proscriptione
1472 1499 1503 1526 et
1522 1495 1729 1526 resiliendum
1754 1507 1811 1537 per

177 1557 341 1578 censuram
369 1548 621 1578 ecelesiasticam
647 1548 856 1589 compellant,
888 1551 919 1578 et
943 1548 988 1578 sic
1019 1548 1106 1585 illos,
1140 1558 1219 1588 quos
1251 1547 1344 1577 unius
1369 1546 1596 1577 iurisdictionis
1620 1547 1768 1578 cohercio
1793 1558 1811 1577 a

176 1598 259 1629 malo
283 1608 345 1628 non
362 1602 503 1636 revocat,
527 1599 661 1629 alterius
687 1599 802 1629 saltem
820 1599 988 1639 potestatis
1006 1598 1130 1639 gladios
1154 1609 1172 1628 a
1197 1598 1398 1629 contumacia
1415 1598 1584 1628 coherceat
1609 1602 1640 1628 et
1664 1602 1809 1639 peccato.

281 1649 400 1680 Datum
429 1649 615 1691 Herbipoli,
639 1650 694 1680 VI.
713 1649 785 1680 Kal.
810 1650 947 1691 Aprilis,
972 1650 1036 1681 ind.
1054 1649 1125 1680 XV.
1156 1660 1239 1680 anno
1269 1650 1397 1680 Domini
1423 1649 1639 1680 MCCLXXX
1664 1650 1810 1690 septimo,

175 1701 265 1742 regni
289 1711 363 1732 vero
388 1703 486 1732 nostri
512 1712 595 1732 anno
620 1701 731 1732 XllIl.

376 1845 453 1877 397.
476 1846 758 1878 MANDATUM
776 1846 920 1878 REGIS
942 1846 1182 1877 EPISCOPIS
1204 1845 1395 1877 MISSUM.
1442 1846 1542 1876 silari.
1559 1847 1610 1876 27,

282 1904 395 1936 Denuo
417 1917 445 1937 a.
465 1907 556 1938 1903.
582 1906 770 1937 contulimus
794 1906 992 1945 aziioyralffta
1020 1906 1153 1937 eiusdem
1187 1905 1339 1936 tabularii
1368 1908 1395 1945 l)
1420 1917 1466 1936 nr.
1486 1907 1547 1935 110
1571 1906 1709 1944 (yu‘sropo
1733 1906 1809 1935 Leo—

176 1956 290 1993 diensi,
325 1958 356 1996 2)
379 1968 427 1988 nr.
454 1959 515 1987 139
545 1958 683 1997 episcopo
716 1958 947 1994 (kameracensi,
984 1959 1015 1997 3)
1040 1959 1109 1987 ilem
1139 1968 1187 1987 m.
1213 1958 1267 1986 140
1296 1958 1434 1997 (piscello
1462 1957 1652 1987 Traicctsnsi
1682 1957 1808 1987 ‹Izi-ecta.

176 2007 314 2039 Pendent
341 2009 444 2048 siyilla
467 2009 542 2048 plus
572 2010 712 2040 minusve
746 2009 830 2040 laesa
860 2009 934 2039 loris
965 2009 1215 2039 membraum—cis.
1262 2008 1446 2046 Exemplar,
1475 2009 1557 2046 (μιαί
1588 2009 1647 2038 iam
1678 2008 1749 2038 olim
1773 2019 1810 2038 (nc

180 2061 337 2098 lparcwz't
360 2061 546 2099 Bcthmanu,
571 2062 716 2093 adhibuit
740 2061 962 2093 Winkelmaun
986 2062 1077 2091 ‘Acta
1106 2061 1228 2099 imperii
1249 2060 1374 2090 inedita*
1400 2060 1526 2095 I[,125
1550 2070 1598 2089 nr.
1618 2062 1686 2089 105.
1725 2060 1810 2098 Quae

175 2112 360 2142 concordant
387 2123 483 2151 supra
512 2124 581 2144 cum
605 2124 652 2144 nr.
670 2115 746 2150 386,
777 2114 859 2152 lypis
892 2113 1065 2143 lninoribns
1088 2112 1271 2142 excudenda
1295 2112 1481 2142 σιινανίηηις.
1520 2110 1569 2141 Dc
1593 2111 1699 2140 versu-is
1723 2121 1809 2141 nean-

140 2177 150 2188 α
177 2162 258 2193 datis
280 2164 361 2203 ¹reglis
371 2164 571 2203 principibus
587 2165 716 2195 directis
738 2176 764 2196 v.
783 2165 857 2204 Rey.
874 2165 943 2203 imp.
965 2164 1019 2201 ῙἸ,
1035 2165 1216 2195 2078-80.
1234 2182 1271 2185 —
1291 2163 1435 2199 Bulmzer,
1462 2162 1535 2201 Rey.
1554 2163 1625 2200 imp.
1646 2162 1699 2199 H,
1715 2164 1808 2192 2073.

1518 2213 1571 2251 (P.
1595 2214 1702 2253 deest.)

279 2287 412 2314 Rudolfus
435 2288 486 2315 Dei
508 2289 603 2322 gracia
619 2289 807 2315 Romanorum
831 2298 879 2315 rex
903 2298 1013 2322 semper
1036 2290 1170 2322 augustus
1196 2288 1349 2314 venerabili
1373 2283 1417 2313 Io.
1436 2282 1609 2313 Leodiensi
1634 2283 1809 2323 episcopo²

175 2338 292 2373 principi
315 2348 363 2366 suo
386 2340 487 2367 dilecto
510 2342 634 2375 graciam
657 2350 735 2368 suam
759 2344 788 2368 et
811 2350 891 2368 omne
914 2341 1027 2367 bonum.

280 2398 415 2431 Quoniam
438 2401 492 2427 duo
516 2403 593 2433 sunt,
623 2402 724 2435 quibus
748 2402 943 2436 principaliter
967 2401 1074 2435 regitur
1098 2401 1172 2427 orbis
1197 2402 1285 2431 terre,
1310 2409 1389 2426 sacra
1413 2399 1543 2426 videlicet
1566 2398 1721 2432 pontificis
1746 2406 1807 2423 auc-

178 2449 277 2476 toritas
310 2453 338 2477 et
360 2452 460 2486 regalis
483 2454 622 2486 potestas,
650 2462 705 2479 non
730 2453 821 2479 minus
844 2453 913 2479 utile
942 2462 1023 2486 quam
1048 2452 1235 2479 necessarium
1263 2452 1321 2478 fore
1346 2451 1519 2485 dignoscitur
1549 2450 1625 2476 iuxta
1656 2449 1809 2483 legittimus

175 2501 346 2534 sanctiones,
369 2505 401 2529 ut
423 2503 569 2537 utriusque
593 2505 743 2538 potestatis
768 2505 873 2537 officia,
898 2505 1019 2531 discreta
1043 2504 1144 2530 divinis
1169 2503 1296 2529 actibus*
1321 2506 1349 2530 et
1373 2504 1514 2533 distincta,
1539 2502 1591 2527 sibi
1616 2502 1722 2527 alterne
1747 2500 1807 2525 sul·-

176 2552 312 2579 ventionis
330 2554 460 2589 suffragio
478 2555 654 2588 subveniant,
673 2559 701 2582 ut
720 2557 759 2583 sic
776 2559 873 2583 mutuo
890 2557 1096 2583 interveniente
1114 2566 1252 2587 succursu,
1277 2564 1346 2589 quos
1364 2554 1444 2580 unius
1462 2553 1663 2579 iurisdiccionis
1681 2551 1807 2578 cohercio

274 2650 337 2677 396-
357 2654 379 2684 ⁸)
397 2654 443 2678 etis
461 2653 487 2678 in
506 2654 560 2679 loco
579 2664 638 2680 raso
659 2665 694 2681 or.
783 2655 807 2687 b)
827 2656 914 2681 veritis
934 2656 959 2680 in
979 2656 1032 2680 loco
1052 2665 1112 2680 raso
1131 2664 1167 2679 or.

275 2735 338 2762 397·
358 2737 381 2770 ⁸)
401 2739 441 2763 W.
461 2740 687 2766 Cameracensi
707 2742 856 2773 episcopo
874 2741 903 2770 2,·
929 2760 934 2766 .
949 2761 954 2766 .
974 2741 1120 2774 episcopo
1140 2738 1343 2764 Traiectensi
1364 2747 1399 2770 pr.
1421 2747 1439 2762 s,
1459 2737 1500 2761 dil.
1519 2745 1553 2761 ac
1574 2735 1683 2760 maiori
1704 2743 1805 2768 prepo-

175 2777 235 2804 sito
253 2780 387 2806 ecclesie
405 2783 630 2809 Traiectensis
650 2784 772 2810 dilecto
792 2793 848 2809 suo
867 2784 891 2810 3.
