2259 3164
547 144 678 170 ADOLFI
698 144 801 170 REGIS
820 144 1142 172 CONSTITUTIONES.
1182 148 1253 172 129³.
1291 148 1337 173 Nr.
1351 148 1408 173 589.
1733 152 1789 180 551

218 231 377 261 ministros
401 230 477 260 talia
494 230 717 260 conmittentes
743 233 774 260 et
797 230 864 260 fieri
882 231 1104 270 permittentes
1121 232 1161 262 ad
1178 233 1279 272 ipsum
1297 244 1406 274 regem
1423 235 1530 274 sepius
1546 234 1794 265 lamentabiliter

218 281 347 312 habitus
363 281 474 311 fuisset
490 291 644 320 recursuS,
658 281 726 321 ipse
744 281 900 312 clamores
917 282 1153 322 querelancium
1172 283 1345 317 obaudivit.
1358 285 1515 315 iusticiam
1532 285 1638 315 facere
1653 286 1793 326 neglexit

221 336 253 363 et
276 332 473 362 accusatoscx
498 342 557 361 nou
584 331 684 361 solum
710 331 927 372 calumpniose
953 332 1105 371 defendit,
1129 334 1186 364 sed
1210 335 1250 364 ad
1275 335 1433 365 deteriora
1459 336 1555 366 etiam
1579 338 1771 377 provocavit.

262 389 310 414 ΙΙΙ.
333 387 369 414 Et
385 389 417 413 ut
433 388 467 414 ad
483 396 596 421 presens
619 387 652 414 de
675 387 774 414 ceteris
794 383 930 424 predicti
954 384 1038 424 regis
1056 389 1205 415 sceleribus
1223 392 1372 422 taceamus,
1398 386 1534 427 quedam
1551 393 1724 426 gravissima,
1741 402 1794 426 que

128 449 138 466 5
218 440 296 466 nulla
319 441 437 473 possunt
460 439 695 472 tergiversacione
717 439 813 469 celari,
838 439 990 465 commisit:
1020 440 1162 466 Deieravit
1184 441 1257 467 enim
1282 442 1455 473 multociensy
1480 449 1679 470 communem
1698 453 1793 478 pacem

220 489 303 517 terre
332 489 398 516 tam
428 496 484 516 suo
510 496 604 526 quam
629 485 804 516 incolarum
828 486 919 526 regni
943 486 1111 517 Alemanie
1136 487 1289 518 nobilium
1313 492 1345 518 et
1369 489 1567 529 plebeiorum
1591 491 1793 521 iureiurando

219 537 376 568 firmatam
402 536 650 577 dampnabiliter
673 541 836 573 violando,
863 540 957 577 pacta
974 538 1076 567 eciam
1100 539 1182 568 inter
1199 539 1301 579 ipsum
1319 543 1349 569 ct
1367 551 1422 569 nos
1440 551 1534 581 super
1551 542 1670 572 iuribus
1687 545 1793 572 nostro

220 588 356 620 ecclesie
387 588 612 619 conservandis
640 589 718 618 inita
753 592 784 618 et
814 593 1013 619 sacramento
1046 589 1164 619 vallata
1198 590 1327 620 minime
1365 591 1573 622 observando.
1620 598 1793 631 Perpetravit

219 644 308 671 eciam
324 644 509 678 sacrilegium,
527 644 589 678 capi
606 644 711 670 faciens
728 645 860 678 prelatos,
879 645 1001 676 clericos,
1019 645 1165 679 religiosos
1182 648 1210 671 et
1227 642 1327 672 eciam
1345 648 1490 673 seculares.
1549 644 1649 674 Multa
1667 645 1795 685 insuper

116 705 139 724 ιο
220 694 338 722 statuta
367 691 468 721 edidit
499 694 531 722 et
564 691 810 721 consuetudines
838 691 1014 722 introduxit
1046 693 1077 722 in
1107 692 1346 723 subversionem
1380 694 1594 725 ecclesiastice
1629 695 1794 727 libertatis,

219 742 328 773 volens
352 742 522 773 ecclesiam
545 742 690 772 subicere
708 743 852 772 servituti
877 746 908 773 et
932 743 1066 783 publicis
1089 743 1312 777 functionibus,
1337 755 1353 774 a
1380 745 1493 785 quibus
1516 749 1563 775 est
1584 757 1711 786 prorsus
1736 747 1794 777 im-

217 795 328 825 munis.
375 793 417 824 Et
433 794 519 834 quod
535 794 661 835 gravius
686 797 735 824 est
758 794 798 824 ab
821 795 980 835 episcopis
1002 798 1033 825 et
1049 795 1180 835 prelatis
1197 806 1253 825 sua
1277 806 1293 825 a
1319 795 1402 826 dicto
1421 807 1496 837 rege
1514 797 1634 838 regalia
1651 799 1793 838 recipcre

219 844 397 876 volentibus
421 856 538 886 magna
562 848 734 886 extorquet
755 845 887 876 donaria
904 856 961 886 per
977 847 1191 887 symoniacam
1209 848 1409 887 pravitatem.
1455 848 1571 878 Ymmo
1596 849 1680 889 quod
1704 850 1795 890 peius

219 901 267 927 est
290 907 346 927 sua
371 897 529 937 episcopis
554 900 585 927 et
609 897 740 937 prelatis
768 897 913 928 conferre
942 897 1065 938 regalia
1092 899 1219 939 penitus
1247 899 1448 933 contradicit,
1479 900 1537 929 nisi
1565 904 1660 930 antea
1689 901 1792 941 aliqua

117 961 137 979 15
220 948 259 979 de
283 948 373 978 bonis
397 949 460 979 suis
484 951 517 979 et
541 948 675 979 ecclesie
699 959 755 979 sue
780 949 1034 989 possessionibus
1058 949 1117 979 sibi
1142 949 1306 980 conferant
1330 953 1362 980 et
1385 951 1555 990 assignent.
1608 951 1649 981 Et
1672 952 1715 981 sic
1740 962 1796 992 per

219 1000 323 1040 ipsum
347 1003 511 1040 tamquam
535 1000 669 1030 ecclesie
694 1003 933 1040 persecutorem
953 1002 1141 1041 precipuum
1159 1001 1393 1031 ecclesiasticus
1417 1001 1493 1032 ordo
1519 1002 1719 1033 confunditur
1743 1003 1796 1033 etd

222 1051 402 1082 dissolvitur
425 1062 540 1082 nervus
564 1051 779 1082 ecclesiastice
805 1052 980 1092 discipline.

262 1108 307 1134 IV.
341 1102 526 1143 Principese
556 1103 656 1133 eciam
684 1103 854 1134 Alemanie
879 1107 943 1134 tam
969 1104 1203 1134 ecclesiasticos
1234 1114 1329 1144 quam
1359 1105 1460 1134 eciam
1490 1104 1662 1138 seculares,
1693 1105 1795 1134 archi-

220 1156 404 1196 episcopos,
437 1155 619 1195 episcopOS,
651 1155 806 1195 prelatos,
838 1155 950 1195 duces,
981 1155 1195 1194 marchiones,
1225 1156 1357 1186 comites
1387 1159 1419 1185 et
1446 1155 1582 1186 barones
1606 1156 1669 1186 suis
1694 1156 1796 1197 digni-

116 1217 139 1237 20
219 1206 347 1245 tatibus,
371 1206 543 1237 honoribus
568 1209 599 1236 et
623 1206 713 1237 bonis
737 1217 772 1237 ac
796 1207 917 1237 iuribus
935 1207 1056 1248 absque
1074 1218 1170 1237 causa
1188 1207 1369 1237 rationabili
1394 1218 1451 1247 per
1468 1207 1575 1237 dolum
1600 1210 1632 1238 et
1653 1207 1796 1238 fraudem

220 1261 252 1288 et
276 1257 405 1288 insidias
428 1267 644 1298 quascumque
669 1258 855 1298 dyabolicas
879 1259 1004 1299 privare
1030 1262 1139 1289 contra
1156 1258 1261 1289 Deum
1286 1262 1317 1289 et
1341 1259 1497 1289 iusticiam
1515 1261 1677 1299 tamquam
1702 1259 1796 1289 semi-

220 1312 312 1339 nator
343 1309 500 1339 discordie
532 1309 750 1350 multipliciter
782 1314 830 1340 est
858 1314 1000 1342 conatus.
1052 1310 1094 1341 Et
1117 1311 1257 1351 ipsorum
1289 1311 1465 1351 principum
1495 1311 1683 1341 exterminio
1715 1310 1796 1341 adeo

221 1364 268 1391 est
290 1361 444 1399 intentus,
475 1364 510 1390 ut
538 1361 614 1401 ipsis
643 1361 721 1391 illud
745 1361 877 1392 verbum
906 1363 1059 1402 sapientis
1083 1365 1267 1402 competere
1292 1362 1405 1392 merito
1430 1361 1590 1391 videatur:
1627 1361 1702 1391 ‘Cur
1725 1361 1795 1402 ego*

220 1412 321 1452 inquit
345 1413 386 1442 ‘te
411 1412 549 1443 habeam
573 1416 608 1442 ut
630 1413 818 1454 principem,
843 1424 913 1444 cum
938 1418 971 1444 tu
996 1424 1046 1444 me
1070 1425 1133 1444 non
1156 1414 1277 1444 habeas
1301 1417 1335 1443 ut
1358 1411 1589 1443 9911911019111Τ1
1636 1412 1704 1448 Que
1729 1424 1796 1443 oni-

119 1477 141 1497 25
222 1463 274 1494 nia
298 1466 331 1494 et
353 1463 445 1504 plura
468 1463 531 1494 alia
555 1463 624 1494 aliis
648 1465 763 1495 similia
787 1465 906 1495 delicta
930 1465 1099 1505 nephanda
1124 1465 1191 1505 regi
1216 1464 1358 1505 predicto
1384 1474 1441 1504 per
1465 1474 1663 1495 communem
1688 1464 1796 1504 populi

222 1514 491 1546 acclamacionem
516 1526 638 1546 necnon
662 1516 823 1556 publicam
841 1527 952 1547 vocem
977 1520 1009 1547 et
1032 1516 1151 1547 famam
1174 1516 1231 1546 sub
1256 1517 1301 1546 rei
1326 1516 1501 1550 evideneia,
1526 1527 1586 1556 que
1606 1516 1795 1556 tergiversa-

222 1567 312 1597 cione
337 1566 444 1607 aliqua
468 1567 584 1598 celarif
606 1578 666 1598 non
691 1571 806 1608 potest,
831 1569 987 1599 veraciter
1011 1568 1218 1599 ascribuntur.

264 1621 291 1650 3.
328 1619 395 1650 NOS
424 1620 532 1661 itaque
561 1634 611 1658 per
639 1620 924 1651 excellentissimos
955 1619 1127 1650 Germanie
1157 1624 1310 1658 principes,
1342 1624 1389 1657 qui
1417 1632 1510 1657 regem
1539 1623 1567 1649 in
1597 1623 1794 1656 imperatorem

159 1676 335 1709 postmodum
351 1676 572 1709 promovendum
589 1676 631 1702 ius
656 1674 689 1702 et
712 1674 906 1712 potestatem
930 1682 991 1701 una
1010 1671 1174 1701 nobiscum
1192 1676 1322 1701 obtinent
1339 1675 1468 1709 eligendi,
1493 1683 1548 1701 non
1565 1674 1649 1701 semel
1673 1672 1795 1700 tantum

122 1736 144 1755 30
162 1728 204 1754 set
226 1727 329 1761 pluries
345 1727 475 1760 requisiti
499 1729 527 1754 et
551 1727 664 1754 stimulo
680 1728 792 1761 proprie
811 1727 981 1753 conscientie
999 1727 1115 1753 excitati
1139 1736 1171 1753 ex
1196 1726 1383 1753 incumbentis
1402 1726 1485 1752 officii
1502 1726 1590 1752 nostri
1607 1725 1795 1751 sollicitudine

159 1787 214 1805 non
242 1779 330 1805 solum
358 1779 498 1813 principes
526 1779 698 1810 antedictos,
727 1788 822 1806 verum
846 1779 934 1805 eciam
958 1779 1048 1812 ipsum
1072 1780 1179 1812 regem*
1203 1788 1252 1812 pro
1281 1780 1375 1804 sancte
1404 1778 1479 1811 pacis
1509 1777 1722 1808 reformacione,
1746 1786 1795 1810 pro

160 1830 304 1856 concordie
328 1831 516 1861 remcacione,
542 1840 592 1864 pro
616 1831 768 1864 reipublice
785 1830 860 1856 felici
875 1830 1081 1864 gubernacione
1107 1832 1134 1856 et
1158 1839 1207 1863 pro
1232 1830 1320 1855 tocius
1344 1829 1422 1863 regni
1446 1829 1535 1855 salute
1552 1834 1653 1864 nuper
1668 1828 1795 1854 duximus

160 1882 359 1913 convocandos,
384 1883 415 1908 ut
437 1882 522 1908 XVII.
540 1883 637 1908 Kalen.
661 1882 733 1913 Iulii,
758 1882 780 1908 si
804 1882 862 1908 dies
886 1882 1006 1908 feriata&-
1031 1890 1085 1907 non
1110 1881 1202 1912 suerit,
1227 1880 1351 1914 alioquin
1368 1880 1496 1914 proxima
1519 1880 1563 1906 die
1587 1879 1715 1913 sequenti
1738 1888 1793 1905 non

161 1933 267 1965 feria-ta,
292 1942 375 1967 quam
399 1934 438 1960 eis
462 1943 512 1968 pro
537 1934 657 1960 termino
682 1928 941 1968 assigna[vi]mus¹¹
964 1933 1167 1967 peremptorio,
1192 1933 1219 1958 in
1243 1932 1420 1966 Magunciam
1444 1932 1647 1965 dignarentur
1671 1931 1712 1957 sui
1736 1940 1793 1964 pre-

120 1993 143 2012 35
161 1980 293 2011 senciami
324 1985 455 2012 exhibere
483 1981 523 2011 ad
551 1986 749 2012 tractandum
778 1988 805 2012 et
830 1985 1033 2011 ordinandum
1062 1985 1095 2011 de
1126 1984 1336 2010 tui-bacionibus
1366 1986 1395 2009 et.
1418 1983 1572 2010 defectibus
1602 1983 1692 2016 regni,
1721 1983 1794 2015 quod

161 2036 346 2070 omnipotenti
370 2037 428 2063 Deo
452 2037 541 2063 foret
564 2039 710 2070 acceptum
735 2039 764 2063 et
785 2036 944 2062 hominibus
969 2032 1180 2071 profuturum.

263 2085 291 2113 4.
327 2083 528 2114 Adveniente
552 2084 660 2124 itaque
686 2084 819 2114 termino
844 2083 988 2124 predicto
1014 2082 1192 2122 eodemque
1218 2085 1348 2122 propter
1371 2081 1506 2122 predicti
1530 2081 1613 2121 regis
1631 2083 1793 2110 contuma-

159 2134 238 2164 ciam
263 2138 295 2164 et
319 2135 517 2175 quorundam
547 2135 724 2176 principum
755 2135 928 2165 electorum
957 2134 1141 2164 absenciam
1164 2143 1264 2173 usque
1288 2133 1318 2163 111
1342 2131 1505 2174 vigiliahn]
1534 2132 1620 2162 beati
1644 2131 1793 2161 Iohannis
1839 2143 1843 2154 ι

159 2185 295 2226 baptiste
313 2187 491 2226 proximam
509 2187 703 2226 continuato,
720 2186 881 2227 magnifici
896 2186 1065 2226 principes,
1083 2185 1232 2215 videlicet
1249 2184 1394 2214 dominus
1414 2183 1562 2214 Albertus
1580 2183 1644 2213 dux
1658 2182 1796 2213 Saxonic

118 2250 142 2269 4ο
158 2247 214 2276 pro
244 2247 277 2267 se
306 2248 343 2267 ac
373 2238 486 2268 illustri
509 2237 710 2277 L(udewico)
741 2238 855 2268 comite
886 2237 1026 2277 palatino
1059 2236 1141 2266 Reni
1174 2235 1390 2276 procuratorio
1421 2235 1562 2273 nomine,
1596 2237 1627 2264 et
1652 2234 1795 2264 dominus

160 2286 260 2328 O(tto)
285 2299 355 2319 cum
380 2289 455 2328 telo,
480 2289 626 2319 dominus
650 2288 845 2329 H(einricus)
880 2291 912 2318 et
942 2288 1087 2318 dominus
1110 2287 1314 2317 Hermannus
1342 2286 1542 2316 marchiones
1567 2285 1606 2316 de
1630 2285 1795 2315 Branden-

159 2337 238 2380 burg
262 2343 294 2370 et
317 2341 371 2371 alii
396 2351 490 2381 quam
515 2340 621 2381 plures
650 2341 738 2381 regni
762 2340 931 2370 Alemanie
960 2339 1135 2380 principes,
1164 2339 1296 2368 comites
1321 2342 1352 2368 et
1375 2338 1511 2368 barones
1535 2337 1712 2372 nobiscum,
1744 2337 1796 2376 qui

159 2390 242 2421 vices
272 2392 427 2432 gessimus
459 2392 650 2422 venerabilis
685 2392 783 2433 patris
817 2391 934 2421 domini
959 2390 1122 2421 Wicboldi
1155 2393 1263 2420 sancte
1297 2389 1494 2419 Coloniensis
1527 2388 1661 2418 ecclesie
1693 2387 1795 2417 archi-

159 2441 300 2482 cpiscopi
321 2453 444 2473 necnon
461 2442 722 2473 excellentissimi
742 2442 893 2483 principis
917 2441 1036 2472 domini
1053 2440 1255 2471 Wenczeslai
1279 2440 1363 2480 regis
1378 2439 1534 2469 Bohemie
1553 2440 1640 2469 iuxta
1657 2438 1794 2479 speciale

120 2534 143 2552 45
260 2526 324 2552 589.
344 2529 381 2560 c')
400 2534 559 2553 accusatores
579 2538 598 2553 c.
671 2527 694 2559 (Γ)
713 2529 823 2560 sequitur
843 2529 877 2553 iffi
895 2537 915 2552 c.
996 2528 1019 2557 e)
1041 2528 1156 2559 princeps
1175 2536 1194 2551 ι’.
1278 2525 1299 2557 s)
1319 2526 1392 2550 zelari
1412 2536 1431 2549 c.
1514 2526 1538 2553 g)
1559 2526 1612 2548 loco
1632 2525 1651 2548 si
1663 2538 1693 2540 —
1707 2525 1791 2547 seriata

159 2570 223 2594 male
241 2579 265 2594 c.-
288 2571 349 2595 fides
368 2572 473 2596 firmata.
563 2571 586 2602 ²¹)
606 2572 765 2603 assignamus
784 2580 809 2597 c:
828 2573 860 2603 cf.
881 2579 961 2602 supra
977 2579 1036 2602 paq.
1050 2572 1099 2593 549
1119 2569 1162 2593 lin.
1178 2571 1212 2593 19.
1302 2568 1320 2592 ἱ»
1342 2577 1471 2600 personam
1491 2578 1510 2592 «J.

260 2638 283 2669 l)
302 2638 413 2664 Hieron.
432 2647 470 2671 ep.
483 2642 520 2669 52,
535 2643 553 2669 Γ,
576 2638 640 2671 Ομμ
661 2638 697 2663 ed.
716 2638 866 2663 Vallarsius
886 2639 923 2669 1²,
937 2642 991 2668 2152,
1013 2640 1040 2662 ut
1067 2636 1229 2668 ina-estaeflarit
1255 2636 1293 2660 νίν
1315 2636 1345 2660 Λ.
1370 2635 1398 2660 Ο,
1416 2634 1577 2664 Hirschfeld.
1623 2633 1662 2663 Cf.
1682 2633 1794 2657 illitum-

159 2677 188 2702 i'n
205 2679 365 2711 ‘Festschrift
383 2689 416 2706 311,
434 2681 494 2706 Otto
508 2681 676 2712 Hirschfeld&
694 2680 851 2713 secli-*iastmn
868 2680 1030 2712 Grburtstogl’
1050 2680 1136 2710 (1903)
1153 2687 1213 2711 pay.
1229 2682 1261 2702 42
1280 2686 1304 2702 11.
1316 2682 1338 2702 2.
1376 2677 1424 2701 Sca
1437 2680 1529 2701 contra
1542 2686 1580 2707 m,
1600 2678 1793 2708 .;¹1ra‹¹e.1·s10s111't

161 2720 278 2754 Munzer,
302 2723 462 2754 conserenda
487 2726 550 2749 sunt
572 2724 660 2756 potins
687 2723 738 2748 Cic.
763 2723 794 2748 de
822 2726 887 2748 orat.
913 2722 969 2753 III,
989 2727 1009 2753 1,
1027 2726 1055 2749 4:
1084 2721 1166 2745 Γαῖον.
1196 2720 1269 2745 Mam,
1292 2719 1369 2750 112,
1390 2724 1417 2744 2:
1448 2719 1558 2751 (gundil.
1578 2719 1655 2747 VIII,
1674 2722 1696 2750 3,
1714 2725 1746 2744 NJ!
1763 2731 1793 2741 =

121 2768 144 2787 50
165 2763 215 2795 ΧῙ,
228 2769 248 2796 l,
260 2768 292 2791 37
308 2766 379 2797 (teste
397 2767 455 2792 riro
475 2766 499 2792 d.
519 2766 555 2792 H.
569 2767 691 2797 Dessau).
711 2767 818 2797 itemque
837 2773 874 2797 eze,
894 2773 960 2797 quac
982 2765 1032 2789 iam
1053 2764 1111 2788 olim
1133 2762 1269 2787 adnotat-it
1289 2762 1434 2786 raihta-‚eins
1453 2762 1468 2787 I.
1483 2770 1503 2786 c.

1821 403 1840 416 ci
1851 400 1871 417 4.

1822 1622 1853 1635 nr.
1864 1618 1902 1645 5853

1822 1648 1839 1662 c.
1853 1645 1870 1662 1.
1887 1646 1904 1662 :e⁴

1822 1882 1867 1904 lun,
1880 1886 1910 1903 15Δ
