2259 3164
459 197 617 223 RUDOLFI
638 197 741 223 REGIS
761 197 1085 224 CONSTITUTlONsz.
1124 200 1196 225 1:230.
1234 201 1280 226 Nr.
1294 201 1351 227 249.
1365 202 1422 227 2230.
1701 207 1761 236 243

230 285 274 322 (1)
299 283 552 314 Munifieentiam
578 284 676 315 nostri
698 276 849 315 >culminis
874 284 913 314 ad
938 285 1143 325 magnificum
1162 286 1335 327 principem
1355 288 1505 319 Caroluin
1524 289 1633 321 Sicilie
1652 301 1760 331 regem

124 336 278 367 illustrem
304 338 336 366 et
369 335 506 366 heredes
538 336 606 366 eius
637 336 809 376 gratiosius
841 339 1084 374 convertentes,
1119 338 1304 368 comitatum
1339 342 1370 369 ct
1402 340 1656 372 marchionatum
1682 342 1760 372 Pro-

123 387 235 424 vincie,
261 386 463 417 intendentes
488 386 548 417 hec
573 386 636 417 duo
662 387 801 424 nomina,
826 387 949 417 scilicet
966 389 1152 418 comitatum
1172 392 1203 419 ct
1220 390 1484 426 marchionamm,
1510 403 1582 423 esse
1601 393 1759 423 sinonima

124 442 155 470 et
177 448 275 469 unum
307 449 370 468 non
395 438 523 469 diversa
557 448 752 479 supponere,
783 449 908 469 necnon
939 440 1126 470 comitatum
1152 440 1358 472 Folkalkcrie
1389 453 1459 472 cum
1489 444 1637 474 omnibus
1669 445 1759 475 iuris-

85 501 95 519 5
122 490 322 528 dictionibus,
348 489 469 520 iuribus
495 493 527 521 et
550 490 754 531 pertiuentiis
780 490 955 521 eorundem
979 501 1015 521 ac
1041 492 1158 527 omnia,
1184 502 1245 532 que
1270 492 1351 522 infra
1377 494 1546 524 comitatus
1572 495 1660 536 ipsos
1686 506 1760 525 cou-

73 763 96 782 10

73 1021 94 1040 15

69 1277 93 1296 20

70 1533 93 1552 25

71 1889 94 1908 30

71 2472 95 2490 ⁴⁰

72 2805 82 2822 Ἀ

85 2801 94 2820 2-

122 542 270 572 sistentia
286 540 502 572 Romanorum
520 541 729 582 imperatores
753 551 811 583 per
835 552 946 572 eorum
964 542 1135 583 privilegia
1153 543 1314 584 quondam
1333 544 1459 574 domino
1478 545 1533 576 R.²²
1550 545 1760 587 Bercngario.

122 593 228 624 comiti
252 595 285 623 et
308 592 483 623 marchioni
508 592 677 623 Provincie
702 603 739 624 ac
764 593 872 623 comiti
897 593 1118 630 Folkalkerie,
1153 594 1316 635 ipsiusque
1346 595 1632 636 prodecessoribus
1657 597 1758 627 dona-

121 647 246 681 verunt,
277 644 401 685 prefato
426 644 494 685 regi
521 647 552 675 et
576 644 749 675 heredibus
774 645 854 683 suis,
884 645 935 686 qui
965 649 1194 686 processerunt
1224 656 1265 676 ex
1296 646 1408 677 eodem
1440 652 1472 678 et
1497 648 1581 678 clare
1606 649 1759 679 memorie

120 695 267 727 Beatrice
284 695 396 736 regina
414 694 532 734 Sicilie,
557 699 709 726 consorte
726 705 793 733 sua,
819 698 850 726 et
869 695 1042 727 heredibus
1068 700 1100 727 et
1124 697 1366 728 successoribus
1392 699 1565 730 eorundem
1591 700 1757 730 confirma-

123 748 232 786 vimus,
257 747 474 778 concessimus
499 750 532 778 et
555 747 586 777 in
611 746 741 777 feudum
765 746 805 778 de
830 757 912 778 novo
938 747 1127 778 donavimus
1153 748 1211 779 sub
1238 750 1398 780 consuetis
1428 760 1526 780 censu
1551 753 1583 780 et
1607 751 1758 789 servitiis,

121 861 189 881 cum
213 850 297 881 idem
320 860 379 880 rex
402 860 460 880 nos
485 850 700 890 requisiverit,
725 850 807 881 utin
825 851 1034 892 possessione
1054 852 1274 887 comitatuum,
1300 852 1540 883 marchionatus
1567 856 1598 883 et
1622 853 1758 883 aliorum

120 901 361 933 consistentium
386 901 467 931 infra
492 912 562 939 eos,
595 912 656 942 que
691 905 837 943 tempore
862 906 970 933 nostre
996 903 1169 934 creationis
1195 907 1227 933 et
1250 903 1355 944 longis
1380 907 1454 934 ante
1480 904 1678 945 temporibus
1703 915 1759 945 pa—

120 953 207 985 cifice
230 952 372 995 possedit
396 956 428 984 et
452 963 537 983 nunc
561 953 694 994 pacifice
719 953 866 994 possidet
897 957 928 984 et
952 954 1077 994 quiete,
1108 954 1228 985 turbari
1258 965 1321 985 non
1354 955 1577 995 permittamus
1610 955 1759 990 eundem,

120 1004 288 1047 presertim
314 1015 384 1035 cum
409 1007 557 1045 paratum
583 1015 616 1035 se
642 1004 756 1036 offerat
780 1005 819 1036 de
844 1006 1010 1046 premissis
1035 1005 1185 1036 onmibus
1210 1005 1394 1047 petentibus
1418 1007 1448 1036 in
1474 1010 1583 1037 nostra
1608 1007 1696 1037 curia
1720 1006 1758 1037 de

120 1057 238 1088 iustitia
266 1056 477 1098 respondere,
509 1066 566 1086 nos
603 1057 656 1097 qui
692 1057 882 1098 petitionem
912 1057 1015 1098 ipsam
1051 1060 1163 1098 utpote
1194 1058 1253 1088 iuri
1286 1068 1460 1088 consonam
1492 1069 1553 1089 non
1586 1057 1758 1088 admittere

118 1119 175 1140 nec
198 1118 368 1150 possumus
393 1118 451 1138 nec
476 1107 647 1145 debemus,
678 1108 809 1149 dignum
839 1108 976 1139 vidimus
1007 1109 1052 1140 sic
1083 1109 1185 1150 ipsius
1217 1110 1301 1150 regis
1334 1113 1366 1140 et
1391 1109 1546 1140 heredum
1573 1120 1703 1140 suorum
1728 1110 1758 1140 in

118 1160 321 1202 possessione
345 1159 489 1201 predicta
511 1159 680 1201 providere
706 1160 816 1201 quieti,
841 1164 875 1191 ut
899 1164 964 1191 tam
984 1161 1029 1191 eis
1047 1171 1142 1202 quam
1160 1161 1241 1197 aliis,
1268 1161 1299 1191 in
1317 1171 1397 1202 quos
1415 1161 1547 1202 pacifice
1566 1161 1759 1202 provisionis

117 1212 253 1254 dirigere
276 1211 431 1242 debemus
455 1211 623 1249 intuitum,
652 1212 780 1243 sublata
805 1212 977 1243 cuiuslibet
1009 1212 1241 1243 dissensionisb
1270 1212 1404 1243 materia
1437 1213 1468 1242 in
1500 1212 1614 1243 dicbus
1640 1212 1757 1242 nostris

118 1264 214 1295 solide
244 1263 333 1305 pacis
365 1266 510 1304 tempora
546 1263 796 1304 subsequantur.
893 1264 941 1305 (3)
967 1264 1127 1300 Quocirca
1154 1265 1400 1295 universitatem
1431 1268 1573 1296 vestram
1607 1275 1757 1305 rogamus

119 1319 238 1347 attente
262 1315 352 1346 vobis
378 1315 570 1346 auctoritate
594 1316 694 1356 regali
719 1315 945 1346 nichilominus
970 1316 1105 1346 firmiter
1129 1316 1345 1356 iniungentes,
1372 1316 1521 1357 quatinus
1547 1316 1578 1346 in
1603 1316 1757 1357 predictis

119 1367 332 1406 eomitatibus,
362 1366 583 1398 marchionatu
618 1371 651 1398 et
682 1368 753 1398 aliis
786 1367 1033 1398 consistentibus
1058 1368 1139 1398 infra
1164 1378 1218 1398 eos
1243 1368 1403 1408 prefatum
1427 1378 1537 1408 regem
1563 1371 1595 1399 et
1621 1367 1758 1398 heredes

119 1430 190 1451 suos
214 1430 271 1450 seu
294 1420 375 1450 alios
401 1430 510 1450 eorum
536 1419 653 1450 ibidem
678 1420 767 1450 vices
792 1423 943 1460 gerentes
969 1430 1026 1461 per
1050 1430 1106 1449 vos
1132 1420 1182 1450 vel
1212 1420 1309 1450 alium
1335 1430 1392 1450 seu
1416 1420 1495 1450 alios
1520 1430 1581 1449 non
1609 1420 1758 1450 turbetis.

120 1470 182 1502 Sed
213 1472 238 1502 si
271 1471 384 1512 aliquis
410 1471 459 1501 ius
490 1471 609 1502 habere
639 1482 672 1502 se
702 1471 802 1502 credit
833 1471 964 1506 inillis,
997 1474 1212 1512 prosequatur
1250 1471 1274 1501 si
1306 1471 1443 1501 volucrit
1479 1481 1569 1501 suam
1600 1471 1756 1501 iustitiam

119 1533 224 1554 coram
254 1523 362 1561 nobis,
401 1534 472 1554 cum
502 1523 605 1564 parati
636 1533 746 1554 sumus
782 1523 930 1554 omnibus
966 1523 1151 1564 petentibus
1185 1522 1338 1564 expedite
1371 1522 1492 1553 iustitie
1525 1522 1757 1563 plenitudinem

119 1574 282 1606 exhibere.

221 1627 337 1657 Actum
362 1629 393 1657 et
417 1626 526 1657 datum
553 1625 706 1666 Wiennc,
738 1626 798 1657 III.
824 1626 989 1657 Kalendas
1013 1626 1152 1667 Aprilis,
1184 1626 1357 1656 indictione
1383 1625 1480 1664 VIII,
1516 1636 1599 1656 anno
1624 1626 1752 1657 Domini

119 1677 204 1709 MCC
227 1678 451 1719 octuagesimo,
476 1678 564 1719 regni
591 1688 665 1709 vero
690 1678 791 1708 nostri
816 1688 900 1708 anno
925 1678 1070 1718 septimo.

250 1823 326 1855 250.
350 1823 679 1856 PRIVILEG-IUM
698 1823 841 1855 REGIS
863 1823 1072 1855 SICILIAE
1093 1822 1315 1855 RUDOLFO
1341 1822 1621 1855 CONCESSUJI.

800 1875 892 1906 1280.
917 1875 1000 1906 Mai.
1023 1876 1068 1906 10.

219 1934 315 1966 Dedit
344 1934 597 1966 [fauenti-mmor
623 1934 641 1966 l.
658 1946 683 1966 c,
699 1936 762 1965 :20¹0
785 1946 833 1967 ur.
859 1934 930 1967 J'II.
955 1935 1047 1965 σιιὶιιε
1069 1935 1232 1966 editionem
1255 1936 1432 1974 repetimus.
1481 1935 1527 1973 Cf.
1552 1935 1595 1965 (ΜΖ
1616 1946 1665 1967 ην,
1681 1936 1754 1966 244.

117 1986 196 2025 quod
221 1989 263 2017 est
292 1986 392 2018 simile
413 1986 614 2025 privileffl'um
645 1987 726 2026 reglis
750 1986 888 2025 leolsi.
933 1987 986 2017 Ad
1011 1987 1089 2017 idem
1114 1987 1292 2026 Raeyislrnm
1317 1997 1420 2018 omues
1443 1987 1573 2017 redeunt
1596 1987 1753 2017 mlitioms.

123 2037 155 2069 V.
178 2037 319 2076 Bolum,
344 2038 417 2078 Ray.
434 2039 507 2078 imp.
528 2038 580 2076 VI,
600 2040 680 2069 1177
695 2039 715 2069 ¹.
1483 2037 1534 2077 (P.
1559 2039 1648 2078 4224.)

215 2141 351 2172 Karolus
376 2141 437 2173 Dei
462 2142 567 2183 gratia
591 2153 648 2173 rex
674 2141 865 2179 Ierusalem,
892 2142 1014 2180 Sicilie,
1040 2141 1175 2172 ducatus
1203 2141 1320 2182 Apulie
1346 2144 1377 2171 ct
1402 2142 1602 2183 principatus
1629 2141 1749 2182 Capuc,

119 2193 263 2235 princeps
286 2193 419 2231 Achaie,
443 2193 646 2234 Andegavie,
670 2193 851 2233 Provincic,
876 2193 1084 2223 Folkalkerie
1109 2196 1140 2222 et
1157 2192 1336 2223 Tornodori
1362 2203 1469 2223 comes
1494 2193 1653 2224 universis
1679 2203 1750 2233 prc-

120 2248 223 2276 sentes
246 2245 368 2276 litteras
392 2246 586 2287 inspecturis
611 2245 650 2276 ad
674 2249 865 2287 perpetuam
890 2245 935 2275 rei
961 2245 1160 2275 memoriam.

223 2304 270 2346 (1)
307 2305 526 2337 Munificentie
562 2306 699 2347 gratiam
735 2309 766 2336 et
808 2305 1005 2336 affabilitatis
1044 2305 1197 2343 affectus,
1234 2304 1348 2346 quibus
1378 2304 1567 2345 magnificus
1601 2304 1750 2345 princeps

120 2354 261 2388 (lominus
284 2357 474 2399 Rodulphus
492 2357 710 2389 Romanorum
735 2368 793 2388 rex
818 2357 953 2388 illustris
978 2367 1034 2387 nos
1059 2360 1090 2387 et
1114 2356 1244 2387 domum
1270 2359 1410 2387 nostram
1437 2355 1649 2397 prosequitur,
1675 2366 1748 2396 cog-

119 2411 284 2439 noscentes
308 2419 345 2439 ac
369 2409 574 2440 intendentes
599 2420 708 2450 regem
725 2409 830 2450 ipsum
856 2412 887 2439 et
903 2408 1084 2439 Romanum
1103 2408 1272 2449 imperium
1290 2407 1397 2438 debite
1415 2406 1619 2447 gratitudinis
1645 2407 1748 2437 studio

1774 2459 1804 2472 nr,
1822 2456 1858 2473 2¹21

121 2459 268 2499 revereri,
291 2460 504 2501 promittimus
533 2471 589 2502 pro
617 2461 709 2491 nobis
740 2464 772 2491 et
801 2460 975 2491 heredibus
1005 2460 1137 2498 nostris,
1171 2459 1254 2500 quod
1284 2470 1342 2490 nos
1367 2459 1417 2490 vel
1447 2459 1506 2500 ipsi
1532 2458 1668 2489 heredes
1693 2469 1750 2499 per
1785 2486 1796 2497 ν
1820 2484 1830 2491 .,

119 2519 174 2540 nos
197 2511 248 2542 vel
271 2522 328 2553 per
351 2512 429 2543 alios
454 2523 516 2543 non
541 2513 741 2543 offendemus
760 2523 868 2553 regem
887 2512 1024 2544 eundem
1048 2511 1079 2541 in
1097 2512 1214 2553 aliquo,
1240 2522 1301 2542 nec
1319 2510 1501 2541 volentibus
1519 2511 1622 2551 ipsum
1648 2510 1747 2539 offen-

119 2560 192 2593 dere
208 2564 423 2603 prestabimus
440 2565 608 2603 auxilium,
634 2564 805 2595 consilium
824 2564 874 2595 vel
899 2564 1043 2594 favorem
1068 2563 1197 2604 publice
1216 2563 1266 2593 vel
1285 2563 1421 2593 occulte.
1461 2562 1632 2602 Imperium
1652 2562 1746 2591 ctiam

119 2612 168 2643 vel
199 2614 334 2655 aliquam
363 2615 430 2646 eius
459 2618 582 2657 partem
607 2626 670 2646 non
695 2615 924 2657 occupabimus
950 2615 999 2645 vel
1024 2614 1213 2645 invademus
1244 2625 1301 2655 per
1330 2624 1388 2644 nos
1416 2614 1463 2643 vel
1495 2623 1552 2654 pcr
1580 2613 1656 2642 alios
1690 2622 1747 2641 noc

215 2715 278 2743 249.
297 2717 319 2750 a)
338 2718 367 2742 R.
386 2726 465 2750 supra
484 2719 577 2744 lincam
596 2728 616 2744 c.
705 2719 728 2750 b)
748 2719 909 2744 dissentionis
929 2728 948 2743 r.

218 2801 242 2834 l)
264 2802 303 2834 Cf.
322 2803 402 2829 etiam
422 2803 559 2837 Req.1'711p.
575 2804 619 2837 Vl,
632 2807 719 2830 1193a.
740 2808 812 2830 1210.

1493 2850 1537 2875 :31⁵

1784 804 1817 819 ΙΠ,
1832 802 1855 819 2ξὶ

120 799 210 830 nobis
235 802 266 829 et
288 798 423 840 imperio
448 797 487 829 ab
512 798 590 839 ipsis
608 798 791 839 prestandis
810 799 1034 840 inposterum,
1059 799 1297 841 imperpetuum
1324 801 1561 841 possidendum.
1652 802 1700 843 (2)
1719 801 1760 832 Et
1804 832 1808 841 ⁴
