2259 3164
76 747 99 766 10

75 1003 96 1022 15

73 1260 96 1279 20

74 1516 96 1535 25

74 1889 97 1908 30

75 2191 97 2211 35

74 2451 98 2470 4⁰

75 2709 98 2729 45

462 181 618 208 nunotrr
637 181 740 207 neeis
760 181 1077 208 consrirurnmns.
1116 183 1189 209 1277.
1226 183 1271 209 Ns.
1287 185 1342 210 141.
1359 186 1412 211 1451.
1690 190 1741 218 141

125 281 223 312 regno
248 279 305 301 seu
328 268 431 307 terris,
456 278 519 299 non
535 268 725 310 recipiemus
749 278 807 299 nec
832 268 871 299 ad
896 271 997 299 terras
1020 271 1145 299 nostras
1163 269 1228 300 sive
1253 280 1352 311 regna
1368 270 1583 303 admittemus.
1623 272 1664 303 Et
1687 273 1747 304 hoc

126 322 209 354 idem
232 322 335 364 ipsum
359 331 470 362 regem
494 320 659 361 Hungarie
684 319 775 350 nobis
799 320 907 350 faeere
932 320 1076 350 volumus
1102 331 1196 351 versa
1219 322 1298 353 vice.

229 374 257 404 8.
282 373 364 404 Item
392 372 597 413 promisimus
627 375 659 403 et
689 371 918 413 promittimus,
946 375 981 402 ut
1011 372 1235 403 malefactores
1260 374 1289 403 in
1314 375 1489 405 confinibus
1514 378 1667 406 terrarum
1692 386 1747 406 no-

127 428 261 456 strarum
287 427 319 455 et
342 434 513 464 regnorum
537 426 717 454 nostrorum
743 423 919 454 existentes
943 433 1183 464 compescemus
1209 427 1240 454 et
1264 426 1422 466 compesci
1446 426 1614 465 faciemus,
1645 427 1697 467 qui
1722 427 1746 456 si

125 487 186 508 non
211 476 406 515 destiterint,
439 475 569 506 eosdem
593 475 721 516 penitus
746 475 784 506 de
808 485 979 515 regnorum
1005 478 1036 505 et
1060 478 1215 505 terrarum
1240 479 1419 506 nostrarum
1450 477 1627 508 confinibus
1651 478 1748 508 faeie-

124 539 193 559 mus
216 527 381 559 removeri.
429 526 522 562 Quod
548 526 633 557 idem
657 537 715 557 rex
738 526 905 567 Hungaric
930 526 1021 556 nobis
1045 530 1155 557 mutua
1179 527 1396 558 vicissitudine
1427 529 1457 558 in
1482 539 1652 569 regnorum
1676 539 1747 559 suo-

124 590 191 610 rum
215 582 247 610 et
270 582 425 610 terrarum
450 588 578 608 suarum
604 578 782 609 confinibus
806 577 903 608 faciet
926 577 1100 616 observari,
1125 578 1165 609 ad
1183 578 1266 619 quod
1290 579 1315 609 si
1332 589 1467 610 necesse
1492 580 1588 610 fuerit
1604 584 1747 611 mutuum

124 631 276 662 auxilium
299 629 512 671 impendatur.

228 682 256 712 9.
280 681 363 712 Item
386 681 589 723 promisimus
623 684 655 712 et
679 681 912 722 promittimus,
945 680 1028 711 sieut
1051 680 1124 711 hinc
1148 681 1221 711 inde
1246 682 1439 722 promissum
1465 683 1544 713 alias
1569 683 1748 720 recolimus,

123 737 158 764 ut
180 736 373 764 mercatores
404 733 499 763 salvis
530 733 644 771 rebus,
675 733 889 763 mercimoniis
921 735 952 762 et
980 733 1127 773 personis
1158 744 1216 774 per
1245 733 1423 764 districtum
1458 737 1614 771 nostrum,
1650 745 1749 775 regna

123 788 227 816 nostra
250 788 281 816 et
296 788 408 823 terras,
437 785 547 815 solutis
571 785 664 815 iustis
681 784 836 826 pedagiis,
862 784 1022 815 theloneis
1048 789 1079 815 et
1103 785 1230 815 tributis
1257 788 1288 815 et
1312 786 1484 821 consuetis,
1510 796 1620 817 secure
1646 789 1748 817 trans-

123 839 198 868 eant
221 839 254 868 et
274 837 359 867 omni
383 836 545 877 gaudeant
569 836 735 875 libertate,
766 837 839 877 quia
867 836 986 866 tributa
1016 836 1160 867 indebita
1185 840 1216 867 et
1240 837 1427 867 inconsueta
1451 838 1578 867 omnino
1604 839 1749 868 volumus

123 889 250 920 aboleri.
295 887 337 918 Et
367 888 426 919 hoe
450 888 534 919 idem
560 898 617 919 rex
641 887 809 928 Hungarie
834 888 865 918 in
891 898 947 918 suo
972 887 1117 918 districtu
1143 891 1174 918 et
1197 889 1227 918 in
1254 889 1319 919 suis
1344 889 1451 930 regnis
1477 892 1509 919 et
1534 890 1626 920 terris
1653 900 1748 930 equa-

122 941 193 971 liter
215 940 312 970 faciet
336 939 508 970 observari.

231 994 276 1022 10.
300 991 344 1022 Ut
365 995 472 1022 autem
494 994 675 1022 contractus
699 991 882 1021 huiusmodi
906 991 1070 1022 affinitatis
1092 994 1124 1022 et
1141 992 1284 1022 amicicie
1302 991 1445 1032 pluribus
1463 992 1652 1024 innoteseat.
1677 1003 1748 1033 pre-

122 1046 228 1075 sentes
251 1043 389 1083 litteras,
415 1054 493 1084 quas
519 1043 683 1084 sepedicto
708 1043 833 1073 domino
858 1044 926 1084 regi
949 1043 1116 1084 Hungarie
1142 1043 1305 1083 dedimus,
1336 1044 1449 1084 sigillis
1479 1047 1586 1074 nostro
1611 1048 1642 1074 ct
1666 1044 1751 1085 prin-

122 1096 225 1137 cipum
242 1099 432 1135 nostrorum,
457 1095 508 1136 qui
533 1098 606 1125 tunc
623 1098 789 1136 presentes
814 1095 845 1125 in
864 1095 951 1126 curia
970 1099 1079 1126 nostra
1103 1095 1248 1134 aderant,
1273 1095 1394 1126 scilicet
1423 1106 1555 1136 quorum
1581 1095 1751 1135 dignitates

121 1150 152 1178 et
175 1147 303 1178 nomina
326 1147 459 1178 inferius
485 1147 696 1185 continentur,
721 1146 856 1177 fecimus
883 1147 1081 1177 communiri,

224 1198 291 1229 Nos
320 1202 426 1229 autem
456 1198 639 1229 Fridericus
672 1198 933 1240 archiepiscopus
963 1197 1251 1240 Salzbu[r]gensis,
1287 1199 1361 1229 Ber.
1386 1198 1673 1239 Babinbergensis,
1708 1198 1751 1228 Π.

122 1250 336 1289 Tridentinus,
362 1251 396 1282 P.
421 1250 633 1290 Pataviensis,
658 1249 748 1281 VVer.
767 1249 1000 1285 Seceoviensis,
1026 1275 1032 1280 .
1053 1276 1059 1282 .
1084 1250 1262 1291 Gurgensis
1288 1254 1319 1281 et
1337 1250 1517 1281 Chimensis
1542 1251 1749 1281 eeclesiarum

120 1302 260 1344 episcopi
285 1305 316 1333 et
339 1302 520 1333 Ludovicus
544 1312 653 1332 comes
686 1301 845 1343 palatinus
871 1301 955 1332 Reni
988 1301 1052 1332 dux
1077 1301 1224 1333 Bawarie
1256 1305 1288 1332 et
1319 1302 1470 1332 Albertus
1501 1302 1565 1332 dux
1598 1301 1750 1341 Saxonis,

121 1355 193 1395 quia
216 1353 368 1395 predictis
393 1353 593 1384 interfuimus
626 1356 658 1384 et
682 1352 803 1383 eisdem
835 1354 1060 1383 auctoritatem
1094 1357 1125 1384 et
1154 1356 1299 1384 nostrum
1328 1364 1517 1384 eonsensum
1549 1353 1750 1384 adhibuimus

123 1409 154 1437 et
177 1406 276 1437 eciam
300 1406 514 1447 promittimus
541 1416 598 1447 pro
623 1405 854 1436 observacione
887 1415 997 1435 eorum
1029 1405 1183 1436 adhibere
1213 1416 1307 1446 opem
1336 1409 1367 1435 et
1399 1415 1527 1446 operam
1553 1405 1749 1445 diligentem,

123 1457 154 1488 in
179 1467 287 1489 eorum
312 1456 557 1499 testimo[n]ium
583 1457 689 1498 sigilla
718 1460 827 1487 nostra
857 1467 920 1487 una
945 1467 1015 1487 euin
1040 1457 1174 1498 predicti
1204 1457 1322 1487 domini
1353 1457 1450 1487 nostri
1474 1457 1511 1488 R.
1535 1456 1749 1487 Romanorum

123 1509 206 1550 regis
233 1509 341 1550 sigillo
365 1509 570 1551 presentibus
595 1508 744 1539 duximus
770 1508 969 1549 apponenda.

228 1561 346 1592 Datum
370 1561 525 1599 Wienne,
559 1561 634 1592 IIII.
665 1560 712 1591 Id.
735 1560 824 1599 Iulii,
858 1560 1032 1591 indictione
1063 1561 1189 1601 quinta,
1221 1571 1303 1591 anno
1334 1560 1460 1590 Domini
1489 1558 1747 1597 MCCLXXVH,

122 1613 211 1655 regni
235 1624 310 1645 vero
334 1613 435 1644 nostri
459 1624 541 1644 anno
567 1615 687 1654 quarto.

199 1766 271 1798 145.
301 1767 547 1799 PROMISSIO
571 1766 867 1799 LEGATORUM
885 1765 952 1796 DE
973 1766 1192 1796 LITTERIS
1214 1766 1243 1795 :l
1271 1765 1401 1796 REGE
1428 1764 1674 1797 UNGARJAE

679 1817 1014 1849 CONCEDENDJS.
1059 1817 1189 1847 [11119.

225 1879 450 1918 Ardoyrttpltou
477 1881 619 1909 serratim·
644 1879 675 1909 in
699 1878 854 1909 tabulario
879 1878 1121 1913 Vindobenvnsst
1146 1877 1282 1916 pendent
1309 1888 1362 1907 sea·
1385 1877 1502 1916 simila,
1531 1888 1660 1915 quornm
1686 1877 1746 1907 fria

116 1930 190 1970 plus
211 1931 349 1962 minusve
373 1930 466 1968 laesa,
490 1930 564 1961 loris
587 1930 834 1961 memmi-amireis.
875 1931 1031 1960 Insertum
1054 1932 1097 1959 cst
1114 1932 1242 1968 pactum
1261 1940 1358 1967 snpra
1382 1940 1429 1959 nr.
1449 1931 1517 1958 142.
1544 1948 1580 1950 —
1605 1928 1748 1965 ffilnmr,

122 1982 195 2022 Rey.
211 1983 282 2022 imp.
304 1982 356 2021 VI,
372 1985 444 2014 514.
1480 1980 1531 2020 (P.
1554 1981 1641 2016 417.)

225 2077 292 2108 Nos
315 2077 504 2108 Lodomirus
529 2076 768 2115 waradiensis,
793 2076 981 2107 Timotheus
1005 2075 1230 2116 Zagrabiensis
1256 2075 1463 2106 ecclesiarum
1495 2074 1651 2115 episcopi,
1682 2074 1747 2104 Ro-

123 2128 234 2160 landus
249 2129 362 2169 banus,
387 2128 559 2160 Aladarius
576 2129 731 2170 magister
754 2128 970 2170 dapifer-orum
994 2128 1104 2168 regine
1122 2127 1309 2168 Hungariea
1334 2130 1365 2157 et
1390 2136 1496 2157 comes
1521 2125 1560 2156 (lo
1584 2125 1745 2166 Neugrad,

123 2181 265 2221 magistri
289 2180 472 2212 Demetrius
497 2180 647 2211 Albensis
675 2180 747 2210 aule
779 2180 866 2221 regie
890 2179 1188 2217 vicecancellarius,
1220 2178 1379 2208 Iohannes
1408 2177 1565 2208 Budensis
1594 2177 1746 2218 prepositi

124 2232 334 2273 significamus
363 2232 509 2264 omnibus
534 2232 736 2274 presencium
760 2242 815 2273 per
839 2235 1001 2269 tenorem,
1032 2230 1114 2271 quod
1145 2241 1201 2260 nos
1229 2231 1260 2260 in
1290 2230 1456 2271 presencia
1481 2229 1598 2259 domini
1623 2228 1746 2258 Rodolfi

122 2282 182 2314 Dei
206 2285 313 2326 gracia
336 2285 422 2325 regis
446 2284 664 2315 Romanorum
698 2294 824 2325 semper
856 2283 982 2324 augusti
1017 2282 1231 2323 personaliter
1261 2282 1425 2312 constituti
1455 2285 1615 2321 tamquam
1640 2280 1745 2310 nuncii

123 2338 154 2365 et
176 2338 396 2377 procuratores
421 2336 497 2375 dati,
523 2336 687 2366 constituti
711 2339 743 2366 et
767 2335 903 2365 ordinati
928 2345 946 2365 a
970 2334 1097 2364 domino
1123 2337 1230 2364 nostro
1248 2332 1285 2364 L.
1309 2333 1370 2363 Dei
1395 2332 1504 2373 gracia
1528 2332 1643 2362 illustri
1670 2340 1746 2371 rege

122 2386 287 2428 Hungarie
313 2398 382 2418 cuni
400 2388 540 2429 legitimo
558 2387 706 2418 mandato
731 2390 762 2417 et
780 2386 952 2417 sufficienti
970 2385 1144 2416 iuravimus
1170 2385 1262 2415 modo
1281 2384 1389 2415 debito
1415 2384 1445 2414 in
1464 2384 1602 2413 animam
1627 2383 1745 2413 domini

124 2439 222 2469 nostri
253 2440 336 2480 regis
360 2439 527 2480 Hungarie
556 2439 713 2481 corporali
743 2439 876 2480 prestito
902 2440 1119 2472 sacramento,
1151 2441 1185 2467 ut
1214 2437 1336 2466 litteras
1366 2435 1423 2465 sub
1456 2434 1597 2465 eiusdem
1628 2434 1743 2463 domini

123 2490 222 2520 nostri
245 2491 329 2532 regis
355 2494 386 2522 et
402 2492 581 2533 principum
606 2502 642 2522 ac
666 2491 820 2521 baronum
846 2500 984 2528 suorum,
1009 2489 1156 2519 videlicet
1173 2488 1499 2529 archiepiscoporum,
1525 2486 1743 2526 episcoporum

123 2543 154 2571 et
177 2541 309 2573 aliorum
333 2543 627 2574 ecclesiasticorum
645 2543 838 2583 prelatorum
863 2544 895 2572 et
912 2542 1075 2577 laicorum,
1100 2541 1151 2581 qui
1178 2543 1251 2570 tunc
1278 2543 1445 2581 presentes
1463 2538 1605 2568 aderant.
1631 2536 1743 2575 sigillis

125 2594 331 2624 communitas
363 2594 573 2625 concederetb
604 2595 727 2624 nunciis
757 2597 789 2624 et
812 2592 1073 2634 procuratoribus
1103 2591 1236 2632 predicti
1265 2590 1381 2620 domini
1412 2590 1496 2629 regis
1527 2588 1741 2618 Romanorum

123 2644 162 2675 ad
188 2645 323 2677 eundem
347 2646 509 2677 dominum
538 2650 682 2677 nostrum
706 2656 814 2687 regem
839 2645 878 2676 ad
903 2645 962 2675 hoc
991 2644 1173 2685 specialiter
1202 2642 1369 2673 destinatis
1402 2641 1460 2671 sub
1493 2639 1602 2670 eadem
1633 2640 1742 2675 forma,

126 2706 216 2737 quam
250 2698 355 2729 littere
389 2698 525 2739 predicti
557 2698 641 2739 regis
670 2697 887 2728 Romanorum
922 2695 980 2726 sub
1009 2695 1120 2735 sigillis
1152 2705 1208 2724 suo
1245 2697 1276 2724 et
1311 2693 1486 2734 principum
1521 2702 1556 2720 ac
1591 2690 1741 2720 baronum

224 2790 284 2818 145.
303 2792 327 2823 a>
345 2794 433 2825 hung?
452 2802 488 2818 or.
576 2791 599 2823 b)
618 2793 652 2816 sic
671 2801 707 2816 or.
