2259 3116
416 129 455 157 44
805 122 960 148 RUDOLFI
981 121 1085 148 REGIS
1106 120 1428 147 CONsTl'rUTIONES.
1467 120 1540 147 1274,
1579 119 1679 146 N1-.49.

417 211 601 252 specialiter
634 211 665 241 in
693 210 823 241 civitate
848 210 996 240 Romana
1020 208 1155 250 recipiet
1188 208 1245 239 sub
1271 218 1472 250 quocumque
1497 208 1603 239 colore
1628 208 1697 238 sine
1722 210 1830 238 vestra
1855 217 1911 238 seu
1936 217 2062 239 succes-

418 273 524 293 sorum
551 265 731 292 vestrorum
762 261 895 292 licentia
926 260 1069 301 speciali.
1116 260 1158 290 Et
1187 260 1213 290 si
1246 260 1299 300 qui
1331 270 1387 291 eas
1412 270 1570 301 occupare
1596 259 1646 290 vel
1674 258 1828 290 invadere
1857 262 2063 301 temptarent,

417 325 478 344 non
506 314 609 344 solum
627 313 801 353 denegabit
825 313 888 343 illis
907 313 1074 349 auxilium,
1100 311 1269 342 consilium
1294 314 1326 341 et
1349 311 1492 342 favorem
1516 312 1681 352 publicum
1707 314 1739 341 ct
1756 311 1927 349 occultum,
1952 322 2063 342 verum

417 366 513 395 etiam
539 365 577 395 ad
604 364 845 405 requisitionem
871 366 1012 394 vestram
1037 366 1259 393 vestrorumve
1285 373 1508 393 suceessorum
1539 363 1666 393 adiutor
1696 363 1757 393 erit
1785 365 1897 393 contra
1929 363 2001 393 illos
2033 363 2062 393 in

417 416 631 447 defendendis
657 419 689 446 et
713 415 942 446 conservandis
960 414 1096 446 eisdem.
1188 414 1235 455 (4)
1259 414 1343 445 Item
1360 414 1445 454 quod
1470 414 1553 445 idem
1578 425 1636 445 rex
1653 413 1847 455 Rudolphus
1871 424 1929 455 per
1953 424 1988 444 se
2012 415 2064 445 vel
2105 421 2115 439 ⁵

416 478 473 509 per
496 468 593 498 alium
618 478 680 498 uon
706 467 849 497 offendet
866 467 1022 497 vassallos
1048 466 1186 497 ecclesie
1213 468 1244 496 et
1268 466 1452 507 specialiter
1474 466 1680 507 magnificum
1698 466 1875 508 principem
1899 465 2064 497 dominum

417 518 567 550 Cal-olum
593 529 702 560 regem
733 518 842 549 Sicilie
872 514 1029 548 illustrem
1063 528 1121 548 seu
1152 517 1291 548 heredes
1322 517 1437 558 ipsius,
1467 528 1526 549 nee
1552 517 1735 549 volentibus
1765 518 1869 559 ipsum
1899 518 2064 549 offendere

416 571 574 612 prestabit
598 571 779 610 consilium,
803 570 959 600 auxilium
985 572 1040 600 aut
1057 570 1200 600 favorem
1220 569 1350 610 publice
1368 569 1419 600 vel
1444 570 1578 608 occulte,
1603 580 1663 601 nec
1680 580 1814 610 regnum
1839 570 1957 607 Sicilie,
1982 569 2065 611 quod

416 622 501 653 idem
527 633 583 653 rex
610 621 643 654 G.
670 622 710 653 ab
736 621 849 652 eadem
873 621 1020 652 Romana
1045 624 1132 651 tenet
1156 621 1306 660 ecclesia,
1332 621 1382 651 vel
1406 621 1548 662 aliquam
1573 621 1643 652 eius
1667 624 1793 663 partem
1818 622 1987 663 occupabit
2011 625 2066 653 aut

416 674 546 705 invadet
579 685 637 716 per
672 684 705 705 se
734 674 785 704 vel
822 684 879 715 per
907 674 1004 704 alium
1040 676 1095 704 aut
1132 673 1282 715 occupari
1307 673 1355 703 vel
1381 673 1489 703 invadi
1512 673 1717 714 procurabit,
1746 684 1805 704 nec
1834 673 1986 704 invadere
2011 677 2066 705 aut

417 736 576 767 occupare
600 726 834 767 temptantibus
860 725 1018 766 prestabit
1043 725 1216 763 auxilium,
1245 725 1419 755 consilium
1452 728 1507 755 aut
1531 725 1673 756 favorem
1699 725 1862 767 publicum
1887 726 1937 756 vel
1961 726 2067 756 occul-

416 781 494 809 tum.
584 778 632 819 (5)
657 777 749 808 Alios
775 778 872 808 etiam
897 777 1031 807 devotos
1058 777 1158 818 ipsius
1184 777 1341 814 ecclesie,
1376 777 1428 818 qui
1457 776 1560 807 eidem
1592 777 1733 808 ecclesie
1758 778 1931 808 astiterunt
1955 781 2066 808 contra

420 830 539 860 dictum
564 829 785 869 Fredericum,
810 829 947 861 heredes
972 830 1023 860 vel
1048 839 1253 860 successores
1278 829 1388 870 ipsius,
1413 832 1585 871 propterea
1609 840 1672 860 non
1696 830 1858 870 gravabit,
1883 830 1939 860 sed
1965 830 2066 860 nichi-

416 881 554 911 lominus
583 881 806 912 favorabiliter
839 884 1062 922 prosequetur.
1104 880 1273 911 Vassallos
1303 884 1411 911 autem
1442 892 1515 911 suos
1546 884 1657 912 contra
1689 881 1907 923 predictorum
1936 882 2066 923 aliquod

417 934 575 964 facientes
600 944 657 974 pro
683 944 777 974 posse
802 933 887 963 bona
914 932 973 963 tide
999 936 1194 974 compescet.
1236 932 1384 963 servabit
1401 936 1553 974 preterea
1577 936 1609 963 et
1625 933 1722 964 faciet
1739 934 1846 964 onmia
1871 936 1903 964 et
1928 934 2064 975 singula,

418 996 479 1026 que
504 985 533 1015 in
560 985 738 1015 canonibus
764 985 880 1025 positis
907 985 1112 1025 sexagesima
1137 985 1232 1015 tertia
1249 984 1466 1023 distinctione,
1492 995 1624 1026 quorum
1649 985 1778 1026 quidem
1804 996 1960 1016 canonum
1985 986 2068 1016 alter

418 1037 499 1077 ‘Ego
518 1036 731 1073 Lodowicus',
758 1037 839 1067 alter
857 1047 932 1067 vero
958 1036 1040 1067 ‘Tibi
1065 1036 1192 1067 domino
1218 1035 1311 1078 pape'
1336 1037 1448 1078 incipit
1461 1037 1480 1075 ¹,
1506 1035 1746 1079 eontine[n]tur.
1836 1037 1885 1077 (6)
1910 1036 2067 1078 Quodque

418 1088 501 1119 idem
526 1099 583 1119 rex
608 1088 646 1119 R.
672 1088 829 1129 premissa
854 1089 961 1119 omnia
987 1092 1050 1119 tam
1082 1089 1112 1119 in
1138 1088 1316 1130 privilegiis
1346 1089 1426 1130 ipsis
1456 1092 1608 1119 contenta
1632 1099 1727 1130 quam
1752 1089 1815 1119 alia
1838 1089 2068 1119 inviolabiliter

419 1140 603 1171 observabit
636 1151 672 1170 ac
704 1140 743 1170 de
769 1141 934 1181 premissis
960 1140 1107 1171 omnibus
1137 1143 1169 1170 ct
1198 1140 1332 1180 singulis
1357 1140 1568 1171 observandis
1593 1141 1752 1182 prestabit
1789 1141 1883 1171 tactis
1915 1151 2066 1182 corpora-

418 1192 490 1222 liter
514 1192 728 1223 sacrosanctis
754 1192 933 1232 euangeliis
959 1192 1186 1230 iuramentum,
1212 1195 1243 1222 et
1260 1192 1431 1233 privilegia
1456 1203 1514 1233 per
1533 1194 1652 1231 omnia,
1678 1193 1785 1223 verbis
1804 1196 1911 1223 tamen
1937 1203 2064 1233 compe-

418 1247 524 1274 tenter
554 1244 685 1274 mutatis
716 1247 809 1285 prout
839 1244 914 1274 facti
940 1244 1078 1285 qualitas
1104 1244 1222 1284 exigit,
1255 1244 1371 1274 similia
1396 1245 1625 1286 suprascriptis
1651 1244 1849 1275 continentia
1878 1248 1910 1276 et
1934 1245 2067 1275 nichilo-

418 1296 522 1325 minus
561 1295 655 1336 plene
695 1295 758 1325 alia
797 1296 923 1333 omnia,
963 1306 1024 1337 que
1064 1300 1173 1337 preter
1210 1296 1450 1337 privilegiorum
1488 1297 1716 1338 premissorum
1752 1300 1883 1328 tenores
1921 1297 2068 1338 superius

421 1347 657 1388 exprimuntur,
687 1358 723 1377 ac
748 1348 880 1389 insuper
904 1348 1164 1382 ratificationem,
1196 1348 1491 1387 confirmationem,
1522 1349 1763 1379 innovationem
1793 1359 1829 1379 ac
1854 1359 1967 1379 novam
1992 1359 2067 1379 con-

419 1399 600 1429 cessionem
627 1400 768 1429 omnium
794 1400 1077 1437 renuntiationum,
1103 1400 1343 1439 dimissionum,
1368 1401 1636 1442 promissionum,
1662 1401 1946 1442 pollicitationum,
1971 1410 2067 1441 spon-

420 1451 563 1488 sionum,
595 1451 854 1487 concessionum,
887 1452 1089 1491 cessionum,
1121 1452 1397 1483 confirmationum
1431 1456 1463 1483 et
1487 1453 1737 1492 confessionum,
1769 1463 1848 1494 quas
1873 1455 1938 1482 tam
1964 1452 2067 1482 dictus
2096 1466 2107 1484 2

419 1501 612 1532 Fredericus
639 1502 803 1533 secundus
828 1513 922 1544 quam
949 1504 1003 1534 alii
1034 1514 1128 1544 reges
1154 1508 1185 1534 ct
1210 1504 1424 1545 imperatores
1450 1504 1666 1535 Romanorum
1691 1504 1905 1546 precedentes
1930 1503 2068 1535 eundem

418 1554 627 1584 beato'Petro
642 1555 859 1595 apostolorum
876 1555 1022 1596 principi,
1047 1556 1178 1586 summis
1196 1556 1401 1597 pontificibus
1420 1557 1472 1598 qui
1490 1567 1546 1598 pro
1561 1560 1705 1597 tempore
1723 1556 1852 1587 fuerunt
1865 1556 1914 1586 vel
1930 1555 2068 1586 ecclesie

419 1605 563 1635 Romane
589 1606 768 1646 prestitisse
794 1610 986 1644 noscuntur,
1023 1606 1147 1648 prefato
1171 1607 1390 1648 apostolorum
1416 1608 1549 1649 principi
1580 1619 1617 1638 ac
1641 1608 1731 1638 vobis
1756 1608 1961 1638 sanctissimo
1986 1607 2069 1648 patri

420 1657 487 1686 eius
514 1657 692 1688 successori
710 1658 889 1698 ceterisque
915 1658 1083 1688 catholicis
1109 1659 1224 1689 vestris
1250 1659 1494 1690 successoribus
1520 1663 1551 1690 ct
1575 1660 1711 1690 ecclesie
1730 1659 1876 1690 Romane
1903 1658 2068 1697 concedet,

420 1707 687 1750 quandocumque
712 1720 770 1750 per
787 1710 895 1739 sedem
915 1711 1127 1751 apostolicam
1147 1722 1244 1752 super
1269 1711 1328 1742 hoc
1347 1712 1462 1742 litteris
1487 1712 1583 1742 fuerit
1600 1712 1650 1742 vel
1676 1712 1786 1742 nuntio
1812 1712 1994 1753 requisitus.
2028 1710 2070 1741 Et

420 1760 602 1790 iuramenta
626 1761 722 1791 etiam
749 1761 910 1802 prestabit
936 1765 967 1792 et
991 1762 1116 1792 litteras
1143 1773 1241 1803 super
1265 1763 1447 1793 huiusmodi
1466 1764 1664 1805 prestatione
1682 1763 1850 1801 concedet,
1875 1766 1969 1804 prout
1993 1761 2069 1792 dicti

420 1821 514 1850 reges
547 1812 763 1842 Ilmmmorum
798 1813 1008 1853 prestiterunt
1046 1818 1077 1844 ct
1108 1818 1349 1845 concesserunt.
1440 1816 1486 1855 (7)
1511 1816 1687 1856 Postquam
1718 1818 1826 1845 autem
1859 1814 1994 1845 Romam
2029 1813 2068 1844 ad

422 1863 639 1904 recipiendum
665 1864 866 1904 unctionem,
900 1866 1140 1895 coronationem
1166 1877 1223 1896 seu
1258 1867 1425 1907 imperiale
1456 1866 1605 1898 diadema
1629 1867 1812 1908 pervenerit
1842 1867 1975 1907 ipsaque
2000 1875 2071 1907 per-

422 1915 557 1955 ceperit,
589 1916 744 1955 prcmissa
772 1917 876 1946 ‹umiia
907 1920 939 1947 ct
971 1918 1098 1957 singula
1123 1918 1288 1948 innovabit
1312 1929 1368 1949 seu
1394 1918 1434 1949 de
1458 1930 1540 1950 novo
1565 1919 1676 1957 faciet,
1701 1929 1738 1949 ac
1763 1919 1830 1948 sine
1856 1918 1962 1959 aliqua
1986 1917 2069 1947 diffi-

421 1967 541 1996 cultate
568 1967 746 1997 iuramenta
765 1968 929 2008 prestabit,
954 1979 1015 2009 que
1034 1969 1246 2010 imperat‹j›1·cs
1265 1970 1422 2000 Romanid
1441 1971 1597 2001 haetenus
1615 1971 1836 2012 prestiterunt.
1919 1969 1967 2009 (8)
1986 1968 2067 1999 Item

421 2017 503 2058 quod
522 2018 625 2048 dictus
652 2030 707 2048 rex
727 2019 884 2049 liudolfus
902 2020 988 2050 bona
1012 2020 1073 2050 tide
1100 2021 1167 2051 siue
1192 2021 1302 2052 fraude
1328 2026 1359 2052 et
1384 2022 1468 2052 malo
1488 2023 1616 2063 ingenio
1633 2022 1827 2064 procurabit,
1853 2021 1937 2062 quod
1957 2031 2069 2051 omnes

421 2069 583 2110 principes
609 2070 782 2100 Alcmanic
815 2071 885 2100 laici
912 2072 1101 2112 promittent
1132 2076 1162 2102 ct
1188 2073 1355 2112 iurabunt,
1387 2084 1420 2104 se
1450 2074 1534 2105 bona
1566 2074 1627 2105 fide
1659 2077 1824 2104 curaturos
1856 2076 1887 2103 et
1917 2073 2070 2109 facturos,

422 2120 505 2161 quod
531 2121 599 2161 ipse
627 2132 682 2152 rex
710 2121 866 2152 liudolfus
892 2124 1048 2163 premissa
1074 2124 1180 2154 omnia
1204 2128 1236 2155 et
1263 2126 1389 2165 singula
1417 2126 1643 2157 inviolabiliter
1660 2125 1855 2165 observabit,
1881 2128 1913 2155 ct
1937 2125 1961 2154 si
1987 2123 2069 2164 quod

422 2172 506 2201 absit
532 2172 598 2213 ipse
624 2183 679 2202 rex
704 2172 860 2203 liudolfus
886 2174 1030 2214 predicta
1055 2186 1117 2205 nou
1143 2181 1306 2216 servaret,
1333 2177 1426 2207 iidem
1452 2178 1613 2219 principes
1639 2178 1669 2208 iu
1694 2178 1754 2207 hoe
1780 2177 1838 2218 ipsi
1864 2177 2069 2217 aliquatenus

423 2234 482 2253 non
508 2225 670 2255 assistent.

532 2276 580 2315 (a)
605 2275 710 2306 'l‘enor
734 2287 859 2317 quoque
886 2277 1019 2318 predicti
1046 2279 1207 2313 mandati,
1241 2280 1324 2321 quod
1351 2281 1390 2311 ab
1417 2281 1529 2311 eodem
1556 2280 1694 2311 liudolfo
1724 2280 1846 2321 recepi,
1882 2290 1939 2321 per
1963 2279 2070 2310 onmia

423 2327 493 2357 tulis
519 2331 582 2357 est:

530 2379 751 2409 *Suus-tissima)
778 2380 806 2409 in
834 2379 962 2410 Christo
1018 2392 1101 2411 auno
1126 2383 1248 2423 primo'.
1284 2395 1382 2422 supra
1407 2395 1454 2414 νιν.
1474 2386 1524 2415 4⁸.

513 2430 613 2467 *Acta
635 2434 709 2460 sunt
735 2431 792 2460 lwc
814 2431 959 2471 Lugduni
981 2433 1008 2462 iu
1030 2433 1171 2473 predicto
1190 2435 1391 2468 consistorio,
1417 2447 1499 2466 anno
1519 2435 1647 2466 Domini
1667 2434 1932 2471 MOCLXXIIH,
1957 2446 2069 2465 mense

426 2479 521 2519 lunii,
547 2480 597 2510 die
623 2480 735 2511 Martis
760 2481 815 2512 Yl.
841 2484 962 2512 mensis
988 2484 1142 2519 eiusdem,
1169 2487 1372 2526 pontificatus
1398 2488 1494 2517 vestri
1520 2498 1601 2517 :iuno
1627 2487 1737 2518 tercio.
1785 2487 1883 2516 Porro
1908 2486 1946 2516 ad
1971 2487 2066 2517 certi-

422 2531 565 2561 tudinem
591 2533 792 2573 presentium
819 2536 850 2563 ct
875 2535 1059 2565 memoriam
1086 2536 1262 2567 futurorum
1298 2538 1336 2568 de
1371 2539 1537 2579 premissis
1569 2538 1718 2569 omnibus
1749 2541 1917 2579 presentes
1943 2538 2067 2568 litteras

423 2583 489 2612 ficri
515 2583 573 2613 feci
602 2588 630 2613 et
659 2584 719 2613 mci
746 2585 841 2623 sigilli
867 2586 1042 2616 munimine
1068 2588 1218 2618 roborari.

525 2668 570 2694 ¹¹9.
590 2669 614 2699 ⁴¹)
634 2670 667 2693 sla·
687 2674 717 2694 lt'.

528 2738 550 2767 1)
569 2745 588 2761 c.
603 2742 641 2762 xo.
662 2740 683 2761 rt
703 2742 740 2763 5:⁷3,
764 2738 805 2763 lti.
819 2742 859 2762 1:51,

2094 685 2118 703 10

2094 943 2117 961 15

2095 1208 2120 1227 20

2098 1725 2122 1743 30

2096 2241 2121 2258 -Ιυ

2095 2500 2120 2518 45
