2259 3164
109 930 132 949 10

111 1279 133 1297 15

113 1536 136 1555 20

474 191 629 218 RUDOLFI
648 191 751 217 REGIS
771 191 1092 219 CONSTITUTIONES.
1130 194 1202 220 1285.
1239 195 1285 221 Nr.
1298 195 1376 221 368a.
1390 195 1471 222 3681).
1724 199 1780 229 351

157 278 309 317 sciencia,
340 289 454 309 manus
484 278 602 309 debeat
625 279 793 320 amputari.
840 278 998 310 Dominus
1023 290 1097 311 vcro
1126 281 1307 312 huiusmodi
1338 283 1502 314 falsarios³
1525 284 1554 314 in
1585 284 1650 314 suis
1681 285 1783 314 muni-

158 330 301 362 cionibus
319 330 494 361 confovens
512 330 562 361 vel
581 340 775 361 conservans
793 330 877 360 sicut
893 330 962 371 ipse
980 331 1129 362 falsarius
1147 331 1244 363 debet
1263 334 1418 365 consimili
1437 346 1520 376 pena
1537 336 1651 376 puniri.
1718 335 1784 366 Nos

156 385 262 414 autem
286 382 389 423 ipsam
409 382 607 412 sentenciam
624 382 841 423 approbantes
860 382 948 413 vobis
966 383 1125 413 universis
1152 387 1184 414 et
1201 385 1335 425 singulis
1354 384 1466 416 damus
1490 386 1549 417 hoc
1567 386 1671 417 edicto
1695 387 1783 428 regio

155 434 285 465 firmiter
309 434 341 464 in
364 434 541 475 p1·eceptiS‚
571 434 720 475 quatinus
752 434 886 464 eandem
911 435 1109 465 sentenciam
1141 436 1371 467 inviolabiliter
1399 437 1589 470 observetis.
1635 438 1671 469 In
1696 439 1784 470 cuius

155 485 200 517 rei
223 485 441 516 testimonium
465 496 599 526 presens
625 485 777 526 scriptum
801 485 979 516 maiestatis
1003 489 1111 517 nostre
1137 487 1240 527 sigillo
1266 488 1400 519 fecimus
1425 489 1621 520 communiri.

259 554 379 585 Datum
409 555 594 595 Maguncic,
632 555 683 586 die
713 555 872 597 predicto,
908 566 991 586 anno
1020 555 1151 587 Domini
1180 556 1397 588 MCOLXXX
1427 558 1553 599 quinto,
1588 559 1679 600 regni
1709 569 1785 590 vero

156 606 255 638 nostri
279 617 362 638 anno
386 606 586 640 duodecimo.

493 795 558 828 368
566 797 598 829 b.
622 797 792 828 MANDA
798 797 902 829 TUM
918 796 1116 828 FIDELIB
1125 797 1178 829 US
1197 797 1454 830 DJREOTUM.

263 868 418 907 Quattuor
433 866 631 906 autoyrapha
645 866 781 897 eiusdem
797 866 950 898 tabularii
965 867 1195 906 deso-sepsimus,
1219 868 1332 906 quibus
1354 868 1491 907 siyillum
1514 879 1634 900 cereum
1657 880 1677 899 a
1700 870 1789 901 dorso

157 920 337 959 impressum
361 921 414 951 est.
464 923 474 950 l
502 922 530 950 et
554 921 572 949 2
596 919 700 950 eadem
723 930 834 957 mama,
867 921 884 949 3
909 922 937 950 et
961 922 978 950 4
1002 919 1068 950 alia
1097 920 1151 950 sed
1179 920 1283 950 eadem
1313 930 1411 951 mmm
1439 921 1473 950 in
1500 921 1688 951 cancellaria
1710 922 1789 961 reglis

156 971 273 1011 scripta
294 973 378 1003 sunt.
403 989 442 993 —
466 970 611 1009 Balaam,
636 971 710 1011 Rey.
728 971 801 1010 imp.
821 970 874 1008 VI,
889 971 978 1002 1925.
1500 972 1552 1012 (P.
1577 972 1683 1012 deest.)

263 1091 420 1123 Rudolfus
449 1091 511 1123 Dei
540 1092 650 1133 gracia
676 1091 893 1123 Romanorum
927 1103 985 1123 rex
1015 1102 1142 1133 semper
1171 1095 1326 1133 augustus
1354 1092 1530 1124 venerabili
1555 1118 1561 1124 .
1584 1117 1591 1124 .
1614 1092 1787 1124 Leodiensi

160 1144 310 1186 episcopo
334 1144 468 1186 principi
492 1154 548 1175 suo
573 1143 713 1175 dilectoa
736 1145 876 1185 graciam
902 1154 991 1175 suam
1016 1147 1048 1175 et
1071 1154 1165 1175 omne
1190 1144 1320 1175 bonum.

263 1212 506 1244 Presidentibus
525 1213 618 1243 nobis
637 1212 753 1244 iudicio
778 1213 808 1244 in
833 1213 884 1244 (lie
902 1212 997 1244 beate
1014 1212 1198 1254 Margarete
1216 1213 1348 1254 virginis
1366 1213 1509 1254 proxime
1526 1223 1609 1243 nunc
1634 1213 1787 1254 preterita

160 1265 243 1307 apud
271 1264 475 1306 Magunciam
507 1265 668 1306 quesitum
698 1265 758 1295 fuit
786 1275 843 1306 per
872 1265 1071 1296 sentenciam
1104 1275 1123 1295 a
1151 1265 1367 1306 principibus⁷
1401 1264 1585 1303 comitibus,
1615 1264 1787 1304 nobilibus,

159 1316 421 1348 ministerialibus
454 1320 485 1348 et
513 1317 584 1347 aliis
613 1317 729 1347 nostris
764 1316 911 1347 fidelibus
947 1316 1106 1347 universis
1136 1316 1190 1358 qui
1229 1320 1397 1357 presentes
1430 1315 1580 1347 aderant:
1619 1327 1681 1357 qua
1709 1326 1791 1357 pena

163 1369 266 1411 puniri
291 1369 429 1400 debeant
452 1369 571 1399 falsarii
596 1369 649 1410 qui
673 1368 787 1399 falsam
813 1371 976 1400 monetam
1001 1368 1121 1399 cudunt
1145 1370 1176 1398 et
1200 1368 1337 1404 faciunt,
1368 1379 1404 1399 ac
1429 1367 1475 1398 hii
1500 1368 1552 1409 qui
1576 1378 1633 1409 per
1657 1368 1791 1399 eandem

163 1424 322 1451 monetam
346 1424 500 1451 exercent
524 1421 715 1451 commercia
739 1421 789 1451 vel
813 1421 916 1462 ipsam
942 1431 981 1451 cx
1007 1424 1096 1451 certa
1119 1420 1260 1450 sciencia
1284 1422 1492 1459 conservant,
1516 1420 1566 1450 vel
1591 1419 1711 1450 domini
1735 1431 1793 1461 per

163 1483 239 1513 quos
262 1472 397 1514 predicti
420 1472 451 1502 in
475 1472 540 1502 suis
564 1472 800 1503 municionibus
825 1472 1047 1503 confoventur.
1136 1471 1178 1501 Et
1201 1472 1438 1502 sentenciatum
1460 1472 1567 1502 extitit
1585 1470 1791 1502 eorumdemb

161 1525 338 1566 principum
354 1526 419 1555 tam
438 1524 651 1565 spiritualium
669 1535 764 1565 quam
782 1524 1002 1562 seculariumc³
1029 1523 1191 1562 comitum,
1216 1523 1368 1554 nobilium
1394 1534 1430 1554 ac
1448 1523 1587 1554 omnium
1612 1526 1792 1554 nostrorum

162 1575 301 1607 fidelium
325 1576 378 1617 qui
401 1575 519 1606 ibidem
544 1575 724 1606 affueruntd
749 1575 965 1617 applaudente
992 1585 1167 1606 consensu:
1201 1574 1284 1616 quod
1314 1575 1461 1605 falsarius
1492 1575 1604 1605 falsam
1630 1578 1789 1605 monetam

163 1627 281 1658 cudens
304 1627 354 1658 vel
377 1627 549 1667 fabricans,
574 1628 599 1658 si
623 1627 845 1669 deprehensus
870 1627 976 1665 fuerit,
1002 1627 1042 1657 sit
1066 1626 1288 1657 decoecionise
1312 1637 1396 1667 pena
1425 1626 1625 1668 plectendus.
1670 1626 1712 1656 Et
1737 1626 1792 1666 illi,

163 1680 215 1721 qui
249 1690 319 1710 cum
354 1679 466 1711 eadem
502 1683 631 1710 moneta
666 1680 806 1710 scienter
841 1682 973 1710 exercet
1006 1679 1186 1710 conmercia
1215 1679 1266 1709 vel
1303 1679 1405 1719 ipsam
1435 1681 1603 1709 conservat
1632 1689 1672 1708 ex
1703 1681 1790 1708 certa

164 1731 314 1770 sciencia,
346 1742 459 1762 manus
484 1731 603 1762 debeat
626 1731 794 1772 amputari.
840 1730 996 1761 Dominus
1030 1741 1103 1761 vero
1138 1730 1320 1761 huiusmodi
1353 1729 1501 1760 falsarios
1532 1730 1563 1759 in
1594 1729 1657 1759 suis
1688 1729 1791 1759 muni-

119 1789 142 1808 25
161 1782 302 1814 cionibus
331 1783 504 1814 confovens
534 1783 584 1814 vel
616 1793 811 1813 conservans
845 1783 927 1812 sicut
964 1783 1031 1824 ipse
1061 1782 1210 1812 falsarius
1241 1781 1337 1812 debet
1372 1781 1529 1811 consimili
1563 1791 1647 1822 pena
1677 1780 1790 1822 puniri.

118 2064 141 2082 3⁰

163 1834 228 1865 Nos
251 1838 356 1866 autem
381 1835 483 1876 ipsam
507 1835 707 1865 sentenciam
736 1834 954 1875 approbantes
984 1833 1181 1864 sinceritatis
1203 1838 1256 1864 tue
1286 1834 1418 1864 firmiter
1449 1836 1481 1864 et
1509 1833 1653 1863 districte
1687 1833 1790 1873 preci-

164 1886 277 1927 piendo
301 1886 503 1924 mandamus,
538 1887 687 1928 quatinus
718 1890 880 1917 monetam
909 1886 940 1916 in
971 1886 1033 1916 tuis
1059 1885 1255 1916 districtibus
1286 1889 1318 1916 et
1342 1885 1417 1915 alibi
1441 1884 1514 1915 cudi
1538 1895 1601 1915 non
1625 1884 1724 1915 facias
1749 1883 1788 1914 de

166 1941 270 1969 cetero
305 1948 365 1969 nec
396 1938 543 1969 falsarios
573 1938 683 1968 foveas
707 1938 758 1968 vel
791 1947 963 1968 conserves
999 1937 1081 1968 sicut
1111 1947 1226 1978 penam
1262 1936 1440 1978 predictam
1474 1939 1506 1967 et
1536 1936 1792 1977 indignacionem

166 1989 283 2030 regiam
306 1990 445 2021 volueris
470 1991 603 2022 evitare.

271 2059 411 2090 Datumss
434 2059 616 2100 Maguncie,
642 2058 692 2089 dic
718 2058 870 2100 predicto,
896 2058 986 2099 regni
1010 2058 1110 2089 nostri
1135 2068 1216 2088 anno
1241 2056 1317 2088 ΧΠ.

269 2502 357 2529 3683-
378 2506 401 2535 a)
421 2505 532 2529 falsarios
551 2514 586 2529 or.

272 2631 363 2658 3681).
383 2634 405 2665 ³)
421 2635 473 2658 loco
486 2635 752 2660 venerabili-dilecto
765 2634 791 2659 *Ξῖ
808 2634 990 2659 honorabili
1006 2634 1074 2657 viro
1088 2633 1241 2656 Walramo
1255 2632 1416 2664 preposito
1431 2632 1555 2662 Aquensi
1569 2630 1730 2662 capellano
1750 2637 1794 2653 suo

172 2673 275 2706 dilect03
293 2675 322 2700 3:
340 2677 445 2701 nobili
463 2678 525 2702 viro
544 2679 595 2702 Th.
614 2679 648 2702 de
668 2679 836 2709 Hensberg
856 2677 944 2701 fideli
963 2685 1009 2701 suo
1028 2676 1132 2705 dilect0;
1152 2675 1178 2699 4:
1199 2675 1304 2698 nobili
1323 2675 1394 2698 viro
1409 2675 1448 2698 W.
1463 2675 1492 2698 de
1507 2675 1623 2698 Vrenze
1644 2673 1729 2697 fideli
1749 2681 1794 2695 suo

175 2717 270 2742 dilecto.
346 2717 371 2749 1'’)
390 2721 525 2745 eorundem
544 2721 567 2746 2.
587 2720 610 2745 3.
633 2721 656 2745 4.
737 2721 758 2751 c)
777 2720 926 2745 eccliarium
946 2720 968 2744 1.
1047 2717 1071 2750 (¹)
1091 2719 1194 2742 fuerunt
1212 2717 1235 2742 2.
1254 2717 1278 2743 4.
1372 2718 1393 2747 e)
1413 2717 1564 2741 decoctionis
1582 2716 1605 2740 2.
1685 2714 1703 2747 ί)
1723 2715 1793 2739 side-

126 2759 148 2778 35
173 2759 254 2784 litati
272 2760 295 2785 2.
313 2760 337 2786 3.
354 2761 378 2787 4.
470 2763 495 2794 s)
514 2765 571 2788 Dat.
585 2764 607 2788 3.
621 2763 645 2788 4.
