2259 3164
94 767 116 786 10

98 1119 118 1137 1⁵

99 1658 122 1677 25

99 1913 122 1932 3⁰

102 2171 124 2190 ³5

100 2686 122 2705 45

478 204 635 231 RUDOLFI
653 204 756 231 REGIS
775 204 1096 231 CONSTITUTIONEs.
1135 206 1205 232 1290.
1242 207 1287 233 Nr.
1300 208 1357 233 4:25.
1370 208 1428 233 427.
1706 211 1766 241 417

142 292 232 324 vobis
256 296 423 331 precipimus
439 297 468 322 ct
484 290 626 322 districte
644 290 840 329 mandamuS,
864 305 899 322 ne
924 297 985 330 quis
1002 297 1198 330 cuiuscumque
1215 298 1384 325 condicionis
1402 308 1520 333 persona
1538 301 1649 327 racione
1674 296 1766 327 huius

143 348 367 381 contribueionis,
391 356 473 381 quam
498 356 580 382 super
602 347 785 374 institucione
808 348 884 381 pacis
901 344 1063 385 generaHs
1080 358 1152 375 nunc
1170 349 1295 376 Erfordie
1313 351 1433 378 sanctita
1449 360 1498 385 per
1515 353 1586 378 nos*
1610 354 1765 384 exsolvunt,

144 401 219 435 ipsos
241 400 269 427 in
293 401 438 426 futurum*
461 400 557 426 trahat
580 400 615 426 ad
638 399 867 433 consequenciam
893 406 951 426 nec
977 395 1096 437 aliquid
1120 400 1155 426 ab
1179 401 1218 426 eis
1242 397 1272 427 in
1290 401 1455 438 posterum
1472 409 1528 439 per
1545 399 1767 440 iinpcticiones

143 448 268 479 illicitas
292 449 347 479 aut
370 447 503 478 servicia
527 446 670 478 indebita
693 451 865 485 requiratur,
895 452 943 477 sed
974 447 1050 489 ipsis
1074 452 1218 479 libertates
1244 452 1275 479 et
1298 449 1366 479 iura
1391 460 1426 479 ac
1451 454 1641 481 immunitates
1665 456 1765 489 quibus

144 503 233 531 dotati
256 505 321 530 sunt
342 503 505 529 mandamus
529 503 731 529 inviolabiliter
754 503 904 529 observari.
950 498 1106 529 Nolumus
1131 499 1241 537 eciam,
1266 503 1300 530 ut
1324 501 1420 541 aliqui
1446 502 1649 532 innumerosa
1673 507 1764 533 multi-

142 555 237 582 tudine
260 564 288 581 se
311 554 463 589 recipiant
490 555 519 580 in
550 555 672 589 ipsorum
699 555 824 589 grangiis
847 555 890 581 vel
919 555 947 580 in
976 555 1116 581 claustro.
1204 550 1340 592 Insuper
1364 552 1453 583 vobis
1479 578 1484 583 .
1508 578 1514 583 .
1540 554 1709 595 capitaneo
1734 558 1766 585 et

142 602 298 633 iudicibus
321 612 379 644 per
402 602 576 633 Saxoniam
601 602 783 633 memoratis
807 603 894 643 regia
918 602 1107 633 auctoritate
1124 602 1319 644 precipimus
1344 607 1376 634 et
1393 604 1590 644 mandamus,
1615 606 1765 646 quatinus

143 654 314 686 eorundem
348 654 572 695 religiosorum
606 654 787 685 turbatores
824 653 1104 685 animadversione
1140 654 1306 685 iudiciaria
1340 655 1380 686 ab
1412 656 1596 686 iniuriarum
1633 657 1765 698 impetu,

142 706 228 737 nullo
252 708 400 748 respectu
424 706 700 747 compensacionis
723 705 833 736 habito
858 705 897 736 ab
922 705 1059 743 eisdem,
1084 705 1232 737 cohibere
1258 707 1390 743 curetis,
1424 707 1629 748 previdentes
1654 709 1699 739 eis
1724 709 1764 739 ab

143 757 295 788 incendiis
323 761 355 788 et
384 757 503 799 rapinis
536 761 567 789 et
598 758 810 799 peticionibus
841 757 1037 795 enormibus,
1072 768 1130 788 nec
1162 758 1206 788 eis
1238 758 1347 789 sinatis
1379 759 1487 790 inferri
1513 760 1691 791 molestiam
1717 761 1766 791 vel

142 809 305 840 iacturam.
394 809 432 840 In
456 810 546 840 cuius
571 810 615 840 rei
639 809 858 840 testimonium
883 812 1051 851 presentes
1076 810 1199 840 litteras
1225 810 1403 841 maiestatis
1427 814 1534 842 nostre
1554 812 1658 853 sigillo
1675 823 1764 843 man-

143 861 286 892 davimus
310 861 460 893 roborari.

246 912 364 944 Datum
392 912 556 951 Erfordie,
585 913 625 945 V.
646 913 756 944 Nonas
785 913 912 951 Marcii,
943 914 1116 945 indictione
1149 914 1265 952 tercia,
1294 924 1377 944 anno
1401 913 1530 945 Domini
1554 914 1643 946 MCC
1667 926 1766 946 nona-

144 965 272 1006 gesimo,
298 965 388 1006 regni
412 975 485 996 vero
509 965 610 996 nostri
634 976 716 996 anno
742 966 877 1007 septimo
901 965 1036 997 decimo.

181 1108 254 1141 427.
281 1109 540 1142 CONSENSUS
563 1110 705 1142 REGIS
728 1111 985 1143 BOHEMIAE
1005 1111 1073 1142 DE
1093 1111 1277 1143 FUTURI
1296 1110 1440 1142 REGIS
1460 1111 1731 1143 ELECTIONE.

880 1162 959 1202 Apr.
978 1164 1027 1194 13.

247 1223 398 1254 Servatur
420 1223 455 1253 in
476 1222 538 1253 solo
562 1223 588 1254 L
612 1224 713 1254 codice
734 1225 785 1254 125.
806 1223 864 1264 fol.
889 1223 1083 1255 bibliothecae
1099 1223 1299 1253 Luceriensis
1320 1223 1373 1261 fol.
1388 1223 1458 1260 107,
1483 1223 1519 1254 (lc
1541 1234 1599 1263 quo
1622 1235 1647 1256 υ.
1671 1235 1768 1263 supra

143 1274 185 1305 ad
205 1285 252 1305 nr.
271 1276 326 1311 66;
348 1285 435 1313 quem
458 1285 514 1305 nos
539 1274 598 1313 ipsi
621 1275 720 1305 denuo
738 1274 934 1307 contulimus.
974 1275 1006 1306 E
1026 1286 1085 1314 quo
1108 1275 1192 1305 (ledit
1215 1275 1278 1304 iam
1303 1274 1375 1305 olim
1391 1275 1483 1313 ΚΘΗ)
1501 1275 1692 1306 ‘Gesclte'eletc
1715 1276 1769 1306 der

144 1326 400 1365 eidyeniissisclzcn
424 1326 545 1357 Bmzde'
571 1327 596 1363 1,
614 1327 676 1357 903
697 1337 746 1359 nr.
762 1328 814 1358 23.
857 1327 903 1365 Cf.
923 1327 1009 1366 infin
1032 1337 1081 1357 ur.
1098 1328 1169 1356 441.
1190 1344 1226 1348 —
1252 1326 1395 1363 Boltmer,
1420 1326 1493 1366 Rey.
1514 1327 1584 1365 imp.
1609 1327 1661 1363 VI,
1674 1328 1768 1357 2290:

1479 1378 1531 1416 (P.
1557 1378 1662 1417 deest.)

249 1446 510 1489 [W]enczelaus²
537 1448 599 1478 Dei
628 1449 737 1489 gracia
765 1459 822 1479 rex
852 1448 1006 1479 Bohemie
1040 1452 1072 1478 et
1101 1446 1243 1478 marchio
1274 1446 1416 1477 Moravie
1446 1445 1602 1477 universis
1633 1457 1767 1488 presens

147 1498 295 1540 scriptum
318 1498 433 1529 visuris
457 1499 507 1529 vel
531 1498 686 1530 audituris
711 1499 963 1541 subscriptorum
988 1509 1181 1540 cognoscere
1206 1499 1386 1529 veritatem.

249 1549 297 1590 (1)
321 1549 478 1585 Quoniam
503 1560 601 1591 regno
626 1550 844 1581 Romanorum
868 1551 934 1581 veri
959 1551 1043 1591 regis
1068 1550 1298 1591 gubernamine
1323 1548 1491 1586 destituto,
1517 1559 1712 1589 gwerrarum
1736 1550 1767 1580 in

148 1599 323 1632 horroribus
347 1601 522 1632 animorum
547 1601 757 1632 dissonanciis
782 1602 956 1633 exulanteb
980 1601 1181 1632 rectitudinis
1206 1600 1398 1642 prefectura,
1424 1599 1519 1630 velud
1544 1600 1574 1629 in
1598 1601 1676 1630 mari
1701 1604 1766 1631 tur-

148 1651 218 1682 bido
242 1652 360 1683 turbati
383 1652 539 1683 fluctuant
562 1653 733 1694 regnicole,
758 1653 910 1684 iudicium
930 1652 1134 1690 subvertitur,
1160 1653 1288 1683 iusticia
1311 1662 1374 1682 non
1391 1654 1521 1681 curatur
1544 1654 1576 1681 et
1599 1651 1767 1692 imperium

147 1703 233 1744 quasi
260 1714 386 1735 versum
416 1705 447 1735 in
482 1705 726 1746 improperium,
759 1704 973 1735 demembrari
1007 1715 1041 1735 se
1076 1703 1266 1741 condolens,
1301 1703 1368 1733 sine
1410 1705 1590 1743 protectore
1624 1703 1769 1734 subiacet

146 1754 282 1796 undique
304 1755 490 1788 laceratum.
525 1756 577 1787 Ad
600 1756 678 1787 hocc
702 1759 851 1795 respectu
869 1756 977 1787 habito
994 1756 1217 1786 nichilominus
1242 1758 1273 1785 et
1296 1764 1472 1795 perpenSO,
1497 1753 1634 1794 qualiter
1657 1755 1767 1785 excel-

147 1806 336 1837 lentissimus
361 1807 507 1838 dominus
532 1807 570 1838 R.
594 1807 656 1839 Dei
681 1808 789 1849 gracia
813 1808 1030 1839 Romanorum
1060 1818 1117 1838 rex
1142 1817 1268 1848 semper
1292 1808 1447 1846 augustus
1472 1804 1511 1835 ad
1534 1805 1626 1845 regni
1652 1805 1768 1835 Roma-

148 1867 257 1888 norum
281 1858 395 1889 solium
419 1859 571 1890 divinitus
597 1859 804 1898 sublimatus,
828 1870 943 1901 corpus
968 1859 1093 1900 imperii
1117 1857 1357 1899 multiphariam
1382 1856 1552 1896 multisque
1577 1856 1678 1887 modis
1703 1857 1768 1887 suis

147 1909 295 1941 membris
312 1911 471 1952 aspiciens
488 1910 723 1948 defraudatum,
748 1912 863 1952 quietis
887 1911 1063 1952 impaciens
1088 1920 1185 1941 eausa
1202 1909 1248 1940 rei
1266 1908 1394 1950 publice
1414 1908 1593 1949 vigiliarum
1618 1918 1653 1938 ac
1678 1907 1766 1938 labo>

147 1970 213 1991 rum
243 1961 442 1993 voluntarius
477 1962 657 2001 affectator,
693 1963 819 2004 corpori
847 1963 944 2004 ipsius
976 1962 1102 2003 imperii
1132 1972 1190 1992 sua
1221 1960 1364 1991 membra
1398 1962 1591 1990 connectens
1620 1959 1767 1990 felicibus

147 2012 295 2054 auspiciis
320 2013 409 2044 auxit
432 2014 599 2055 imperium
625 2024 695 2045 cum
723 2015 823 2055 gloria
852 2018 884 2045 et
912 2014 1045 2047 honore:
1078 2012 1281 2044 attendentes
1313 2015 1475 2052 preterea,
1506 2011 1590 2051 quod
1615 2011 1766 2041 virtutum

147 2063 288 2105 insigniis
311 2064 452 2095 dictante
470 2065 598 2096 stimulo
616 2066 754 2096 naturali
779 2065 818 2096 ad
835 2069 1041 2106 augmentum
1067 2064 1192 2106 imperii
1216 2063 1357 2094 imitetur
1375 2062 1512 2103 vestigia
1528 2062 1627 2103 patris
1650 2062 1767 2103 proles,

148 2114 178 2145 in
202 2115 359 2147 eleccione
383 2116 514 2148 illustris
539 2117 623 2158 regis
640 2117 854 2148 Romanorum
880 2118 927 2148 ius
952 2117 1109 2148 habentes
1135 2126 1205 2146 cum
1230 2114 1300 2145 aliis
1325 2113 1364 2144 ad
1389 2114 1449 2144 hoc
1473 2113 1668 2154 principibus
1686 2113 1765 2144 Ger-

149 2166 250 2197 manic
267 2166 439 2209 deputatis,
456 2168 661 2209 presentibus
679 2168 836 2199 dilucided
854 2168 1047 2210 profitemur,
1065 2167 1147 2209 quod
1165 2169 1199 2197 ut
1214 2176 1314 2207 regno
1333 2165 1490 2195 salubrius
1508 2175 1578 2194 cum
1598 2164 1767 2205 regnicolis

148 2222 357 2257 succurratur,
382 2223 524 2249 nostrum
549 2230 737 2261 expressum
762 2230 953 2250 consensum
979 2223 1010 2250 et
1035 2229 1076 2249 ex
1100 2221 1187 2249 certa
1211 2217 1344 2248 scicntia
1368 2216 1570 2254 adhibenum,
1600 2219 1766 2257 postquam

148 2267 275 2300 illustris
297 2269 336 2301 R.
361 2270 580 2302 Romanorum
604 2282 660 2302 rex
684 2271 849 2312 imperiale
874 2271 1052 2312 susceperit
1075 2269 1247 2311 dyadema,
1272 2272 1306 2299 ut
1330 2268 1397 2298 vice
1422 2270 1531 2298 nostra
1556 2267 1613 2297 hoc
1637 2267 1765 2297 nomine

147 2320 196 2350 vel
225 2321 349 2362 proprio
374 2322 502 2353 nomine
527 2323 577 2353 vel
601 2332 790 2363 quocunque
820 2322 882 2352 alio
910 2322 1018 2360 modo,
1050 2324 1142 2362 prout
1171 2320 1210 2351 de
1243 2320 1311 2350 iure
1336 2319 1436 2360 magis
1460 2318 1567 2348 valere
1592 2318 1710 2359 poterit
1735 2321 1766 2348 et

148 2369 286 2410 debebit,
311 2372 433 2404 ordinet
457 2377 488 2404 et
513 2374 695 2412 constituat,
720 2374 827 2411 faciat,
852 2373 1005 2414 preficiat,
1029 2372 1204 2413 provideat,
1230 2371 1372 2413 postulet
1400 2381 1457 2401 seu
1487 2370 1585 2411 eligat
1609 2369 1766 2399 illustrem

147 2421 184 2452 R.
208 2422 304 2454 filium
328 2434 420 2455 suum
451 2424 564 2456 ducem
588 2425 718 2456 Austrie
747 2428 779 2455 et
803 2424 897 2455 Stirie
925 2425 956 2455 in
986 2435 1093 2465 regem
1124 2424 1263 2454 futurum
1288 2422 1505 2453 Romanorum
1529 2423 1764 2462 imperatorem,

149 2475 180 2503 et
213 2474 252 2505 ad
281 2474 374 2507 huius
407 2477 532 2518 negocii
566 2476 798 2518 plenitudinem
827 2476 988 2507 facultatis
1017 2475 1198 2513 ordinandi,
1225 2473 1455 2510 constituendi,
1480 2473 1635 2509 faciendi,
1661 2473 1765 2513 provi-

148 2523 254 2565 dendi,
278 2527 459 2568 postulandi
484 2538 540 2559 seu
563 2527 713 2569 eligendi,
738 2531 830 2569 prout
854 2527 893 2558 de
920 2528 987 2558 iure
1012 2527 1113 2568 magis
1138 2526 1252 2568 poterit
1269 2528 1300 2555 ct
1317 2524 1448 2555 debebit
1465 2524 1581 2561 valere,
1606 2523 1761 2553 illustrem

149 2574 258 2607 ducem
289 2577 417 2609 Austrie
453 2582 484 2609 et
513 2580 607 2610 Stirie
640 2578 818 2620 predictum
850 2579 882 2608 in
913 2588 1022 2619 regem
1054 2578 1194 2608 futurum
1226 2578 1442 2608 Romanorum
1476 2576 1701 2615 imperatorem
1734 2575 1764 2603 in

150 2625 263 2657 dictum
293 2628 451 2660 dominum
479 2630 518 2660 R.
551 2630 768 2661 Romanorum
797 2640 906 2670 regem
935 2632 1074 2660 nostram
1104 2629 1280 2660 liberaliter
1310 2627 1530 2657 transferimus
1561 2629 1763 2666 potestatem.

148 2675 262 2709 Ratum
286 2684 317 2710 et
332 2684 456 2721 gratum
474 2682 623 2717 habituri,
649 2681 800 2723 quidquid
817 2681 978 2722 predictus
996 2681 1141 2711 dominus
1159 2680 1195 2710 R.
1214 2679 1427 2710 Romanorum
1452 2687 1519 2710 rex.
1545 2677 1594 2706 cui
1612 2679 1763 2716 quantum

246 2771 309 2800 427.
328 2775 351 2807 ¹¹)
369 2776 473 2800 initialis
491 2777 557 2801 deest
575 2786 595 2801 c.
683 2775 707 2806 b)
727 2776 855 2800 exultante
874 2784 893 2800 c.
977 2776 999 2805 e)
1019 2775 1128 2806 sequitur
1148 2775 1208 2798 hme
1227 2774 1335 2798 deletum
1353 2782 1371 2796 c.
1460 2770 1482 2802 d)
1502 2771 1597 2797 cadent,
1616 2774 1642 2793 ut
1660 2770 1764 2799 videtur,

147 2824 222 2840 ἠιαηιι
235 2822 292 2848 post
309 2818 427 2850 scriptum
445 2828 464 2843 c.

246 2875 281 2894 LL.
300 2875 507 2894 cozxs'rl'rurionss
524 2878 558 2894 111.
1528 2865 1560 2888 53
