2259 3164
81 829 103 848 10

82 1091 103 1108 15

83 1607 105 1626 25

85 1861 107 1880 30

85 2121 107 2140 ³5

88 2378 110 2396 40

505 184 660 211 RUDOLFI
680 184 783 211 REGIS
802 184 1120 212 CONSTITUTIONES.
1159 186 1232 213 1279.
1270 187 1315 212 Nr.
1328 188 1386 213 235.
1698 190 1758 219 223

184 331 259 363 ⁶235.
282 332 522 363 LITTERAE
542 331 737 363 NICOLAI
755 332 822 363 III.
846 331 912 362 AD
934 332 1200 364 RUDOLFI'M
1220 333 1396 364 REGEM.
1445 335 1534 364 1271).
1576 335 1647 365 lem.
1665 340 1693 365 εἰ.

233 392 329 423 Dedit
350 392 608 424 Kaltmzbrzmuer
631 393 851 423 ‘Actenssiiclre'
869 403 904 431 p.
922 394 984 422 17:²5
1006 403 1053 422 uxr.
1074 395 1134 423 1022
1157 404 1194 423 ea)
1218 393 1359 432 Ilrye'stro
1382 394 1508 425 Nicolat
1536 395 1603 426 III.
1628 398 1697 425 lom.
1723 397 1762 427 ΙΙ

127 445 213 485 (Regy.
235 445 301 475 Vnt.
314 447 382 475 tom.
396 446 451 486 40)
473 445 526 484 fol.
540 446 598 482 70⁴,
615 446 705 475 cuius
720 445 884 475 etlilionmn
899 444 1073 483 repetimus.
1116 443 1166 484 Cf.
1182 444 1438 476 Ifldtmbremmr
1458 446 1474 476 l.
1490 458 1513 477 ι’.
1531 457 1579 478 nr.
1597 448 1758 477 1153—1023

126 497 175 528 hic
204 507 266 527 non
288 497 479 535 repetendo&
509 508 586 536 quos
617 497 677 527 iana
705 497 824 527 notarit
848 496 942 526 Posse
965 495 1128 526 ‘Analecta
1152 495 1315 526 Vcttizwea'
1338 508 1386 527 nr.
1406 501 1466 526 11Ηο
1491 498 1653 537 (Bolum,
1685 499 1759 538 Ray.

132 549 200 589 imp.
222 548 274 586 VI,
288 549 378 579 1093.
398 549 614 587 1094.10.‘1.5).
639 567 678 571 -
703 548 847 579 Pottlucst
869 548 984 579 21592.
1027 547 1172 585 Boram,
1198 547 1271 587 Ῑίιῃ.
1292 548 1362 587 imp.
1385 548 1435 586 VJ,
1454 550 1544 580 1002.

1470 601 1522 640 (P.
1547 602 1653 635 (locst)

234 660 387 691 Nicolaus
412 663 472 692 etc.
504 660 668 691 carissimo
700 660 731 690 in
756 659 883 690 Christo
912 659 975 690 filio
1004 659 1042 689 R.
1068 660 1134 700 regi
1158 659 1377 691 Romanorum
1413 661 1528 691 illustri
1566 662 1699 693 salutem
1729 667 1760 694 et

131 712 339 753 apostolicam
362 711 632 743 benedictionem.

233 762 281 804 (1)
305 763 461 794 Mundum
485 764 607 806 pugillo
633 763 820 794 eontinens¹
845 763 985 793 omnium
1010 763 1185 801 conditor-²,
1218 774 1275 793 rex
1301 765 1431 793 eternus
1456 764 1617 806 principes
1652 766 1682 795 in
1708 766 1760 796 illo

131 815 296 846 constituit
319 815 452 857 populo,
483 826 578 856 quern
602 815 737 846 redemit
760 815 904 845 limitatis
929 814 1080 856 gradibus
1104 815 1312 856 dignitatum,
1343 819 1375 845 et
1407 815 1477 846 illos
1501 816 1560 847 sibi
1584 817 1760 858 preclcctos

130 877 294 898 assumens
329 877 384 898 eos
420 868 604 909 columpnas
633 867 751 907 infixit,
786 867 902 907 quibus
938 867 1076 908 populus
1110 867 1303 898 christianus
1328 868 1473 898 inhereat
1503 871 1534 898 et
1564 868 1621 898 sub
1652 880 1760 900 eorum

130 918 246 949 ducatu
270 919 330 949 tuti
354 919 530 960 procedant
553 919 755 950 ambulantes
786 919 818 949 in
850 919 922 949 luce
953 929 1011 960 per
1043 919 1111 949 eius
1142 920 1273 950 semitas
1297 919 1520 950 mandatorum
1545 930 1581 950 ac
1606 920 1651 950 eis
1676 922 1759 951 relu-

129 970 273 1001 centibus
299 970 396 1001 radiis
421 971 601 1001 claritatum
632 971 811 1001 hesitantes
841 971 873 1001 in
905 970 966 1001 fido
999 970 1157 1001 catholiea
1185 971 1432 1002 contremiscant
1465 974 1497 1001 et
1526 971 1761 1014 pseudopopuli

132 1022 368 1053 conculcentur.
414 1022 469 1053 Hii
494 1026 568 1053 sunt
593 1021 713 1053 Christi
737 1023 875 1064 pugiles,
900 1033 1034 1063 quorum
1060 1022 1249 1053 strenuitate
1276 1023 1441 1053 christiani
1460 1023 1569 1064 populi
1587 1028 1759 1064 protegun-

131 1078 180 1105 tur
205 1077 237 1105 et
260 1074 407 1105 exultant
430 1075 461 1105 in
478 1073 615 1105 Domino
640 1075 685 1105 sic
710 1075 856 1116 protecti.
895 1074 951 1104 Hii
976 1077 1049 1104 sunt
1079 1077 1183 1105 turres
1214 1074 1440 1113 fortitudinis2,
1469 1075 1500 1104 in
1531 1075 1647 1115 quibus
1678 1075 1762 1106 dulci

131 1137 243 1168 sopore
269 1126 404 1168 quiescit
427 1126 565 1157 ecclesia
589 1128 620 1157 et
643 1126 704 1157 hiis
728 1126 955 1157 dimicantibus
987 1126 1018 1156 in
1051 1125 1146 1156 huius
1180 1126 1277 1157 seculi
1309 1126 1411 1157 stadio
1442 1126 1569 1156 militari
1594 1127 1763 1158 tabcscunt

130 1182 161 1210 et
182 1179 323 1210 fremunt
347 1178 436 1220 impii
460 1189 496 1209 ac
520 1181 657 1220 pereunt
680 1177 842 1209 desideria
858 1180 1078 1219 peccatorum.
1116 1177 1229 1208 Voluit
1245 1189 1372 1219 quoque
1389 1188 1531 1209 summus
1549 1178 1600 1209 illc
1619 1179 1763 1220 provisor

129 1230 240 1261 horum
265 1229 384 1261 habere
409 1229 571 1267 custodes,
596 1230 685 1261 Petri
709 1229 858 1260 videlicet
875 1240 1092 1269 successores,
1117 1230 1168 1271 qui
1194 1240 1282 1261 more
1306 1233 1472 1271 pastorum
1498 1230 1609 1270 vigiles
1628 1234 1659 1261 et
1675 1231 1759 1271 prin-

131 1282 216 1324 cipes
239 1285 271 1313 et
294 1282 428 1324 populos
452 1281 670 1319 custodirent,
696 1282 799 1323 gratia
823 1282 953 1312 salutari
977 1281 1155 1322 dirigerent
1179 1285 1211 1312 ct
1234 1282 1358 1312 unitate
1383 1286 1563 1321 servarent,
1588 1285 1623 1312 ut
1646 1286 1678 1312 ct
1702 1283 1761 1323 ipsi

131 1334 239 1364 talium
264 1334 388 1365 unitate
414 1333 569 1364 succincti
594 1334 795 1376 extirparent
820 1344 959 1373 errores,
992 1337 1160 1374 protervos
1185 1333 1352 1364 abicerent
1376 1336 1408 1364 et
1432 1333 1620 1365 oberrantes
1646 1334 1762 1364 reddu-

130 1389 237 1417 cerent
272 1385 313 1417 ad
350 1386 497 1417 semitam
531 1386 688 1417 veritatis.
776 1385 824 1426 (2)
850 1385 955 1426 Digne
992 1385 1120 1426 quidem
1156 1385 1195 1415 ab
1231 1385 1306 1415 olim
1330 1385 1476 1416 Romana
1507 1385 1701 1416 desideravit
1733 1390 1764 1416 et

130 1438 257 1469 affectat
283 1438 423 1469 eeclesia
446 1441 478 1468 et
502 1448 569 1471 nos,
594 1438 647 1479 qui
672 1437 813 1479 gerimus
838 1438 869 1468 in
893 1437 987 1468 terris
1011 1437 1085 1468 licet
1109 1437 1257 1467 immeriti
1281 1437 1367 1467 vices
1386 1436 1516 1476 Christi,
1541 1437 1763 1468 sollicitudinis

129 1489 294 1531 pastoralis
336 1489 440 1520 officio
476 1493 617 1521 nostrum
649 1489 838 1520 exercitium
869 1489 1046 1519 excitamus
1084 1489 1255 1519 indefessis
1290 1488 1402 1519 studiis
1432 1488 1650 1527 intendentes,
1681 1489 1762 1530 quod

131 1542 212 1572 inter
234 1545 266 1572 te
291 1545 324 1572 et
347 1541 548 1573 carissimum
572 1541 603 1572 in
629 1541 755 1572 Christo
780 1541 880 1571 filium
904 1544 1048 1571 nostrum
1075 1540 1110 1571 C.
1136 1541 1244 1571 Sicilie
1270 1551 1380 1581 regem
1404 1540 1568 1577 illustrem,
1600 1552 1678 1581 quos
1703 1541 1763 1572 sibi

132 1592 241 1624 eadem
271 1593 410 1624 ecclesia
442 1593 474 1623 in
502 1593 586 1624 filios
616 1593 800 1634 specialiter
827 1593 992 1634 adoptavit
1023 1596 1055 1623 et
1088 1592 1196 1622 divina
1228 1592 1364 1634 provisio
1396 1592 1568 1623 multorum
1604 1593 1763 1634 principes

132 1645 242 1676 statuit
264 1645 464 1686 populorum,
489 1645 684 1676 sinceritatis
709 1645 867 1676 amenitas
892 1649 924 1676 et
948 1645 1059 1676 intime
1084 1645 1225 1675 caritatis
1251 1644 1418 1685 integritas
1437 1644 1628 1682 nutriantur,
1653 1648 1687 1674 ut
1704 1645 1761 1675 sub

131 1699 313 1738 potentatus
343 1697 511 1738 utriusque
542 1696 680 1727 dominio
710 1700 835 1728 cessent
866 1697 964 1727 seculi
992 1700 1202 1738 tempestates
1232 1700 1263 1726 et
1295 1696 1519 1727 fluctuationes
1547 1696 1666 1726 abeant
1690 1707 1761 1737 pro-

132 1748 293 1779 cellarum.
338 1748 407 1780 Nec
431 1748 561 1790 indigne
586 1749 669 1779 infra
692 1749 858 1790 precordia.
882 1752 991 1779 nostra
1015 1748 1131 1789 gaudio
1162 1748 1261 1778 multo
1287 1748 1446 1778 reficimur
1470 1751 1501 1778 et
1525 1748 1706 1778 exultamus
1731 1748 1762 1778 in

132 1798 276 1839 Domino,
303 1799 376 1830 dum
402 1800 489 1831 illum
514 1800 607 1831 nobis
633 1803 665 1832 et
688 1801 746 1831 tibi
771 1811 807 1831 ac
832 1799 936 1831 eidem
961 1800 1028 1840 regi
1053 1800 1209 1830 sentimus
1235 1810 1307 1830 esse
1326 1800 1508 1841 propitium,
1533 1800 1585 1840 qui
1602 1800 1762 1840 gloriosus

135 1850 232 1882 trinus
257 1854 289 1883 et
312 1862 393 1883 unus
418 1852 538 1894 ubique
563 1852 683 1883 servari
706 1852 851 1894 precepit
883 1852 1019 1892 gratiam
1048 1851 1195 1887 unitatis,
1227 1850 1301 1881 dum
1334 1861 1371 1881 co
1402 1851 1535 1881 liniente
1566 1851 1760 1892 percipimus

133 1901 224 1933 corda
246 1906 354 1935 vestra
378 1904 572 1944 dulcescere,
597 1905 693 1935 immo
718 1904 800 1934 uniri
824 1904 929 1945 potius
955 1903 1182 1933 commixtione
1207 1903 1339 1933 licorum
1356 1903 1564 1933 nutrientium
1584 1903 1762 1941 caritatem,

137 1956 167 1984 et
190 1953 263 1985 dum
288 1967 466 1997 speramuS,
490 1967 545 1987 vos
569 1957 601 1987 in
618 1967 717 1987 unum
734 1956 825 1987 nobis
842 1956 1010 1987 unanimes
1029 1955 1153 1986 sincera
1170 1955 1340 1985 devotione
1358 1955 1586 1995 constringere,
1612 1965 1762 1985 serenare

133 2007 295 2048 precordia
327 2012 358 2039 et
390 2008 422 2038 in
453 2009 567 2039 vestris
597 2008 681 2050 quod
710 2009 742 2038 in
771 2008 889 2039 nostris
921 2007 1090 2038 affectibus
1122 2007 1295 2040 resultare,
1330 2010 1364 2037 ut
1388 2017 1446 2037 nos
1471 2010 1503 2038 et
1527 2017 1582 2036 vos
1606 2006 1705 2037 solide
1731 2006 1761 2036 in

136 2058 264 2099 agendis
288 2059 327 2090 ad
352 2059 480 2091 laudem
504 2060 663 2092 Altissimi
687 2060 917 2101 procedamus,
948 2059 1008 2090 hec
1034 2059 1163 2100 inquam
1188 2059 1217 2089 in
1242 2061 1371 2099 pectore
1396 2062 1503 2089 nostro
1520 2058 1708 2089 dulcescunt
1732 2060 1763 2088 et

134 2114 220 2151 grate
244 2112 422 2143 referimus.
512 2111 559 2153 (3)
584 2112 667 2143 Nam
700 2113 782 2143 sicut
806 2112 917 2142 diebus
943 2111 1012 2142 istis
1038 2121 1153 2141 amena
1178 2111 1338 2141 suavitate
1363 2110 1563 2151 collegimus,
1595 2120 1649 2140 nos
1675 2109 1760 2149 cogi-

135 2164 216 2192 tatus
249 2166 375 2194 nostros
411 2164 495 2194 circa
528 2164 688 2205 premissa
721 2174 785 2194 non
822 2164 891 2194 sine
927 2163 1035 2193 multis
1068 2162 1180 2192 studiis
1209 2161 1440 2196 diffundentes,
1471 2162 1502 2191 in
1534 2172 1571 2192 eo
1595 2161 1761 2202 potissime

135 2216 222 2254 grata
245 2216 407 2256 perceptio
436 2216 612 2254 serenavit,
645 2216 729 2257 quod
763 2219 794 2246 te
826 2226 862 2246 ac
891 2214 1020 2245 tandem
1045 2224 1153 2255 regem
1178 2213 1315 2244 eundem
1347 2224 1442 2254 super
1465 2213 1526 2243 hiis
1551 2213 1721 2253 requisitos
1744 2223 1762 2242 a

135 2265 223 2296 nobis
262 2266 441 2298 invenimus
478 2267 609 2298 unitatis
645 2268 747 2308 gratie
781 2270 970 2298 sectatores.
1016 2265 1110 2296 Unde
1144 2276 1207 2296 non
1237 2265 1397 2296 immerito
1427 2275 1482 2306 per
1514 2265 1762 2306 predecessores

136 2320 257 2348 nostros
275 2329 370 2360 super
394 2319 452 2350 hoc
470 2319 595 2350 habitos
612 2319 791 2350 tractatus³
816 2318 1046 2360 resumpsimus
1072 2321 1105 2348 et
1127 2317 1199 2347 illos
1224 2327 1282 2358 per
1305 2327 1362 2347 nos
1387 2327 1423 2347 ac
1448 2317 1539 2354 alios,
1564 2319 1657 2357 prout
1674 2315 1760 2345 vide-

138 2368 245 2400 bamus
269 2370 455 2412 expediens,
480 2371 644 2402 extitimus
670 2371 832 2412 prosecuti
858 2371 967 2411 sicque
991 2372 1026 2400 ut
1051 2369 1165 2399 futuris
1184 2368 1352 2399 eventibus
1370 2368 1480 2409 quevis
1499 2368 1614 2398 sinistri
1633 2367 1763 2397 tollatur

137 2421 258 2452 occasio
282 2426 314 2453 et
337 2423 497 2454 radicetur
521 2423 551 2453 in
577 2422 677 2453 solido
702 2426 790 2453 tante
816 2422 930 2453 solium
956 2421 1117 2459 caritatis,
1148 2420 1293 2450 diversos
1323 2424 1353 2450 ct
1376 2420 1482 2449 varios
1506 2419 1673 2455 articulos,
1706 2428 1760 2459 pro

139 2471 232 2512 ipsius
256 2474 339 2515 regis
363 2474 518 2505 hactenus
543 2478 632 2516 parte
657 2475 791 2516 petitos,
825 2473 863 2504 ad
896 2473 1003 2503 limam
1034 2472 1242 2503 correctionis
1274 2474 1382 2502 nostre
1407 2470 1591 2501 reduximus
1617 2473 1648 2500 ot
1673 2469 1759 2499 solli-

140 2523 325 2556 citudinibus
355 2526 523 2557 laboriosis
554 2529 586 2556 et
614 2525 727 2556 studiis
756 2536 812 2567 pro
844 2525 955 2555 maiori
990 2524 1097 2565 quiete
1127 2527 1182 2554 tua
1211 2534 1251 2554 ex
1283 2523 1328 2553 eis
1353 2522 1506 2553 resecatis
1540 2520 1695 2562 aliquibus
1730 2523 1761 2550 ct

138 2573 223 2614 aliis,
246 2579 281 2606 ut
303 2576 424 2617 decuit,
455 2578 658 2619 temperatis,
689 2577 860 2608 nonnullos
886 2577 982 2607 etiam
1007 2577 1038 2606 in
1061 2576 1204 2606 favorem
1229 2579 1316 2605 tuum
1341 2585 1398 2615 per
1422 2584 1480 2604 nos
1505 2574 1590 2614 ipsos
1615 2573 1760 2601 inventos

93 2638 114 2656 45
142 2628 172 2655 et
194 2625 232 2657 de
256 2638 337 2658 novo
361 2629 525 2660 confectos
550 2628 589 2660 de
614 2629 709 2670 pleno
734 2629 818 2670 regis
843 2628 987 2659 eiusdem
1012 2631 1043 2658 et
1067 2629 1235 2657 mansueto
1261 2636 1421 2656 consensu
1446 2626 1476 2655 in
1495 2626 1583 2654 certa
1600 2622 1759 2663 capitula4

141 2676 237 2718 redigi
261 2678 394 2711 fecimus
419 2680 476 2711 tibi
500 2691 563 2712 non
592 2681 748 2712 immerito
777 2681 947 2722 placitura,
983 2690 1043 2721 que
1081 2690 1138 2720 per
1169 2689 1224 2709 nos
1255 2681 1286 2709 et
1317 2677 1432 2708 fratres
1465 2679 1589 2706 nostros
1620 2675 1760 2715 perfectu

235 2745 298 2773 235.
317 2748 339 2780 a)
359 2750 490 2774 coudituro
509 2750 543 2774 K.

237 2806 261 2839 1)
282 2807 320 2841 Cf'.
341 2807 390 2834 les.
403 2812 444 2842 40,
456 2812 492 2836 12.
579 2809 604 2840 2)
624 2808 669 2836 Ps.
691 2812 731 2841 60,
745 2812 768 2834 4.
856 2808 882 2841 3)
903 2807 941 2839 Cf.
961 2814 1044 2839 supra
1059 2813 1085 2838 p<
1102 2810 1148 2831 169
1166 2814 1191 2831 n.
1205 2809 1224 2830 1.
1312 2804 1338 2834 4>
1358 2803 1438 2835 Infra
1458 2806 1563 2829 ›12:231‘.
