<?xml version="1.0" encoding="UTF-8"?>
<!DOCTYPE html PUBLIC "-//W3C//DTD XHTML 1.0 Transitional//EN"
    "http://www.w3.org/TR/xhtml1/DTD/xhtml1-transitional.dtd">
<html xmlns="http://www.w3.org/1999/xhtml" xml:lang="en" lang="en">
 <head>
  <title>
</title>
<meta http-equiv="Content-Type" content="text/html;charset=utf-8" />
  <meta name='ocr-system' content='tesseract 3.04.00' />
  <meta name='ocr-capabilities' content='ocr_page ocr_carea ocr_par ocr_line ocrx_word'/>
</head>
<body>
  <div class='ocr_page' id='page_1' title='image "./monumentagelegum03geseuoft/monumentagelegum03geseuoft_0140.png"; bbox 0 0 2259 3116; ppageno 0'>
   <div class='ocr_carea' id='block_1_1' title="bbox 449 127 1708 162">
    <p class='ocr_par' dir='ltr' id='par_1_1' title="bbox 449 127 1708 162">
     <span class='ocr_line' id='line_1_1' title="bbox 449 127 1708 162; baseline -0.002 -6"><span class='ocrx_word' id='word_1_1' title='bbox 449 132 505 162; x_wconf 75' lang='grc'>102</span> <span class='ocrx_word' id='word_1_2' title='bbox 818 128 975 156; x_wconf 81' lang='lat' dir='ltr'>RUDOLFI</span> <span class='ocrx_word' id='word_1_3' title='bbox 994 129 1099 155; x_wconf 75' lang='lat' dir='ltr'>REGIS</span> <span class='ocrx_word' id='word_1_4' title='bbox 1120 127 1440 154; x_wconf 71' lang='lat' dir='ltr'>CONSTITUTIONES.</span> <span class='ocrx_word' id='word_1_5' title='bbox 1479 129 1554 155; x_wconf 64' lang='lat'><strong>1276.</strong></span> <span class='ocrx_word' id='word_1_6' title='bbox 1590 127 1638 154; x_wconf 88' lang='lat' dir='ltr'>Nr.</span> <span class='ocrx_word' id='word_1_7' title='bbox 1652 128 1708 154; x_wconf 82' lang='lat'>111.</span> 
     </span>
    </p>
   </div>
   <div class='ocr_carea' id='block_1_2' title="bbox 443 214 2092 2645">
    <p class='ocr_par' dir='ltr' id='par_1_2' title="bbox 443 214 2092 2645">
     <span class='ocr_line' id='line_1_2' title="bbox 445 214 2078 258; baseline -0.002 -10"><span class='ocrx_word' id='word_1_8' title='bbox 445 220 476 248; x_wconf 87' lang='lat' dir='ltr'>et</span> <span class='ocrx_word' id='word_1_9' title='bbox 499 217 538 248; x_wconf 89' lang='lat' dir='ltr'>de</span> <span class='ocrx_word' id='word_1_10' title='bbox 563 218 632 248; x_wconf 91' lang='lat' dir='ltr'>iurc</span> <span class='ocrx_word' id='word_1_11' title='bbox 656 219 688 248; x_wconf 90' lang='lat' dir='ltr'>et</span> <span class='ocrx_word' id='word_1_12' title='bbox 712 216 752 248; x_wconf 89' lang='lat' dir='ltr'>de</span> <span class='ocrx_word' id='word_1_13' title='bbox 776 216 882 258; x_wconf 85' lang='lat' dir='ltr'>prisca</span> <span class='ocrx_word' id='word_1_14' title='bbox 907 215 1140 247; x_wconf 87' lang='lat' dir='ltr'>consuetudine</span> <span class='ocrx_word' id='word_1_15' title='bbox 1165 215 1347 255; x_wconf 86' lang='lat' dir='ltr'>tenebatur,</span> <span class='ocrx_word' id='word_1_16' title='bbox 1373 215 1660 257; x_wconf 78' lang='lat' dir='ltr'>contemptibiliter</span> <span class='ocrx_word' id='word_1_17' title='bbox 1683 215 1791 246; x_wconf 84' lang='lat' dir='ltr'>faeere</span> <span class='ocrx_word' id='word_1_18' title='bbox 1816 214 1941 246; x_wconf 81' lang='lat' dir='ltr'>distulit</span> <span class='ocrx_word' id='word_1_19' title='bbox 1964 218 1996 246; x_wconf 92' lang='lat' dir='ltr'>et</span> <span class='ocrx_word' id='word_1_20' title='bbox 2019 215 2078 246; x_wconf 88' lang='lat' dir='ltr'>im-</span> 
     </span>
     <span class='ocr_line' id='line_1_3' title="bbox 444 266 2080 310; baseline -0.001 -10"><span class='ocrx_word' id='word_1_21' title='bbox 444 269 601 310; x_wconf 87' lang='lat' dir='ltr'>pudenter</span> <span class='ocrx_word' id='word_1_22' title='bbox 629 268 789 310; x_wconf 79' lang='lat' dir='ltr'>neglexit,</span> <span class='ocrx_word' id='word_1_23' title='bbox 817 268 924 309; x_wconf 81' lang='lat' dir='ltr'>sepius</span> <span class='ocrx_word' id='word_1_24' title='bbox 954 268 1125 309; x_wconf 84' lang='lat' dir='ltr'>requisitus</span> <span class='ocrx_word' id='word_1_25' title='bbox 1161 270 1192 298; x_wconf 86' lang='lat' dir='ltr'>et</span> <span class='ocrx_word' id='word_1_26' title='bbox 1223 266 1331 297; x_wconf 87' lang='lat' dir='ltr'>multis</span> <span class='ocrx_word' id='word_1_27' title='bbox 1362 267 1563 308; x_wconf 83' lang='lat' dir='ltr'>temporibus</span> <span class='ocrx_word' id='word_1_28' title='bbox 1595 269 1801 308; x_wconf 81' lang='lat' dir='ltr'>expectatus,</span> <span class='ocrx_word' id='word_1_29' title='bbox 1832 267 2080 308; x_wconf 88' lang='lat' dir='ltr'>proseripcionis</span> 
     </span>
     <span class='ocr_line' id='line_1_4' title="bbox 444 315 2081 362; baseline -0.002 -10"><span class='ocrx_word' id='word_1_30' title='bbox 444 321 641 352; x_wconf 79' lang='lat' dir='ltr'>sentenciam</span> <span class='ocrx_word' id='word_1_31' title='bbox 667 320 820 362; x_wconf 73' lang='lat' dir='ltr'>exigente</span> <span class='ocrx_word' id='word_1_32' title='bbox 852 320 979 350; x_wconf 88' lang='lat' dir='ltr'>iusticia</span> <span class='ocrx_word' id='word_1_33' title='bbox 1004 330 1044 350; x_wconf 88' lang='lat' dir='ltr'>ex</span> <span class='ocrx_word' id='word_1_34' title='bbox 1061 318 1240 360; x_wconf 87' lang='lat' dir='ltr'>approbata</span> <span class='ocrx_word' id='word_1_35' title='bbox 1257 315 1402 349; x_wconf 84' lang='lat' dir='ltr'>eiusdem</span> <span class='ocrx_word' id='word_1_36' title='bbox 1428 319 1513 349; x_wconf 90' lang='lat' dir='ltr'>sacri</span> <span class='ocrx_word' id='word_1_37' title='bbox 1537 319 1664 361; x_wconf 87' lang='lat' dir='ltr'>imperii</span> <span class='ocrx_word' id='word_1_38' title='bbox 1682 318 1915 350; x_wconf 89' lang='lat' dir='ltr'>consuetudine</span> <span class='ocrx_word' id='word_1_39' title='bbox 1938 319 2081 359; x_wconf 89' lang='lat' dir='ltr'>promul-</span> 
     </span>
     <span class='ocr_line' id='line_1_5' title="bbox 444 369 2081 414; baseline -0.001 -11"><span class='ocrx_word' id='word_1_40' title='bbox 444 373 530 414; x_wconf 88' lang='lat' dir='ltr'>gavit</span> <span class='ocrx_word' id='word_1_41' title='bbox 541 374 561 411; x_wconf 89' lang='lat'>¹,</span> <span class='ocrx_word' id='word_1_42' title='bbox 579 375 672 414; x_wconf 87' lang='lat' dir='ltr'>prout</span> <span class='ocrx_word' id='word_1_43' title='bbox 689 372 813 403; x_wconf 90' lang='lat' dir='ltr'>cunetis</span> <span class='ocrx_word' id='word_1_44' title='bbox 830 372 955 413; x_wconf 85' lang='lat' dir='ltr'>imperii</span> <span class='ocrx_word' id='word_1_45' title='bbox 972 371 1169 413; x_wconf 90' lang='lat' dir='ltr'>principibus</span> <span class='ocrx_word' id='word_1_46' title='bbox 1188 374 1219 401; x_wconf 91' lang='lat' dir='ltr'>et</span> <span class='ocrx_word' id='word_1_47' title='bbox 1236 371 1443 412; x_wconf 88' lang='lat' dir='ltr'>magnatibus</span> <span class='ocrx_word' id='word_1_48' title='bbox 1460 372 1605 402; x_wconf 89' lang='lat' dir='ltr'>noscitur</span> <span class='ocrx_word' id='word_1_49' title='bbox 1620 370 1837 402; x_wconf 86' lang='lat' dir='ltr'>manifestum.</span> <span class='ocrx_word' id='word_1_50' title='bbox 1921 370 1966 411; x_wconf 85' lang='lat'>(2)</span> <span class='ocrx_word' id='word_1_51' title='bbox 1985 369 2081 401; x_wconf 81' lang='lat' dir='ltr'>Oete-</span> 
     </span>
     <span class='ocr_line' id='line_1_6' title="bbox 443 421 2082 465; baseline -0.001 -10"><span class='ocrx_word' id='word_1_52' title='bbox 443 435 511 455; x_wconf 88' lang='lat' dir='ltr'>rum</span> <span class='ocrx_word' id='word_1_53' title='bbox 546 423 714 455; x_wconf 83' lang='lat' dir='ltr'>adiciendo</span> <span class='ocrx_word' id='word_1_54' title='bbox 744 424 925 465; x_wconf 79' lang='lat' dir='ltr'>proposuit,</span> <span class='ocrx_word' id='word_1_55' title='bbox 960 423 1042 454; x_wconf 84' lang='lat' dir='ltr'>sicut</span> <span class='ocrx_word' id='word_1_56' title='bbox 1078 422 1129 453; x_wconf 61' lang='lat' dir='ltr'>et&lt;l</span> <span class='ocrx_word' id='word_1_57' title='bbox 1165 422 1282 452; x_wconf 86' lang='lat' dir='ltr'>veritas</span> <span class='ocrx_word' id='word_1_58' title='bbox 1321 424 1371 453; x_wconf 88' lang='lat' dir='ltr'>est</span> <span class='ocrx_word' id='word_1_59' title='bbox 1404 426 1436 453; x_wconf 90' lang='lat' dir='ltr'>et</span> <span class='ocrx_word' id='word_1_60' title='bbox 1465 423 1578 463; x_wconf 86' lang='lat' dir='ltr'>negari</span> <span class='ocrx_word' id='word_1_61' title='bbox 1608 433 1671 454; x_wconf 88' lang='lat' dir='ltr'>non</span> <span class='ocrx_word' id='word_1_62' title='bbox 1700 425 1825 464; x_wconf 86' lang='lat' dir='ltr'>potest,</span> <span class='ocrx_word' id='word_1_63' title='bbox 1851 421 1934 463; x_wconf 90' lang='lat' dir='ltr'>quod</span> <span class='ocrx_word' id='word_1_64' title='bbox 1967 432 2039 453; x_wconf 88' lang='lat' dir='ltr'>cum</span> <span class='ocrx_word' id='word_1_65' title='bbox 2064 433 2082 453; x_wconf 90' lang='lat' dir='ltr'>a</span> 
     </span>
     <span class='ocr_line' id='line_1_7' title="bbox 443 474 2084 521; baseline -0.002 -14"><span class='ocrx_word' id='word_1_66' title='bbox 443 476 576 518; x_wconf 86' lang='lat' dir='ltr'>prelatis</span> <span class='ocrx_word' id='word_1_67' title='bbox 600 476 692 517; x_wconf 90' lang='lat' dir='ltr'>regni</span> <span class='ocrx_word' id='word_1_68' title='bbox 716 476 885 507; x_wconf 86' lang='lat' dir='ltr'>Alamanie</span> <span class='ocrx_word' id='word_1_69' title='bbox 905 474 1257 521; x_wconf 22' lang='lat' dir='ltr'>*excommunicacionis</span> <span class='ocrx_word' id='word_1_70' title='bbox 1282 474 1451 505; x_wconf 75' lang='lat' dir='ltr'>sentencia</span> <span class='ocrx_word' id='word_1_71' title='bbox 1474 475 1526 506; x_wconf 86' lang='lat' dir='ltr'>vel</span> <span class='ocrx_word' id='word_1_72' title='bbox 1550 475 1613 506; x_wconf 87' lang='lat' dir='ltr'>alia</span> <span class='ocrx_word' id='word_1_73' title='bbox 1638 474 1859 506; x_wconf 85' lang='lat' dir='ltr'>ecclesiastice</span> <span class='ocrx_word' id='word_1_74' title='bbox 1884 474 2084 505; x_wconf 87' lang='lat' dir='ltr'>cohercionis</span> 
     </span>
     <span class='ocr_line' id='line_1_8' title="bbox 445 526 2083 570; baseline -0.002 -11"><span class='ocrx_word' id='word_1_75' title='bbox 445 539 581 559; x_wconf 83' lang='lat' dir='ltr'>censura</span> <span class='ocrx_word' id='word_1_76' title='bbox 605 529 637 560; x_wconf 91' lang='lat' dir='ltr'>in</span> <span class='ocrx_word' id='word_1_77' title='bbox 662 529 846 570; x_wconf 84' lang='lat' dir='ltr'>quempiam</span> <span class='ocrx_word' id='word_1_78' title='bbox 872 528 974 569; x_wconf 88' lang='lat' dir='ltr'>culpis</span> <span class='ocrx_word' id='word_1_79' title='bbox 1000 527 1064 557; x_wconf 91' lang='lat' dir='ltr'>suis</span> <span class='ocrx_word' id='word_1_80' title='bbox 1090 526 1295 567; x_wconf 80' lang='lat' dir='ltr'>exigentibus</span> <span class='ocrx_word' id='word_1_81' title='bbox 1319 527 1549 568; x_wconf 85' lang='lat' dir='ltr'>promulgatur,</span> <span class='ocrx_word' id='word_1_82' title='bbox 1574 526 1657 557; x_wconf 88' lang='lat' dir='ltr'>idem</span> <span class='ocrx_word' id='word_1_83' title='bbox 1682 537 1738 558; x_wconf 86' lang='lat' dir='ltr'>rex</span> <span class='ocrx_word' id='word_1_84' title='bbox 1756 526 1984 565; x_wconf 74' lang='lat' dir='ltr'>Romanorum,</span> <span class='ocrx_word' id='word_1_85' title='bbox 2010 537 2083 557; x_wconf 91' lang='lat' dir='ltr'>cum</span> 
     </span>
     <span class='ocr_line' id='line_1_9' title="bbox 445 577 2084 622; baseline -0.002 -11"><span class='ocrx_word' id='word_1_86' title='bbox 445 581 484 611; x_wconf 90' lang='lat' dir='ltr'>ab</span> <span class='ocrx_word' id='word_1_87' title='bbox 509 580 630 612; x_wconf 89' lang='lat' dir='ltr'>eisdem</span> <span class='ocrx_word' id='word_1_88' title='bbox 654 580 786 622; x_wconf 86' lang='lat' dir='ltr'>prelatis</span> <span class='ocrx_word' id='word_1_89' title='bbox 811 580 997 621; x_wconf 86' lang='lat' dir='ltr'>requiritur,</span> <span class='ocrx_word' id='word_1_90' title='bbox 1021 579 1145 609; x_wconf 87' lang='lat' dir='ltr'>brachii</span> <span class='ocrx_word' id='word_1_91' title='bbox 1170 577 1325 609; x_wconf 84' lang='lat' dir='ltr'>secularis</span> <span class='ocrx_word' id='word_1_92' title='bbox 1349 578 1506 609; x_wconf 79' lang='lat' dir='ltr'>auxilium</span> <span class='ocrx_word' id='word_1_93' title='bbox 1531 578 1660 610; x_wconf 83' lang='lat' dir='ltr'>adicere</span> <span class='ocrx_word' id='word_1_94' title='bbox 1683 589 1748 610; x_wconf 92' lang='lat' dir='ltr'>non</span> <span class='ocrx_word' id='word_1_95' title='bbox 1771 582 1930 617; x_wconf 89' lang='lat' dir='ltr'>moratur,</span> <span class='ocrx_word' id='word_1_96' title='bbox 1955 588 2084 609; x_wconf 86' lang='lat' dir='ltr'>manum</span> 
     </span>
     <span class='ocr_line' id='line_1_10' title="bbox 445 630 2085 672; baseline -0.002 -9"><span class='ocrx_word' id='word_1_97' title='bbox 445 643 535 663; x_wconf 87' lang='lat' dir='ltr'>suam</span> <span class='ocrx_word' id='word_1_98' title='bbox 560 635 671 663; x_wconf 86' lang='lat' dir='ltr'>contra</span> <span class='ocrx_word' id='word_1_99' title='bbox 699 631 937 663; x_wconf 87' lang='lat' dir='ltr'>inobedientem</span> <span class='ocrx_word' id='word_1_100' title='bbox 968 630 1152 661; x_wconf 88' lang='lat' dir='ltr'>huiusmodi</span> <span class='ocrx_word' id='word_1_101' title='bbox 1183 641 1364 671; x_wconf 83' lang='lat' dir='ltr'>aggravans</span> <span class='ocrx_word' id='word_1_102' title='bbox 1398 634 1430 661; x_wconf 90' lang='lat' dir='ltr'>et</span> <span class='ocrx_word' id='word_1_103' title='bbox 1455 630 1650 669; x_wconf 82' lang='lat' dir='ltr'>extendens,</span> <span class='ocrx_word' id='word_1_104' title='bbox 1681 633 1774 672; x_wconf 89' lang='lat' dir='ltr'>prout</span> <span class='ocrx_word' id='word_1_105' title='bbox 1806 630 1909 671; x_wconf 84' lang='lat' dir='ltr'>exigit</span> <span class='ocrx_word' id='word_1_106' title='bbox 1936 630 2085 671; x_wconf 78' lang='lat' dir='ltr'>pertinax</span> 
     </span>
     <span class='ocr_line' id='line_1_11' title="bbox 445 681 2084 725; baseline -0.001 -11"><span class='ocrx_word' id='word_1_107' title='bbox 445 684 568 716; x_wconf 87' lang='lat' dir='ltr'>duricia</span> <span class='ocrx_word' id='word_1_108' title='bbox 592 684 712 716; x_wconf 85' lang='lat' dir='ltr'>durave</span> <span class='ocrx_word' id='word_1_109' title='bbox 729 684 907 725; x_wconf 84' lang='lat' dir='ltr'>pertinacia</span> <span class='ocrx_word' id='word_1_110' title='bbox 924 683 1131 714; x_wconf 87' lang='lat' dir='ltr'>contumacis.</span> <span class='ocrx_word' id='word_1_111' title='bbox 1170 682 1214 713; x_wconf 89' lang='lat' dir='ltr'>Ut</span> <span class='ocrx_word' id='word_1_112' title='bbox 1238 683 1335 723; x_wconf 88' lang='lat' dir='ltr'>igitur</span> <span class='ocrx_word' id='word_1_113' title='bbox 1350 683 1518 724; x_wconf 86' lang='lat' dir='ltr'>utriusque</span> <span class='ocrx_word' id='word_1_114' title='bbox 1543 682 1642 724; x_wconf 84' lang='lat' dir='ltr'>gladii</span> <span class='ocrx_word' id='word_1_115' title='bbox 1659 685 1803 724; x_wconf 87' lang='lat' dir='ltr'>potestas</span> <span class='ocrx_word' id='word_1_116' title='bbox 1820 685 1929 713; x_wconf 92' lang='lat' dir='ltr'>mutuo</span> <span class='ocrx_word' id='word_1_117' title='bbox 1954 681 2084 713; x_wconf 87' lang='lat' dir='ltr'>alterius</span> 
     </span>
     <span class='ocr_line' id='line_1_12' title="bbox 446 734 2087 777; baseline -0.002 -10"><span class='ocrx_word' id='word_1_118' title='bbox 446 737 619 768; x_wconf 87' lang='lat' dir='ltr'>munimine</span> <span class='ocrx_word' id='word_1_119' title='bbox 643 736 805 775; x_wconf 84' lang='lat' dir='ltr'>fulciatur,</span> <span class='ocrx_word' id='word_1_120' title='bbox 829 736 927 777; x_wconf 90' lang='lat' dir='ltr'>peciit</span> <span class='ocrx_word' id='word_1_121' title='bbox 951 735 1110 766; x_wconf 85' lang='lat' dir='ltr'>instanter</span> <span class='ocrx_word' id='word_1_122' title='bbox 1133 745 1151 765; x_wconf 87' lang='lat' dir='ltr'>a</span> <span class='ocrx_word' id='word_1_123' title='bbox 1176 734 1279 773; x_wconf 86' lang='lat' dir='ltr'>nobis,</span> <span class='ocrx_word' id='word_1_124' title='bbox 1305 735 1357 775; x_wconf 91' lang='lat' dir='ltr'>qui</span> <span class='ocrx_word' id='word_1_125' title='bbox 1381 734 1519 765; x_wconf 88' lang='lat' dir='ltr'>eundem</span> <span class='ocrx_word' id='word_1_126' title='bbox 1542 745 1654 776; x_wconf 85' lang='lat' dir='ltr'>regem</span> <span class='ocrx_word' id='word_1_127' title='bbox 1677 734 1814 765; x_wconf 88' lang='lat' dir='ltr'>Boemie</span> <span class='ocrx_word' id='word_1_128' title='bbox 1837 743 2029 765; x_wconf 86' lang='lat' dir='ltr'>coronamus</span> <span class='ocrx_word' id='word_1_129' title='bbox 2055 736 2087 764; x_wconf 92' lang='lat' dir='ltr'>et</span> 
     </span>
     <span class='ocr_line' id='line_1_13' title="bbox 446 785 2087 829; baseline -0.002 -10"><span class='ocrx_word' id='word_1_130' title='bbox 446 799 517 819; x_wconf 87' lang='lat' dir='ltr'>eum</span> <span class='ocrx_word' id='word_1_131' title='bbox 549 788 588 820; x_wconf 90' lang='lat' dir='ltr'>de</span> <span class='ocrx_word' id='word_1_132' title='bbox 617 788 749 829; x_wconf 85' lang='lat' dir='ltr'>antiqua</span> <span class='ocrx_word' id='word_1_133' title='bbox 778 786 1012 818; x_wconf 85' lang='lat' dir='ltr'>consuetudine</span> <span class='ocrx_word' id='word_1_134' title='bbox 1042 796 1267 817; x_wconf 88' lang='lat' dir='ltr'>consecramus</span> <span class='ocrx_word' id='word_1_135' title='bbox 1296 786 1328 816; x_wconf 90' lang='lat' dir='ltr'>in</span> <span class='ocrx_word' id='word_1_136' title='bbox 1358 796 1486 827; x_wconf 87' lang='lat' dir='ltr'>regem,</span> <span class='ocrx_word' id='word_1_137' title='bbox 1520 789 1556 817; x_wconf 92' lang='lat' dir='ltr'>ut</span> <span class='ocrx_word' id='word_1_138' title='bbox 1584 797 1655 817; x_wconf 89' lang='lat' dir='ltr'>eum</span> <span class='ocrx_word' id='word_1_139' title='bbox 1689 786 1773 817; x_wconf 87' lang='lat' dir='ltr'>circa</span> <span class='ocrx_word' id='word_1_140' title='bbox 1802 786 1963 828; x_wconf 86' lang='lat' dir='ltr'>premissa</span> <span class='ocrx_word' id='word_1_141' title='bbox 1985 785 2087 827; x_wconf 89' lang='lat' dir='ltr'>ipsius</span> 
     </span>
     <span class='ocr_line' id='line_1_14' title="bbox 446 837 2086 880; baseline -0.002 -9"><span class='ocrx_word' id='word_1_142' title='bbox 446 851 601 872; x_wconf 86' lang='lat' dir='ltr'>excessus</span> <span class='ocrx_word' id='word_1_143' title='bbox 626 840 741 871; x_wconf 89' lang='lat' dir='ltr'>notorii</span> <span class='ocrx_word' id='word_1_144' title='bbox 773 840 836 870; x_wconf 91' lang='lat' dir='ltr'>sint</span> <span class='ocrx_word' id='word_1_145' title='bbox 867 842 899 870; x_wconf 91' lang='lat' dir='ltr'>et</span> <span class='ocrx_word' id='word_1_146' title='bbox 924 839 1125 870; x_wconf 83' lang='lat' dir='ltr'>contumacia</span> <span class='ocrx_word' id='word_1_147' title='bbox 1153 838 1325 869; x_wconf 87' lang='lat' dir='ltr'>manifesta</span> <span class='ocrx_word' id='word_1_148' title='bbox 1357 838 1492 877; x_wconf 83' lang='lat' dir='ltr'>existat,</span> <span class='ocrx_word' id='word_1_149' title='bbox 1528 838 1573 868; x_wconf 89' lang='lat' dir='ltr'>ita</span> <span class='ocrx_word' id='word_1_150' title='bbox 1603 837 1689 880; x_wconf 92' lang='lat' dir='ltr'>quod</span> <span class='ocrx_word' id='word_1_151' title='bbox 1718 838 1808 869; x_wconf 89' lang='lat' dir='ltr'>nulla</span> <span class='ocrx_word' id='word_1_152' title='bbox 1835 837 1960 879; x_wconf 84' lang='lat' dir='ltr'>possint</span> <span class='ocrx_word' id='word_1_153' title='bbox 1987 837 2086 878; x_wconf 87' lang='lat' dir='ltr'>tergi-</span> 
     </span>
     <span class='ocr_line' id='line_1_15' title="bbox 446 889 2088 932; baseline -0.002 -9"><span class='ocrx_word' id='word_1_154' title='bbox 446 893 634 923; x_wconf 87' lang='lat' dir='ltr'>versacione</span> <span class='ocrx_word' id='word_1_155' title='bbox 659 892 773 931; x_wconf 85' lang='lat' dir='ltr'>celari,</span> <span class='ocrx_word' id='word_1_156' title='bbox 803 891 941 922; x_wconf 87' lang='lat' dir='ltr'>eundem</span> <span class='ocrx_word' id='word_1_157' title='bbox 964 901 1067 932; x_wconf 90' lang='lat' dir='ltr'>usque</span> <span class='ocrx_word' id='word_1_158' title='bbox 1097 889 1137 921; x_wconf 87' lang='lat' dir='ltr'>ad</span> <span class='ocrx_word' id='word_1_159' title='bbox 1162 890 1415 921; x_wconf 83' lang='lat' dir='ltr'>satisfactionem</span> <span class='ocrx_word' id='word_1_160' title='bbox 1440 890 1633 931; x_wconf 84' lang='lat' dir='ltr'>condignam</span> <span class='ocrx_word' id='word_1_161' title='bbox 1656 893 1722 921; x_wconf 87' lang='lat' dir='ltr'>tam</span> <span class='ocrx_word' id='word_1_162' title='bbox 1746 900 1804 931; x_wconf 92' lang='lat' dir='ltr'>per</span> <span class='ocrx_word' id='word_1_163' title='bbox 1826 900 1884 920; x_wconf 93' lang='lat' dir='ltr'>nos</span> <span class='ocrx_word' id='word_1_164' title='bbox 1910 899 2005 931; x_wconf 89' lang='lat' dir='ltr'>quam</span> <span class='ocrx_word' id='word_1_165' title='bbox 2028 899 2088 930; x_wconf 87' lang='lat' dir='ltr'>per</span> 
     </span>
     <span class='ocr_line' id='line_1_16' title="bbox 446 941 2087 985; baseline -0.002 -10"><span class='ocrx_word' id='word_1_166' title='bbox 446 955 503 975; x_wconf 78' lang='lat' dir='ltr'>vos</span> <span class='ocrx_word' id='word_1_167' title='bbox 528 944 664 976; x_wconf 80' lang='lat' dir='ltr'>ecclesie</span> <span class='ocrx_word' id='word_1_168' title='bbox 688 943 879 985; x_wconf 88' lang='lat' dir='ltr'>Maguntine</span> <span class='ocrx_word' id='word_1_169' title='bbox 908 943 1122 984; x_wconf 84' lang='lat' dir='ltr'>suffragantes</span> <span class='ocrx_word' id='word_1_170' title='bbox 1147 942 1368 983; x_wconf 82' lang='lat' dir='ltr'>constringere</span> <span class='ocrx_word' id='word_1_171' title='bbox 1392 952 1429 972; x_wconf 90' lang='lat' dir='ltr'>ac</span> <span class='ocrx_word' id='word_1_172' title='bbox 1455 941 1514 972; x_wconf 89' lang='lat' dir='ltr'>sibi</span> <span class='ocrx_word' id='word_1_173' title='bbox 1539 945 1650 973; x_wconf 87' lang='lat' dir='ltr'>contra</span> <span class='ocrx_word' id='word_1_174' title='bbox 1667 941 1805 973; x_wconf 89' lang='lat' dir='ltr'>eundem</span> <span class='ocrx_word' id='word_1_175' title='bbox 1823 952 1933 983; x_wconf 88' lang='lat' dir='ltr'>regem</span> <span class='ocrx_word' id='word_1_176' title='bbox 1951 941 2087 972; x_wconf 90' lang='lat' dir='ltr'>Boemie</span> 
     </span>
     <span class='ocr_line' id='line_1_17' title="bbox 445 993 2087 1038; baseline -0.002 -11"><span class='ocrx_word' id='word_1_177' title='bbox 445 996 545 1037; x_wconf 86' lang='lat' dir='ltr'>gladii</span> <span class='ocrx_word' id='word_1_178' title='bbox 575 996 748 1038; x_wconf 84' lang='lat' dir='ltr'>spiritualis</span> <span class='ocrx_word' id='word_1_179' title='bbox 777 995 934 1026; x_wconf 89' lang='lat' dir='ltr'>adiutorio</span> <span class='ocrx_word' id='word_1_180' title='bbox 964 995 1118 1026; x_wconf 83' lang='lat' dir='ltr'>assistere</span> <span class='ocrx_word' id='word_1_181' title='bbox 1149 993 1310 1035; x_wconf 89' lang='lat' dir='ltr'>condigna</span> <span class='ocrx_word' id='word_1_182' title='bbox 1341 993 1560 1025; x_wconf 88' lang='lat' dir='ltr'>vicissitudine</span> <span class='ocrx_word' id='word_1_183' title='bbox 1591 993 1777 1025; x_wconf 82' lang='lat' dir='ltr'>debeamus.</span> <span class='ocrx_word' id='word_1_184' title='bbox 1823 993 1875 1024; x_wconf 88' lang='lat' dir='ltr'>Ad</span> <span class='ocrx_word' id='word_1_185' title='bbox 1905 993 1988 1035; x_wconf 91' lang='lat' dir='ltr'>quod</span> <span class='ocrx_word' id='word_1_186' title='bbox 2013 1003 2087 1034; x_wconf 92' lang='lat' dir='ltr'>pro-</span> 
     </span>
     <span class='ocr_line' id='line_1_18' title="bbox 448 1045 2088 1090; baseline -0.003 -10"><span class='ocrx_word' id='word_1_187' title='bbox 448 1049 617 1080; x_wconf 88' lang='lat' dir='ltr'>secueione</span> <span class='ocrx_word' id='word_1_188' title='bbox 650 1048 765 1080; x_wconf 72' lang='lat' dir='ltr'>celerie</span> <span class='ocrx_word' id='word_1_189' title='bbox 794 1047 1014 1090; x_wconf 82' lang='lat' dir='ltr'>peragendum</span> <span class='ocrx_word' id='word_1_190' title='bbox 1044 1046 1194 1088; x_wconf 89' lang='lat' dir='ltr'>proponit</span> <span class='ocrx_word' id='word_1_191' title='bbox 1234 1046 1317 1076; x_wconf 90' lang='lat' dir='ltr'>inter</span> <span class='ocrx_word' id='word_1_192' title='bbox 1353 1045 1417 1076; x_wconf 87' lang='lat' dir='ltr'>alia</span> <span class='ocrx_word' id='word_1_193' title='bbox 1452 1045 1548 1076; x_wconf 90' lang='lat' dir='ltr'>nullis</span> <span class='ocrx_word' id='word_1_194' title='bbox 1578 1045 1647 1077; x_wconf 88' lang='lat' dir='ltr'>aliis</span> <span class='ocrx_word' id='word_1_195' title='bbox 1682 1046 1900 1077; x_wconf 89' lang='lat' dir='ltr'>monicionum</span> <span class='ocrx_word' id='word_1_196' title='bbox 1929 1045 2088 1086; x_wconf 81' lang='lat' dir='ltr'>suffragiis</span> 
     </span>
     <span class='ocr_line' id='line_1_19' title="bbox 448 1097 2087 1142; baseline -0.003 -10"><span class='ocrx_word' id='word_1_197' title='bbox 448 1111 505 1132; x_wconf 86' lang='lat' dir='ltr'>seu</span> <span class='ocrx_word' id='word_1_198' title='bbox 529 1100 799 1142; x_wconf 86' lang='lat' dir='ltr'>requisicionibus</span> <span class='ocrx_word' id='word_1_199' title='bbox 824 1110 903 1142; x_wconf 88' lang='lat' dir='ltr'>opus</span> <span class='ocrx_word' id='word_1_200' title='bbox 928 1110 1012 1138; x_wconf 89' lang='lat' dir='ltr'>esse,</span> <span class='ocrx_word' id='word_1_201' title='bbox 1038 1097 1308 1140; x_wconf 84' lang='lat' dir='ltr'>quemadmodum</span> <span class='ocrx_word' id='word_1_202' title='bbox 1333 1097 1403 1128; x_wconf 89' lang='lat' dir='ltr'>vice</span> <span class='ocrx_word' id='word_1_203' title='bbox 1429 1107 1524 1128; x_wconf 86' lang='lat' dir='ltr'>versa</span> <span class='ocrx_word' id='word_1_204' title='bbox 1546 1101 1622 1139; x_wconf 87' lang='lat' dir='ltr'>post</span> <span class='ocrx_word' id='word_1_205' title='bbox 1645 1097 1744 1128; x_wconf 88' lang='lat' dir='ltr'>latam</span> <span class='ocrx_word' id='word_1_206' title='bbox 1769 1097 1988 1128; x_wconf 84' lang='lat' dir='ltr'>ecclesiastice</span> <span class='ocrx_word' id='word_1_207' title='bbox 2013 1107 2087 1128; x_wconf 86' lang='lat' dir='ltr'>cen-</span> 
     </span>
     <span class='ocr_line' id='line_1_20' title="bbox 448 1149 2086 1194; baseline -0.002 -11"><span class='ocrx_word' id='word_1_208' title='bbox 448 1163 521 1183; x_wconf 86' lang='lat' dir='ltr'>sure</span> <span class='ocrx_word' id='word_1_209' title='bbox 552 1153 752 1184; x_wconf 88' lang='lat' dir='ltr'>sentenciam</span> <span class='ocrx_word' id='word_1_210' title='bbox 785 1153 854 1194; x_wconf 91' lang='lat' dir='ltr'>ipse</span> <span class='ocrx_word' id='word_1_211' title='bbox 891 1162 948 1183; x_wconf 91' lang='lat' dir='ltr'>suo</span> <span class='ocrx_word' id='word_1_212' title='bbox 980 1154 1127 1192; x_wconf 88' lang='lat' dir='ltr'>tempore</span> <span class='ocrx_word' id='word_1_213' title='bbox 1160 1151 1333 1192; x_wconf 85' lang='lat' dir='ltr'>requisitus</span> <span class='ocrx_word' id='word_1_214' title='bbox 1366 1150 1617 1191; x_wconf 88' lang='lat' dir='ltr'>proscripcionis</span> <span class='ocrx_word' id='word_1_215' title='bbox 1641 1150 1692 1181; x_wconf 89' lang='lat' dir='ltr'>vel</span> <span class='ocrx_word' id='word_1_216' title='bbox 1724 1149 1857 1180; x_wconf 87' lang='lat' dir='ltr'>alterius</span> <span class='ocrx_word' id='word_1_217' title='bbox 1888 1149 2086 1180; x_wconf 88' lang='lat' dir='ltr'>cohereionis</span> 
     </span>
     <span class='ocr_line' id='line_1_21' title="bbox 446 1200 2085 1246; baseline -0.002 -11"><span class='ocrx_word' id='word_1_218' title='bbox 446 1215 562 1246; x_wconf 87' lang='lat' dir='ltr'>penam</span> <span class='ocrx_word' id='word_1_219' title='bbox 586 1204 626 1235; x_wconf 85' lang='lat' dir='ltr'>ad</span> <span class='ocrx_word' id='word_1_220' title='bbox 650 1204 841 1235; x_wconf 87' lang='lat' dir='ltr'>domandam</span> <span class='ocrx_word' id='word_1_221' title='bbox 859 1203 1076 1234; x_wconf 89' lang='lat' dir='ltr'>inobedientis</span> <span class='ocrx_word' id='word_1_222' title='bbox 1094 1202 1305 1244; x_wconf 84' lang='lat' dir='ltr'>pertinaciam</span> <span class='ocrx_word' id='word_1_223' title='bbox 1322 1201 1462 1240; x_wconf 89' lang='lat' dir='ltr'>adicere,</span> <span class='ocrx_word' id='word_1_224' title='bbox 1487 1202 1614 1232; x_wconf 88' lang='lat' dir='ltr'>omissis</span> <span class='ocrx_word' id='word_1_225' title='bbox 1639 1202 1709 1232; x_wconf 90' lang='lat' dir='ltr'>aliis</span> <span class='ocrx_word' id='word_1_226' title='bbox 1735 1200 2028 1243; x_wconf 89' lang='lat' dir='ltr'>sollempnitatibus</span> <span class='ocrx_word' id='word_1_227' title='bbox 2053 1204 2085 1231; x_wconf 92' lang='lat' dir='ltr'>et</span> 
     </span>
     <span class='ocr_line' id='line_1_22' title="bbox 447 1253 2088 1298; baseline -0.003 -10"><span class='ocrx_word' id='word_1_228' title='bbox 447 1258 592 1288; x_wconf 86' lang='lat' dir='ltr'>veritatis</span> <span class='ocrx_word' id='word_1_229' title='bbox 611 1257 818 1298; x_wconf 83' lang='lat' dir='ltr'>subterfugiis</span> <span class='ocrx_word' id='word_1_230' title='bbox 837 1256 1044 1298; x_wconf 67' lang='lat' dir='ltr'>quibuslibet,</span> <span class='ocrx_word' id='word_1_231' title='bbox 1069 1266 1131 1286; x_wconf 92' lang='lat' dir='ltr'>non</span> <span class='ocrx_word' id='word_1_232' title='bbox 1148 1257 1287 1286; x_wconf 84' lang='lat' dir='ltr'>recusat.</span> <span class='ocrx_word' id='word_1_233' title='bbox 1368 1253 1414 1296; x_wconf 86' lang='lat'>(3)</span> <span class='ocrx_word' id='word_1_234' title='bbox 1432 1253 1516 1289; x_wconf 82' lang='lat' dir='ltr'>Quia</span> <span class='ocrx_word' id='word_1_235' title='bbox 1532 1253 1624 1285; x_wconf 79' lang='lat' dir='ltr'>verof</span> <span class='ocrx_word' id='word_1_236' title='bbox 1639 1254 1723 1285; x_wconf 86' lang='lat' dir='ltr'>iusta</span> <span class='ocrx_word' id='word_1_237' title='bbox 1741 1253 1925 1295; x_wconf 89' lang='lat' dir='ltr'>petentibus</span> <span class='ocrx_word' id='word_1_238' title='bbox 1950 1263 2013 1284; x_wconf 92' lang='lat' dir='ltr'>non</span> <span class='ocrx_word' id='word_1_239' title='bbox 2038 1256 2088 1284; x_wconf 89' lang='lat' dir='ltr'>est</span> 
     </span>
     <span class='ocr_line' id='line_1_23' title="bbox 450 1305 2083 1350; baseline -0.003 -10"><span class='ocrx_word' id='word_1_240' title='bbox 450 1308 661 1350; x_wconf 89' lang='lat' dir='ltr'>denegandus</span> <span class='ocrx_word' id='word_1_241' title='bbox 678 1319 841 1347; x_wconf 77' lang='lat' dir='ltr'>assensus,</span> <span class='ocrx_word' id='word_1_242' title='bbox 867 1319 925 1339; x_wconf 89' lang='lat' dir='ltr'>nos</span> <span class='ocrx_word' id='word_1_243' title='bbox 950 1312 1015 1339; x_wconf 87' lang='lat' dir='ltr'>tam</span> <span class='ocrx_word' id='word_1_244' title='bbox 1041 1318 1081 1338; x_wconf 86' lang='lat' dir='ltr'>ex</span> <span class='ocrx_word' id='word_1_245' title='bbox 1106 1307 1210 1337; x_wconf 90' lang='lat' dir='ltr'>officio</span> <span class='ocrx_word' id='word_1_246' title='bbox 1229 1306 1371 1337; x_wconf 87' lang='lat' dir='ltr'>humeris</span> <span class='ocrx_word' id='word_1_247' title='bbox 1389 1306 1505 1337; x_wconf 87' lang='lat' dir='ltr'>nostris</span> <span class='ocrx_word' id='word_1_248' title='bbox 1523 1306 1673 1347; x_wconf 87' lang='lat' dir='ltr'>imposito</span> <span class='ocrx_word' id='word_1_249' title='bbox 1690 1316 1784 1347; x_wconf 91' lang='lat' dir='ltr'>quam</span> <span class='ocrx_word' id='word_1_250' title='bbox 1810 1316 1851 1337; x_wconf 89' lang='lat' dir='ltr'>ex</span> <span class='ocrx_word' id='word_1_251' title='bbox 1866 1305 2083 1347; x_wconf 70' lang='grc' dir='ltr'><strong>111-00011οῃ0111</strong></span> 
     </span>
     <span class='ocr_line' id='line_1_24' title="bbox 451 1357 2087 1402; baseline -0.003 -10"><span class='ocrx_word' id='word_1_252' title='bbox 451 1361 616 1402; x_wconf 82' lang='lat' dir='ltr'>dignitatis</span> <span class='ocrx_word' id='word_1_253' title='bbox 641 1361 777 1392; x_wconf 84' lang='lat' dir='ltr'>ecclesie</span> <span class='ocrx_word' id='word_1_254' title='bbox 796 1361 994 1401; x_wconf 80' lang='lat' dir='ltr'>Maguntine,</span> <span class='ocrx_word' id='word_1_255' title='bbox 1020 1360 1069 1391; x_wconf 88' lang='grc'><strong>0111</strong></span> <span class='ocrx_word' id='word_1_256' title='bbox 1093 1359 1167 1390; x_wconf 84' lang='grc'><strong>11001</strong></span> <span class='ocrx_word' id='word_1_257' title='bbox 1191 1359 1343 1389; x_wconf 86' lang='lat' dir='ltr'>immeriti</span> <span class='ocrx_word' id='word_1_258' title='bbox 1359 1358 1573 1400; x_wconf 85' lang='lat' dir='ltr'>presidemus,</span> <span class='ocrx_word' id='word_1_259' title='bbox 1599 1367 1723 1389; x_wconf 76' lang='lat' dir='ltr'>annexe</span> <span class='ocrx_word' id='word_1_260' title='bbox 1748 1358 1819 1388; x_wconf 87' lang='lat' dir='ltr'>iura</span> <span class='ocrx_word' id='word_1_261' title='bbox 1835 1357 1961 1399; x_wconf 88' lang='lat' dir='ltr'>imperii</span> <span class='ocrx_word' id='word_1_262' title='bbox 1986 1367 2087 1398; x_wconf 89' lang='lat' dir='ltr'>quan-</span> 
     </span>
     <span class='ocr_line' id='line_1_25' title="bbox 448 1410 2088 1449; baseline -0.003 -5"><span class='ocrx_word' id='word_1_263' title='bbox 448 1416 515 1444; x_wconf 90' lang='lat' dir='ltr'>tum</span> <span class='ocrx_word' id='word_1_264' title='bbox 539 1416 650 1444; x_wconf 84' lang='lat' dir='ltr'>nostra</span> <span class='ocrx_word' id='word_1_265' title='bbox 673 1413 871 1444; x_wconf 84' lang='lat' dir='ltr'>sufficiencia</span> <span class='ocrx_word' id='word_1_266' title='bbox 895 1412 1013 1443; x_wconf 88' lang='lat' dir='ltr'>sufficit</span> <span class='ocrx_word' id='word_1_267' title='bbox 1038 1412 1149 1442; x_wconf 84' lang='lat' dir='ltr'>iuvare</span> <span class='ocrx_word' id='word_1_268' title='bbox 1174 1411 1328 1442; x_wconf 87' lang='lat' dir='ltr'>debemus</span> <span class='ocrx_word' id='word_1_269' title='bbox 1354 1414 1385 1441; x_wconf 91' lang='lat' dir='ltr'>et</span> <span class='ocrx_word' id='word_1_270' title='bbox 1409 1410 1503 1441; x_wconf 88' lang='lat' dir='ltr'>illesa</span> <span class='ocrx_word' id='word_1_271' title='bbox 1528 1420 1658 1441; x_wconf 84' lang='lat' dir='ltr'>servare</span> <span class='ocrx_word' id='word_1_272' title='bbox 1684 1413 1846 1449; x_wconf 88' lang='lat' dir='ltr'>tenemur,</span> <span class='ocrx_word' id='word_1_273' title='bbox 1878 1412 2088 1440; x_wconf 87' lang='lat' dir='ltr'>memoratum</span> 
     </span>
     <span class='ocr_line' id='line_1_26' title="bbox 448 1461 2088 1506; baseline -0.002 -10"><span class='ocrx_word' id='word_1_274' title='bbox 448 1476 559 1506; x_wconf 84' lang='lat' dir='ltr'>regem</span> <span class='ocrx_word' id='word_1_275' title='bbox 583 1465 725 1505; x_wconf 87' lang='lat' dir='ltr'>Boemie,</span> <span class='ocrx_word' id='word_1_276' title='bbox 751 1476 845 1506; x_wconf 89' lang='lat' dir='ltr'>quem</span> <span class='ocrx_word' id='word_1_277' title='bbox 870 1464 909 1496; x_wconf 90' lang='lat' dir='ltr'>de</span> <span class='ocrx_word' id='word_1_278' title='bbox 935 1464 1082 1495; x_wconf 90' lang='lat' dir='ltr'>manibus</span> <span class='ocrx_word' id='word_1_279' title='bbox 1107 1464 1227 1494; x_wconf 84' lang='lat' dir='ltr'>nostris</span> <span class='ocrx_word' id='word_1_280' title='bbox 1245 1463 1354 1504; x_wconf 86' lang='lat' dir='ltr'>regale</span> <span class='ocrx_word' id='word_1_281' title='bbox 1372 1473 1488 1493; x_wconf 89' lang='lat' dir='ltr'>munus</span> <span class='ocrx_word' id='word_1_282' title='bbox 1513 1462 1768 1493; x_wconf 88' lang='lat' dir='ltr'>consecracionis</span> <span class='ocrx_word' id='word_1_283' title='bbox 1784 1461 1948 1503; x_wconf 84' lang='lat' dir='ltr'>recepisse</span> <span class='ocrx_word' id='word_1_284' title='bbox 1976 1462 2088 1492; x_wconf 90' lang='lat' dir='ltr'>memi-</span> 
     </span>
     <span class='ocr_line' id='line_1_27' title="bbox 448 1513 2088 1556; baseline -0.002 -8"><span class='ocrx_word' id='word_1_285' title='bbox 448 1518 572 1556; x_wconf 91' lang='lat' dir='ltr'>nimus,</span> <span class='ocrx_word' id='word_1_286' title='bbox 597 1517 636 1548; x_wconf 91' lang='lat' dir='ltr'>ab</span> <span class='ocrx_word' id='word_1_287' title='bbox 663 1517 780 1548; x_wconf 84' lang='lat' dir='ltr'>erroris</span> <span class='ocrx_word' id='word_1_288' title='bbox 806 1516 922 1547; x_wconf 89' lang='lat' dir='ltr'>semita</span> <span class='ocrx_word' id='word_1_289' title='bbox 945 1517 1088 1547; x_wconf 87' lang='lat' dir='ltr'>revocari</span> <span class='ocrx_word' id='word_1_290' title='bbox 1114 1518 1145 1546; x_wconf 88' lang='lat' dir='ltr'>et</span> <span class='ocrx_word' id='word_1_291' title='bbox 1168 1516 1199 1546; x_wconf 93' lang='lat' dir='ltr'>in</span> <span class='ocrx_word' id='word_1_292' title='bbox 1224 1515 1308 1545; x_wconf 87' lang='lat' dir='ltr'>viam</span> <span class='ocrx_word' id='word_1_293' title='bbox 1334 1515 1480 1545; x_wconf 81' lang='lat' dir='ltr'>veritatis</span> <span class='ocrx_word' id='word_1_294' title='bbox 1505 1517 1537 1546; x_wconf 92' lang='lat' dir='ltr'>et</span> <span class='ocrx_word' id='word_1_295' title='bbox 1560 1514 1688 1545; x_wconf 87' lang='lat' dir='ltr'>iusticie</span> <span class='ocrx_word' id='word_1_296' title='bbox 1714 1514 1806 1555; x_wconf 85' lang='lat' dir='ltr'>dirigi</span> <span class='ocrx_word' id='word_1_297' title='bbox 1832 1513 2018 1555; x_wconf 87' lang='lat' dir='ltr'>cupientes,</span> <span class='ocrx_word' id='word_1_298' title='bbox 2047 1513 2088 1544; x_wconf 91' lang='lat' dir='ltr'>ab</span> 
     </span>
     <span class='ocr_line' id='line_1_28' title="bbox 450 1566 2090 1609; baseline -0.002 -9"><span class='ocrx_word' id='word_1_299' title='bbox 450 1569 561 1600; x_wconf 88' lang='lat' dir='ltr'>codem</span> <span class='ocrx_word' id='word_1_300' title='bbox 587 1569 714 1600; x_wconf 88' lang='lat' dir='ltr'>domino</span> <span class='ocrx_word' id='word_1_301' title='bbox 739 1579 815 1609; x_wconf 89' lang='lat' dir='ltr'>rege</span> <span class='ocrx_word' id='word_1_302' title='bbox 833 1568 1054 1599; x_wconf 82' lang='lat' dir='ltr'>Romanorum</span> <span class='ocrx_word' id='word_1_303' title='bbox 1081 1579 1123 1599; x_wconf 87' lang='lat' dir='ltr'>ex</span> <span class='ocrx_word' id='word_1_304' title='bbox 1146 1567 1256 1609; x_wconf 86' lang='lat' dir='ltr'>gracia</span> <span class='ocrx_word' id='word_1_305' title='bbox 1273 1566 1407 1608; x_wconf 90' lang='lat' dir='ltr'>speciali</span> <span class='ocrx_word' id='word_1_306' title='bbox 1425 1567 1572 1598; x_wconf 88' lang='lat' dir='ltr'>obtinere</span> <span class='ocrx_word' id='word_1_307' title='bbox 1591 1566 1780 1607; x_wconf 84' lang='lat' dir='ltr'>satagimus,</span> <span class='ocrx_word' id='word_1_308' title='bbox 1804 1569 1839 1596; x_wconf 90' lang='lat' dir='ltr'>ut</span> <span class='ocrx_word' id='word_1_309' title='bbox 1857 1566 1974 1596; x_wconf 88' lang='lat' dir='ltr'>iterum</span> <span class='ocrx_word' id='word_1_310' title='bbox 1991 1575 2090 1607; x_wconf 91' lang='lat' dir='ltr'>super</span> 
     </span>
     <span class='ocr_line' id='line_1_29' title="bbox 450 1617 2088 1664; baseline -0.002 -12"><span class='ocrx_word' id='word_1_311' title='bbox 450 1622 615 1664; x_wconf 84' lang='lat' dir='ltr'>premissis</span> <span class='ocrx_word' id='word_1_312' title='bbox 641 1621 761 1659; x_wconf 89' lang='lat' dir='ltr'>debite,</span> <span class='ocrx_word' id='word_1_313' title='bbox 786 1620 882 1661; x_wconf 82' lang='lat' dir='ltr'>digne</span> <span class='ocrx_word' id='word_1_314' title='bbox 908 1631 944 1651; x_wconf 87' lang='lat' dir='ltr'>ac</span> <span class='ocrx_word' id='word_1_315' title='bbox 962 1620 1171 1651; x_wconf 81' lang='lat' dir='ltr'>laudabiliter</span> <span class='ocrx_word' id='word_1_316' title='bbox 1188 1619 1398 1651; x_wconf 84' lang='lat' dir='ltr'>emendandis</span> <span class='ocrx_word' id='word_1_317' title='bbox 1423 1622 1454 1649; x_wconf 90' lang='lat' dir='ltr'>et</span> <span class='ocrx_word' id='word_1_318' title='bbox 1472 1619 1620 1660; x_wconf 88' lang='lat' dir='ltr'>congruis</span> <span class='ocrx_word' id='word_1_319' title='bbox 1639 1617 1912 1649; x_wconf 89' lang='lat' dir='ltr'>satisfactionibus</span> <span class='ocrx_word' id='word_1_320' title='bbox 1931 1617 2088 1648; x_wconf 87' lang='lat' dir='ltr'>exhiben-</span> 
     </span>
     <span class='ocr_line' id='line_1_30' title="bbox 451 1669 2092 1714; baseline -0.002 -10"><span class='ocrx_word' id='word_1_321' title='bbox 451 1673 499 1704; x_wconf 88' lang='lat' dir='ltr'>dis</span> <span class='ocrx_word' id='word_1_322' title='bbox 530 1673 613 1704; x_wconf 88' lang='lat' dir='ltr'>idcm</span> <span class='ocrx_word' id='word_1_323' title='bbox 644 1684 701 1704; x_wconf 88' lang='lat' dir='ltr'>rex</span> <span class='ocrx_word' id='word_1_324' title='bbox 726 1672 860 1703; x_wconf 86' lang='lat' dir='ltr'>Boemie</span> <span class='ocrx_word' id='word_1_325' title='bbox 893 1672 1089 1714; x_wconf 87' lang='lat' dir='ltr'>precedente</span> <span class='ocrx_word' id='word_1_326' title='bbox 1114 1672 1295 1702; x_wconf 87' lang='lat' dir='ltr'>monicione</span> <span class='ocrx_word' id='word_1_327' title='bbox 1326 1671 1453 1712; x_wconf 89' lang='lat' dir='ltr'>publica</span> <span class='ocrx_word' id='word_1_328' title='bbox 1483 1671 1666 1712; x_wconf 88' lang='lat' dir='ltr'>requiratur</span> <span class='ocrx_word' id='word_1_329' title='bbox 1697 1680 1733 1701; x_wconf 92' lang='lat' dir='ltr'>ac</span> <span class='ocrx_word' id='word_1_330' title='bbox 1765 1670 1797 1700; x_wconf 87' lang='grc'>111</span> <span class='ocrx_word' id='word_1_331' title='bbox 1821 1670 1899 1700; x_wconf 90' lang='lat' dir='ltr'>locis</span> <span class='ocrx_word' id='word_1_332' title='bbox 1925 1669 2035 1700; x_wconf 84' lang='lat' dir='ltr'>vicinis</span> <span class='ocrx_word' id='word_1_333' title='bbox 2060 1672 2092 1700; x_wconf 91' lang='lat' dir='ltr'>ct</span> 
     </span>
     <span class='ocr_line' id='line_1_31' title="bbox 453 1721 2090 1765; baseline -0.003 -9"><span class='ocrx_word' id='word_1_334' title='bbox 453 1725 719 1756; x_wconf 85' lang='lat' dir='ltr'>convenientibus</span> <span class='ocrx_word' id='word_1_335' title='bbox 743 1727 927 1761; x_wconf 77' lang='lat' dir='ltr'>moneatur,</span> <span class='ocrx_word' id='word_1_336' title='bbox 962 1728 1135 1765; x_wconf 83' lang='lat' dir='ltr'>antequam</span> <span class='ocrx_word' id='word_1_337' title='bbox 1165 1724 1205 1754; x_wconf 87' lang='lat' dir='ltr'>ad</span> <span class='ocrx_word' id='word_1_338' title='bbox 1230 1722 1580 1754; x_wconf 77' lang='lat' dir='ltr'>excommunicacionis</span> <span class='ocrx_word' id='word_1_339' title='bbox 1606 1723 1637 1752; x_wconf 92' lang='lat' dir='ltr'>in</span> <span class='ocrx_word' id='word_1_340' title='bbox 1661 1732 1829 1763; x_wconf 89' lang='lat' dir='ltr'>personam</span> <span class='ocrx_word' id='word_1_341' title='bbox 1854 1722 1905 1752; x_wconf 89' lang='lat' dir='ltr'>vel</span> <span class='ocrx_word' id='word_1_342' title='bbox 1929 1721 2090 1752; x_wconf 85' lang='lat' dir='ltr'>interdicti</span> 
     </span>
     <span class='ocr_line' id='line_1_32' title="bbox 451 1772 2089 1817; baseline -0.002 -10"><span class='ocrx_word' id='word_1_343' title='bbox 451 1778 482 1807; x_wconf 91' lang='lat' dir='ltr'>in</span> <span class='ocrx_word' id='word_1_344' title='bbox 506 1781 625 1808; x_wconf 87' lang='lat' dir='ltr'>terram</span> <span class='ocrx_word' id='word_1_345' title='bbox 651 1777 832 1807; x_wconf 84' lang='lat' dir='ltr'>sentencias</span> <span class='ocrx_word' id='word_1_346' title='bbox 858 1776 1060 1817; x_wconf 85' lang='lat' dir='ltr'>procedatur.</span> <span class='ocrx_word' id='word_1_347' title='bbox 1150 1776 1196 1816; x_wconf 73' lang='lat'>(4)</span> <span class='ocrx_word' id='word_1_348' title='bbox 1214 1775 1316 1806; x_wconf 79' lang='lat' dir='ltr'>Vobis</span> <span class='ocrx_word' id='word_1_349' title='bbox 1342 1776 1449 1816; x_wconf 83' lang='lat' dir='ltr'>itaque</span> <span class='ocrx_word' id='word_1_350' title='bbox 1475 1784 1537 1816; x_wconf 89' lang='lat' dir='ltr'>qua</span> <span class='ocrx_word' id='word_1_351' title='bbox 1555 1774 1718 1815; x_wconf 88' lang='lat' dir='ltr'>fungimur</span> <span class='ocrx_word' id='word_1_352' title='bbox 1741 1774 1934 1804; x_wconf 88' lang='lat' dir='ltr'>auctoritate</span> <span class='ocrx_word' id='word_1_353' title='bbox 1957 1772 2089 1803; x_wconf 85' lang='lat' dir='ltr'>manda-</span> 
     </span>
     <span class='ocr_line' id='line_1_33' title="bbox 451 1823 2091 1868; baseline -0.004 -9"><span class='ocrx_word' id='word_1_354' title='bbox 451 1840 520 1859; x_wconf 85' lang='lat' dir='ltr'>mus</span> <span class='ocrx_word' id='word_1_355' title='bbox 546 1832 578 1859; x_wconf 90' lang='lat' dir='ltr'>et</span> <span class='ocrx_word' id='word_1_356' title='bbox 602 1829 632 1858; x_wconf 91' lang='grc'>111</span> <span class='ocrx_word' id='word_1_357' title='bbox 657 1829 774 1858; x_wconf 76' lang='lat' dir='ltr'>virtute</span> <span class='ocrx_word' id='word_1_358' title='bbox 800 1831 911 1858; x_wconf 84' lang='lat' dir='ltr'>sancte</span> <span class='ocrx_word' id='word_1_359' title='bbox 936 1828 1124 1859; x_wconf 86' lang='lat' dir='ltr'>obediencie</span> <span class='ocrx_word' id='word_1_360' title='bbox 1149 1828 1292 1858; x_wconf 86' lang='lat' dir='ltr'>districte</span> <span class='ocrx_word' id='word_1_361' title='bbox 1318 1826 1525 1868; x_wconf 86' lang='lat' dir='ltr'>precipiendo</span> <span class='ocrx_word' id='word_1_362' title='bbox 1550 1827 1765 1867; x_wconf 85' lang='lat' dir='ltr'>iniungimuS,</span> <span class='ocrx_word' id='word_1_363' title='bbox 1790 1828 1948 1867; x_wconf 86' lang='lat' dir='ltr'>quatenus</span> <span class='ocrx_word' id='word_1_364' title='bbox 1974 1823 2091 1865; x_wconf 87' lang='lat' dir='ltr'>singuli</span> 
     </span>
     <span class='ocr_line' id='line_1_34' title="bbox 452 1877 2090 1921; baseline -0.003 -10"><span class='ocrx_word' id='word_1_365' title='bbox 452 1885 593 1911; x_wconf 81' lang='lat' dir='ltr'>vestrum</span> <span class='ocrx_word' id='word_1_366' title='bbox 618 1884 691 1921; x_wconf 85' lang='lat' dir='ltr'>post</span> <span class='ocrx_word' id='word_1_367' title='bbox 716 1880 964 1921; x_wconf 86' lang='lat' dir='ltr'>requisicionem</span> <span class='ocrx_word' id='word_1_368' title='bbox 989 1879 1108 1910; x_wconf 85' lang='lat' dir='ltr'>domini</span> <span class='ocrx_word' id='word_1_369' title='bbox 1134 1880 1218 1920; x_wconf 87' lang='lat' dir='ltr'>regis</span> <span class='ocrx_word' id='word_1_370' title='bbox 1244 1878 1462 1909; x_wconf 81' lang='lat' dir='ltr'>Romanorum</span> <span class='ocrx_word' id='word_1_371' title='bbox 1488 1879 1625 1920; x_wconf 84' lang='lat' dir='ltr'>predicti</span> <span class='ocrx_word' id='word_1_372' title='bbox 1654 1879 1685 1908; x_wconf 90' lang='lat' dir='ltr'>in</span> <span class='ocrx_word' id='word_1_373' title='bbox 1715 1878 1862 1909; x_wconf 84' lang='lat' dir='ltr'>ecclesiis</span> <span class='ocrx_word' id='word_1_374' title='bbox 1888 1877 2003 1908; x_wconf 88' lang='lat' dir='ltr'>vestris</span> <span class='ocrx_word' id='word_1_375' title='bbox 2034 1886 2090 1906; x_wconf 85' lang='lat' dir='ltr'>scu</span> 
     </span>
     <span class='ocr_line' id='line_1_35' title="bbox 451 1930 2088 1973; baseline -0.002 -11"><span class='ocrx_word' id='word_1_376' title='bbox 451 1933 523 1963; x_wconf 82' lang='lat' dir='ltr'>aliis</span> <span class='ocrx_word' id='word_1_377' title='bbox 555 1932 633 1962; x_wconf 79' lang='lat' dir='ltr'>locis</span> <span class='ocrx_word' id='word_1_378' title='bbox 666 1932 848 1973; x_wconf 84' lang='lat' dir='ltr'>insignibus</span> <span class='ocrx_word' id='word_1_379' title='bbox 880 1932 965 1962; x_wconf 87' lang='lat' dir='ltr'>clero</span> <span class='ocrx_word' id='word_1_380' title='bbox 998 1935 1029 1962; x_wconf 89' lang='lat' dir='ltr'>et</span> <span class='ocrx_word' id='word_1_381' title='bbox 1059 1932 1178 1973; x_wconf 84' lang='lat' dir='ltr'>populo</span> <span class='ocrx_word' id='word_1_382' title='bbox 1214 1930 1253 1961; x_wconf 88' lang='lat' dir='ltr'>ad</span> <span class='ocrx_word' id='word_1_383' title='bbox 1285 1931 1344 1961; x_wconf 83' lang='lat' dir='ltr'>hoc</span> <span class='ocrx_word' id='word_1_384' title='bbox 1370 1931 1557 1971; x_wconf 81' lang='lat' dir='ltr'>specialiter</span> <span class='ocrx_word' id='word_1_385' title='bbox 1580 1930 1719 1960; x_wconf 86' lang='lat' dir='ltr'>adunato</span> <span class='ocrx_word' id='word_1_386' title='bbox 1743 1933 1953 1960; x_wconf 85' lang='lat' dir='ltr'>memoratum</span> <span class='ocrx_word' id='word_1_387' title='bbox 1978 1939 2088 1969; x_wconf 86' lang='lat' dir='ltr'>regem</span> 
     </span>
     <span class='ocr_line' id='line_1_36' title="bbox 464 1981 2090 2024; baseline -0.002 -11"><span class='ocrx_word' id='word_1_388' title='bbox 464 1984 584 2015; x_wconf 58' lang='grc'><strong>’10011110</strong></span> <span class='ocrx_word' id='word_1_389' title='bbox 608 1983 735 2024; x_wconf 88' lang='lat' dir='ltr'>publice</span> <span class='ocrx_word' id='word_1_390' title='bbox 761 1994 867 2013; x_wconf 86' lang='lat' dir='ltr'>coram</span> <span class='ocrx_word' id='word_1_391' title='bbox 893 1983 1040 2013; x_wconf 79' lang='lat' dir='ltr'>omnibus</span> <span class='ocrx_word' id='word_1_392' title='bbox 1064 1983 1243 2021; x_wconf 79' lang='lat' dir='ltr'>moneatis,</span> <span class='ocrx_word' id='word_1_393' title='bbox 1275 1986 1309 2013; x_wconf 91' lang='lat' dir='ltr'>ut</span> <span class='ocrx_word' id='word_1_394' title='bbox 1333 1982 1437 2013; x_wconf 85' lang='lat' dir='ltr'>eidem</span> <span class='ocrx_word' id='word_1_395' title='bbox 1462 1982 1591 2012; x_wconf 89' lang='lat' dir='ltr'>domino</span> <span class='ocrx_word' id='word_1_396' title='bbox 1626 1982 1696 2023; x_wconf 88' lang='lat' dir='ltr'>regi</span> <span class='ocrx_word' id='word_1_397' title='bbox 1721 1981 1938 2012; x_wconf 85' lang='lat' dir='ltr'>Romanorum</span> <span class='ocrx_word' id='word_1_398' title='bbox 1963 1981 2033 2011; x_wconf 91' lang='lat' dir='ltr'>iura</span> <span class='ocrx_word' id='word_1_399' title='bbox 2057 1983 2090 2010; x_wconf 84' lang='lat' dir='ltr'>et</span> 
     </span>
     <span class='ocr_line' id='line_1_37' title="bbox 455 2033 2090 2076; baseline -0.002 -11"><span class='ocrx_word' id='word_1_400' title='bbox 455 2036 538 2065; x_wconf 80' lang='lat' dir='ltr'>bona</span> <span class='ocrx_word' id='word_1_401' title='bbox 563 2035 602 2065; x_wconf 85' lang='lat' dir='ltr'>ad</span> <span class='ocrx_word' id='word_1_402' title='bbox 626 2036 731 2076; x_wconf 86' lang='lat' dir='ltr'>ipsum</span> <span class='ocrx_word' id='word_1_403' title='bbox 757 2035 925 2076; x_wconf 87' lang='lat' dir='ltr'>imperium</span> <span class='ocrx_word' id='word_1_404' title='bbox 951 2035 1164 2076; x_wconf 79' lang='lat' dir='ltr'>pertinencia,</span> <span class='ocrx_word' id='word_1_405' title='bbox 1189 2044 1250 2075; x_wconf 88' lang='lat' dir='ltr'>quc</span> <span class='ocrx_word' id='word_1_406' title='bbox 1276 2034 1393 2064; x_wconf 85' lang='lat' dir='ltr'>iniuste</span> <span class='ocrx_word' id='word_1_407' title='bbox 1418 2033 1542 2064; x_wconf 85' lang='lat' dir='ltr'>detinet</span> <span class='ocrx_word' id='word_1_408' title='bbox 1566 2036 1733 2075; x_wconf 87' lang='lat' dir='ltr'>occupata,</span> <span class='ocrx_word' id='word_1_409' title='bbox 1757 2033 1859 2064; x_wconf 90' lang='lat' dir='ltr'>libere</span> <span class='ocrx_word' id='word_1_410' title='bbox 1884 2033 2034 2063; x_wconf 87' lang='lat' dir='ltr'>restituat</span> <span class='ocrx_word' id='word_1_411' title='bbox 2058 2034 2090 2062; x_wconf 88' lang='lat' dir='ltr'>et</span> 
     </span>
     <span class='ocr_line' id='line_1_38' title="bbox 454 2083 2091 2128; baseline -0.002 -11"><span class='ocrx_word' id='word_1_412' title='bbox 454 2087 485 2117; x_wconf 93' lang='lat' dir='ltr'>in</span> <span class='ocrx_word' id='word_1_413' title='bbox 509 2098 589 2128; x_wconf 87' lang='lat' dir='ltr'>pace</span> <span class='ocrx_word' id='word_1_414' title='bbox 609 2087 758 2123; x_wconf 72' lang='lat' dir='ltr'>dimittat,</span> <span class='ocrx_word' id='word_1_415' title='bbox 784 2087 822 2117; x_wconf 89' lang='lat' dir='ltr'>de</span> <span class='ocrx_word' id='word_1_416' title='bbox 840 2087 970 2127; x_wconf 88' lang='lat' dir='ltr'>reliquis</span> <span class='ocrx_word' id='word_1_417' title='bbox 989 2097 1125 2127; x_wconf 87' lang='lat' dir='ltr'>quoque,</span> <span class='ocrx_word' id='word_1_418' title='bbox 1151 2096 1283 2127; x_wconf 87' lang='lat' dir='ltr'>quorum</span> <span class='ocrx_word' id='word_1_419' title='bbox 1302 2085 1472 2116; x_wconf 87' lang='lat' dir='ltr'>occasione</span> <span class='ocrx_word' id='word_1_420' title='bbox 1498 2086 1564 2116; x_wconf 85' lang='lat' dir='ltr'>lata</span> <span class='ocrx_word' id='word_1_421' title='bbox 1582 2085 1641 2116; x_wconf 89' lang='lat' dir='ltr'>fuit</span> <span class='ocrx_word' id='word_1_422' title='bbox 1658 2085 1905 2126; x_wconf 88' lang='lat' dir='ltr'>proseripcionis</span> <span class='ocrx_word' id='word_1_423' title='bbox 1924 2083 2091 2115; x_wconf 87' lang='lat' dir='ltr'>sentencia</span> 
     </span>
     <span class='ocr_line' id='line_1_39' title="bbox 454 2136 2091 2180; baseline -0.002 -11"><span class='ocrx_word' id='word_1_424' title='bbox 454 2144 564 2170; x_wconf 82' lang='lat' dir='ltr'>contra</span> <span class='ocrx_word' id='word_1_425' title='bbox 594 2139 712 2180; x_wconf 75' lang='lat' dir='ltr'>ipsum,</span> <span class='ocrx_word' id='word_1_426' title='bbox 749 2138 1001 2169; x_wconf 82' lang='lat' dir='ltr'>satisfactionem</span> <span class='ocrx_word' id='word_1_427' title='bbox 1035 2137 1175 2168; x_wconf 81' lang='lat' dir='ltr'>debitam</span> <span class='ocrx_word' id='word_1_428' title='bbox 1208 2138 1412 2178; x_wconf 89' lang='lat' dir='ltr'>impensurus</span> <span class='ocrx_word' id='word_1_429' title='bbox 1447 2136 1561 2168; x_wconf 89' lang='lat' dir='ltr'>eidem.</span> <span class='ocrx_word' id='word_1_430' title='bbox 1617 2137 1709 2167; x_wconf 86' lang='lat' dir='ltr'>Hanc</span> <span class='ocrx_word' id='word_1_431' title='bbox 1739 2140 1846 2168; x_wconf 85' lang='lat' dir='ltr'>autem</span> <span class='ocrx_word' id='word_1_432' title='bbox 1877 2136 2091 2167; x_wconf 88' lang='lat' dir='ltr'>monicionem</span> 
     </span>
     <span class='ocr_line' id='line_1_40' title="bbox 454 2188 2092 2230; baseline -0.002 -9"><span class='ocrx_word' id='word_1_433' title='bbox 454 2191 567 2222; x_wconf 87' lang='lat' dir='ltr'>diebus</span> <span class='ocrx_word' id='word_1_434' title='bbox 602 2191 771 2221; x_wconf 81' lang='lat' dir='ltr'>(lominicis</span> <span class='ocrx_word' id='word_1_435' title='bbox 801 2193 832 2221; x_wconf 88' lang='lat' dir='ltr'>et</span> <span class='ocrx_word' id='word_1_436' title='bbox 861 2190 985 2220; x_wconf 88' lang='lat' dir='ltr'>festivis</span> <span class='ocrx_word' id='word_1_437' title='bbox 1019 2200 1120 2230; x_wconf 89' lang='lat' dir='ltr'>usque</span> <span class='ocrx_word' id='word_1_438' title='bbox 1151 2189 1189 2220; x_wconf 90' lang='lat' dir='ltr'>ad</span> <span class='ocrx_word' id='word_1_439' title='bbox 1226 2189 1396 2220; x_wconf 89' lang='lat' dir='ltr'>terminum</span> <span class='ocrx_word' id='word_1_440' title='bbox 1427 2193 1664 2230; x_wconf 89' lang='lat' dir='ltr'>competentem</span> <span class='ocrx_word' id='word_1_441' title='bbox 1700 2189 1905 2220; x_wconf 86' lang='lat' dir='ltr'>statuendum</span> <span class='ocrx_word' id='word_1_442' title='bbox 1935 2199 1953 2219; x_wconf 88' lang='lat' dir='ltr'>a</span> <span class='ocrx_word' id='word_1_443' title='bbox 1977 2188 2092 2218; x_wconf 67' lang='lat' dir='ltr'>nobisss</span> 
     </span>
     <span class='ocr_line' id='line_1_41' title="bbox 453 2239 2088 2284; baseline -0.001 -12"><span class='ocrx_word' id='word_1_444' title='bbox 453 2242 580 2283; x_wconf 89' lang='lat' dir='ltr'>publice</span> <span class='ocrx_word' id='word_1_445' title='bbox 605 2253 663 2284; x_wconf 88' lang='lat' dir='ltr'>per</span> <span class='ocrx_word' id='word_1_446' title='bbox 686 2253 742 2273; x_wconf 86' lang='lat' dir='ltr'>vos</span> <span class='ocrx_word' id='word_1_447' title='bbox 767 2245 821 2273; x_wconf 78' lang='lat' dir='ltr'>aut</span> <span class='ocrx_word' id='word_1_448' title='bbox 845 2252 903 2283; x_wconf 83' lang='lat' dir='ltr'>per</span> <span class='ocrx_word' id='word_1_449' title='bbox 926 2241 1022 2272; x_wconf 79' lang='lat' dir='ltr'>alium</span> <span class='ocrx_word' id='word_1_450' title='bbox 1048 2245 1103 2272; x_wconf 86' lang='lat' dir='ltr'>aut</span> <span class='ocrx_word' id='word_1_451' title='bbox 1127 2242 1206 2272; x_wconf 88' lang='lat' dir='ltr'>alios</span> <span class='ocrx_word' id='word_1_452' title='bbox 1224 2241 1348 2272; x_wconf 85' lang='lat' dir='ltr'>iteretis</span> <span class='ocrx_word' id='word_1_453' title='bbox 1374 2241 1424 2271; x_wconf 90' lang='lat' dir='ltr'>vel</span> <span class='ocrx_word' id='word_1_454' title='bbox 1449 2252 1547 2272; x_wconf 90' lang='grc'><strong>111111111</strong></span> <span class='ocrx_word' id='word_1_455' title='bbox 1571 2252 1628 2282; x_wconf 89' lang='lat' dir='ltr'>pro</span> <span class='ocrx_word' id='word_1_456' title='bbox 1654 2241 1802 2272; x_wconf 85' lang='lat' dir='ltr'>omnibus</span> <span class='ocrx_word' id='word_1_457' title='bbox 1825 2239 2088 2283; x_wconf 85' lang='lat' dir='ltr'>peremptorium,</span> 
     </span>
     <span class='ocr_line' id='line_1_42' title="bbox 454 2293 2092 2335; baseline -0.001 -12"><span class='ocrx_word' id='word_1_458' title='bbox 454 2294 478 2323; x_wconf 78' lang='lat' dir='ltr'>si</span> <span class='ocrx_word' id='word_1_459' title='bbox 504 2294 642 2334; x_wconf 76' lang='lat' dir='ltr'>amplius</span> <span class='ocrx_word' id='word_1_460' title='bbox 667 2304 729 2323; x_wconf 88' lang='lat' dir='ltr'>non</span> <span class='ocrx_word' id='word_1_461' title='bbox 755 2294 899 2335; x_wconf 81' lang='lat' dir='ltr'>potestis,</span> <span class='ocrx_word' id='word_1_462' title='bbox 924 2294 1128 2324; x_wconf 87' lang='lat' dir='ltr'>monitorium</span> <span class='ocrx_word' id='word_1_463' title='bbox 1146 2294 1334 2335; x_wconf 81' lang='lat' dir='ltr'>proponatis</span> <span class='ocrx_word' id='word_1_464' title='bbox 1353 2293 1492 2324; x_wconf 75' lang='lat' dir='ltr'>edictum</span> <span class='ocrx_word' id='word_1_465' title='bbox 1517 2297 1549 2324; x_wconf 88' lang='lat' dir='ltr'>et</span> <span class='ocrx_word' id='word_1_466' title='bbox 1573 2294 1603 2324; x_wconf 92' lang='lat' dir='ltr'>in</span> <span class='ocrx_word' id='word_1_467' title='bbox 1622 2293 1722 2324; x_wconf 86' lang='lat' dir='ltr'>valvis</span> <span class='ocrx_word' id='word_1_468' title='bbox 1741 2293 1949 2324; x_wconf 88' lang='lat' dir='ltr'>ecclesiarum</span> <span class='ocrx_word' id='word_1_469' title='bbox 1970 2294 2092 2322; x_wconf 84' lang='lat' dir='ltr'>vestra-</span> 
     </span>
     <span class='ocr_line' id='line_1_43' title="bbox 455 2343 2091 2387; baseline -0.001 -12"><span class='ocrx_word' id='word_1_470' title='bbox 455 2356 523 2376; x_wconf 86' lang='lat' dir='ltr'>rum</span> <span class='ocrx_word' id='word_1_471' title='bbox 548 2346 703 2376; x_wconf 85' lang='lat' dir='ltr'>maiorum</span> <span class='ocrx_word' id='word_1_472' title='bbox 729 2356 798 2375; x_wconf 84' lang='lat' dir='ltr'>cum</span> <span class='ocrx_word' id='word_1_473' title='bbox 825 2349 934 2375; x_wconf 78' lang='lat' dir='ltr'>tenore</span> <span class='ocrx_word' id='word_1_474' title='bbox 962 2346 1165 2387; x_wconf 77' lang='lat' dir='ltr'>presencium</span> <span class='ocrx_word' id='word_1_475' title='bbox 1197 2346 1337 2386; x_wconf 73' lang='lat' dir='ltr'>affigatis</span> <span class='ocrx_word' id='word_1_476' title='bbox 1363 2345 1413 2376; x_wconf 83' lang='lat' dir='ltr'>vel</span> <span class='ocrx_word' id='word_1_477' title='bbox 1442 2345 1568 2375; x_wconf 81' lang='lat' dir='ltr'>faciatis</span> <span class='ocrx_word' id='word_1_478' title='bbox 1601 2345 1702 2386; x_wconf 85' lang='lat' dir='ltr'>affigi,</span> <span class='ocrx_word' id='word_1_479' title='bbox 1733 2348 1767 2375; x_wconf 91' lang='lat' dir='ltr'>ut</span> <span class='ocrx_word' id='word_1_480' title='bbox 1796 2344 1933 2375; x_wconf 89' lang='lat' dir='ltr'>intuenti</span> <span class='ocrx_word' id='word_1_481' title='bbox 1959 2343 2091 2374; x_wconf 85' lang='lat' dir='ltr'>cuilibet</span> 
     </span>
     <span class='ocr_line' id='line_1_44' title="bbox 459 2395 2089 2438; baseline -0.001 -11"><span class='ocrx_word' id='word_1_482' title='bbox 459 2396 586 2427; x_wconf 82' lang='lat' dir='ltr'>videndi</span> <span class='ocrx_word' id='word_1_483' title='bbox 612 2408 648 2426; x_wconf 81' lang='lat' dir='ltr'>ac</span> <span class='ocrx_word' id='word_1_484' title='bbox 673 2397 772 2427; x_wconf 72' lang='lat' dir='ltr'>eciam</span> <span class='ocrx_word' id='word_1_485' title='bbox 799 2397 996 2427; x_wconf 68' lang='lat' dir='ltr'>rescribendi</span> <span class='ocrx_word' id='word_1_486' title='bbox 1022 2397 1048 2427; x_wconf 78' lang='lat' dir='ltr'>si</span> <span class='ocrx_word' id='word_1_487' title='bbox 1073 2397 1210 2427; x_wconf 84' lang='lat' dir='ltr'>volucrit</span> <span class='ocrx_word' id='word_1_488' title='bbox 1235 2397 1327 2438; x_wconf 79' lang='lat' dir='ltr'>copia</span> <span class='ocrx_word' id='word_1_489' title='bbox 1351 2398 1501 2438; x_wconf 77' lang='lat' dir='ltr'>patefiat.</span> <span class='ocrx_word' id='word_1_490' title='bbox 1527 2408 1566 2428; x_wconf 91' lang='lat' dir='ltr'>ne</span> <span class='ocrx_word' id='word_1_491' title='bbox 1592 2398 1673 2429; x_wconf 84' lang='lat' dir='ltr'>forte</span> <span class='ocrx_word' id='word_1_492' title='bbox 1699 2397 1880 2428; x_wconf 85' lang='lat' dir='ltr'>velamento</span> <span class='ocrx_word' id='word_1_493' title='bbox 1903 2395 2089 2437; x_wconf 85' lang='lat' dir='ltr'>ignorancic</span> 
     </span>
     <span class='ocr_line' id='line_1_45' title="bbox 459 2446 2090 2490; baseline -0.002 -11"><span class='ocrx_word' id='word_1_494' title='bbox 459 2449 541 2479; x_wconf 78' lang='lat' dir='ltr'>idem</span> <span class='ocrx_word' id='word_1_495' title='bbox 553 2460 624 2479; x_wconf 62' lang='lat' dir='ltr'>*rex</span> <span class='ocrx_word' id='word_1_496' title='bbox 652 2448 785 2479; x_wconf 78' lang='lat' dir='ltr'>Boemie</span> <span class='ocrx_word' id='word_1_497' title='bbox 812 2460 843 2479; x_wconf 81' lang='lat' dir='ltr'>sc</span> <span class='ocrx_word' id='word_1_498' title='bbox 870 2450 974 2479; x_wconf 67' lang='lat' dir='ltr'>forsan</span> <span class='ocrx_word' id='word_1_499' title='bbox 1002 2449 1138 2479; x_wconf 83' lang='lat' dir='ltr'>inaniter</span> <span class='ocrx_word' id='word_1_500' title='bbox 1171 2450 1199 2479; x_wconf 91' lang='lat' dir='ltr'>in</span> <span class='ocrx_word' id='word_1_501' title='bbox 1225 2453 1390 2490; x_wconf 79' lang='lat' dir='ltr'>posterum</span> <span class='ocrx_word' id='word_1_502' title='bbox 1418 2451 1600 2479; x_wconf 80' lang='lat' dir='ltr'>excusaret.</span> <span class='ocrx_word' id='word_1_503' title='bbox 1690 2448 1738 2490; x_wconf 82' lang='lat'>(5)</span> <span class='ocrx_word' id='word_1_504' title='bbox 1764 2450 1849 2479; x_wconf 78' lang='lat' dir='ltr'>Sane</span> <span class='ocrx_word' id='word_1_505' title='bbox 1875 2448 1899 2479; x_wconf 92' lang='lat' dir='ltr'>si</span> <span class='ocrx_word' id='word_1_506' title='bbox 1925 2458 2026 2489; x_wconf 83' lang='lat' dir='ltr'>usque</span> <span class='ocrx_word' id='word_1_507' title='bbox 2051 2446 2090 2477; x_wconf 86' lang='lat' dir='ltr'>ad</span> 
     </span>
     <span class='ocr_line' id='line_1_46' title="bbox 457 2500 2090 2542; baseline -0.001 -12"><span class='ocrx_word' id='word_1_508' title='bbox 457 2501 626 2530; x_wconf 75' lang='lat' dir='ltr'>torminum</span> <span class='ocrx_word' id='word_1_509' title='bbox 652 2500 832 2531; x_wconf 75' lang='lat' dir='ltr'>huiusmodi</span> <span class='ocrx_word' id='word_1_510' title='bbox 858 2500 939 2530; x_wconf 70' lang='grc'><strong>1110111</strong></span> <span class='ocrx_word' id='word_1_511' title='bbox 967 2512 1023 2530; x_wconf 74' lang='lat' dir='ltr'>rex</span> <span class='ocrx_word' id='word_1_512' title='bbox 1044 2500 1174 2531; x_wconf 78' lang='lat' dir='ltr'>Boemie</span> <span class='ocrx_word' id='word_1_513' title='bbox 1199 2500 1238 2530; x_wconf 76' lang='grc'>110</span> <span class='ocrx_word' id='word_1_514' title='bbox 1257 2501 1420 2542; x_wconf 77' lang='lat' dir='ltr'>premissis</span> <span class='ocrx_word' id='word_1_515' title='bbox 1439 2501 1691 2531; x_wconf 74' lang='lat' dir='ltr'>satisfactionem</span> <span class='ocrx_word' id='word_1_516' title='bbox 1716 2511 1779 2531; x_wconf 89' lang='lat' dir='ltr'>non</span> <span class='ocrx_word' id='word_1_517' title='bbox 1798 2500 1981 2531; x_wconf 86' lang='lat' dir='ltr'>exhibuerit</span> <span class='ocrx_word' id='word_1_518' title='bbox 2004 2509 2090 2530; x_wconf 89' lang='grc'><strong>00111-</strong></span> 
     </span>
     <span class='ocr_line' id='line_1_47' title="bbox 461 2550 2090 2593; baseline 0 -13"><span class='ocrx_word' id='word_1_519' title='bbox 461 2556 634 2593; x_wconf 73' lang='lat' dir='ltr'>pvtentom.</span> <span class='ocrx_word' id='word_1_520' title='bbox 661 2552 762 2582; x_wconf 72' lang='lat' dir='ltr'>eidem</span> <span class='ocrx_word' id='word_1_521' title='bbox 789 2552 917 2582; x_wconf 84' lang='lat' dir='ltr'>domino</span> <span class='ocrx_word' id='word_1_522' title='bbox 943 2552 1009 2591; x_wconf 73' lang='lat' dir='ltr'>regi</span> <span class='ocrx_word' id='word_1_523' title='bbox 1039 2552 1252 2582; x_wconf 69' lang='lat' dir='ltr'>Romanorum</span> <span class='ocrx_word' id='word_1_524' title='bbox 1280 2552 1505 2582; x_wconf 73' lang='lat' dir='ltr'>reconciliatus</span> <span class='ocrx_word' id='word_1_525' title='bbox 1530 2563 1590 2582; x_wconf 84' lang='lat' dir='ltr'>non</span> <span class='ocrx_word' id='word_1_526' title='bbox 1616 2552 1722 2591; x_wconf 80' lang='lat' dir='ltr'>fuerit,</span> <span class='ocrx_word' id='word_1_527' title='bbox 1748 2553 1836 2582; x_wconf 82' lang='lat' dir='ltr'>cuius</span> <span class='ocrx_word' id='word_1_528' title='bbox 1862 2551 1907 2582; x_wconf 88' lang='lat' dir='ltr'>rei</span> <span class='ocrx_word' id='word_1_529' title='bbox 1933 2550 2090 2581; x_wconf 78' lang='lat' dir='ltr'>certitudo</span> 
     </span>
     <span class='ocr_line' id='line_1_48' title="bbox 457 2602 2090 2645; baseline -0.001 -11"><span class='ocrx_word' id='word_1_530' title='bbox 457 2615 518 2634; x_wconf 85' lang='lat' dir='ltr'>non</span> <span class='ocrx_word' id='word_1_531' title='bbox 544 2604 661 2645; x_wconf 72' lang='lat' dir='ltr'>poterit</span> <span class='ocrx_word' id='word_1_532' title='bbox 687 2615 742 2633; x_wconf 80' lang='lat' dir='ltr'>vos</span> <span class='ocrx_word' id='word_1_533' title='bbox 769 2604 885 2640; x_wconf 67' lang='lat' dir='ltr'>latere,</span> <span class='ocrx_word' id='word_1_534' title='bbox 912 2603 989 2633; x_wconf 60' lang='lat' dir='ltr'>rosh</span> <span class='ocrx_word' id='word_1_535' title='bbox 1014 2608 1132 2634; x_wconf 75' lang='lat' dir='ltr'>extunc</span> <span class='ocrx_word' id='word_1_536' title='bbox 1161 2605 1190 2634; x_wconf 93' lang='lat' dir='ltr'>in</span> <span class='ocrx_word' id='word_1_537' title='bbox 1217 2604 1353 2635; x_wconf 73' lang='lat' dir='ltr'>eundem</span> <span class='ocrx_word' id='word_1_538' title='bbox 1380 2614 1487 2645; x_wconf 75' lang='lat' dir='ltr'>regem</span> <span class='ocrx_word' id='word_1_539' title='bbox 1517 2604 1648 2635; x_wconf 66' lang='lat' dir='ltr'>Boemie</span> <span class='ocrx_word' id='word_1_540' title='bbox 1674 2603 2034 2641; x_wconf 81' lang='lat' dir='ltr'>excommunicacionis,</span> <span class='ocrx_word' id='word_1_541' title='bbox 2061 2602 2090 2632; x_wconf 92' lang='lat' dir='ltr'>in</span> 
     </span>
    </p>
   </div>
   <div class='ocr_carea' id='block_1_3' title="bbox 562 2688 1967 2722">
    <p class='ocr_par' dir='ltr' id='par_1_3' title="bbox 562 2688 1967 2722">
     <span class='ocr_line' id='line_1_49' title="bbox 562 2688 1967 2722; baseline -0.001 -8"><span class='ocrx_word' id='word_1_542' title='bbox 562 2689 625 2715; x_wconf 81' lang='grc'><strong>111.</strong></span> <span class='ocrx_word' id='word_1_543' title='bbox 645 2690 668 2714; x_wconf 62' lang='grc'>’11</span> <span class='ocrx_word' id='word_1_544' title='bbox 689 2700 767 2722; x_wconf 67' lang='lat' dir='ltr'>sulm-tt</span> <span class='ocrx_word' id='word_1_545' title='bbox 789 2692 879 2715; x_wconf 65' lang='lat' dir='ltr'>lincam</span> <span class='ocrx_word' id='word_1_546' title='bbox 901 2691 961 2714; x_wconf 66' lang='lat' dir='ltr'>add.</span> <span class='ocrx_word' id='word_1_547' title='bbox 985 2694 1011 2714; x_wconf 67' lang='grc' dir='ltr'>Ι).</span> <span class='ocrx_word' id='word_1_548' title='bbox 1101 2695 1122 2721; x_wconf 64' lang='lat'>(¹)</span> <span class='ocrx_word' id='word_1_549' title='bbox 1143 2690 1218 2721; x_wconf 59' lang='grc' dir='ltr'><strong>11011-κί</strong></span> <span class='ocrx_word' id='word_1_550' title='bbox 1243 2693 1270 2714; x_wconf 75' lang='grc' dir='ltr'>Ι).</span> <span class='ocrx_word' id='word_1_551' title='bbox 1360 2689 1377 2721; x_wconf 79' lang='lat' dir='ltr'>s)</span> <span class='ocrx_word' id='word_1_552' title='bbox 1398 2691 1428 2714; x_wconf 65' lang='lat' dir='ltr'>vs·</span> <span class='ocrx_word' id='word_1_553' title='bbox 1453 2694 1478 2714; x_wconf 65' lang='grc' dir='ltr'>Η,</span> <span class='ocrx_word' id='word_1_554' title='bbox 1569 2691 1592 2721; x_wconf 65' lang='grc' dir='ltr'>Η)</span> <span class='ocrx_word' id='word_1_555' title='bbox 1613 2691 1684 2714; x_wconf 68' lang='lat' dir='ltr'>vohis</span> <span class='ocrx_word' id='word_1_556' title='bbox 1707 2693 1733 2714; x_wconf 70' lang='grc'>1).</span> <span class='ocrx_word' id='word_1_557' title='bbox 1823 2688 1847 2719; x_wconf 73' lang='lat'>¹¹)</span> <span class='ocrx_word' id='word_1_558' title='bbox 1868 2699 1915 2713; x_wconf 73' lang='lat' dir='ltr'>vox</span> <span class='ocrx_word' id='word_1_559' title='bbox 1940 2691 1967 2715; x_wconf 77' lang='grc'>0,</span> 
     </span>
    </p>
   </div>
   <div class='ocr_carea' id='block_1_4' title="bbox 562 2749 1439 2783">
    <p class='ocr_par' dir='ltr' id='par_1_4' title="bbox 562 2749 1439 2783">
     <span class='ocr_line' id='line_1_50' title="bbox 562 2749 1439 2783; baseline 0.001 -10"><span class='ocrx_word' id='word_1_560' title='bbox 562 2751 584 2783; x_wconf 88' lang='lat' dir='ltr'>l)</span> <span class='ocrx_word' id='word_1_561' title='bbox 608 2749 665 2774; x_wconf 40' lang='lat' dir='ltr'>Iun,</span> <span class='ocrx_word' id='word_1_562' title='bbox 686 2754 724 2775; x_wconf 71' lang='grc'>21.</span> <span class='ocrx_word' id='word_1_563' title='bbox 764 2750 804 2783; x_wconf 57' lang='grc' dir='ltr'>(γ’,</span> <span class='ocrx_word' id='word_1_564' title='bbox 827 2749 1107 2782; x_wconf 58' lang='lat' dir='ltr'>Ji&#39;ae‘y.1&#39;11111.l&#39;l‚·3r·23‹1</span> <span class='ocrx_word' id='word_1_565' title='bbox 1127 2751 1147 2772; x_wconf 72' lang='lat' dir='ltr'>rl</span> <span class='ocrx_word' id='word_1_566' title='bbox 1168 2749 1243 2780; x_wconf 59' lang='lat' dir='ltr'>insin</span> <span class='ocrx_word' id='word_1_567' title='bbox 1265 2757 1305 2774; x_wconf 75' lang='grc' dir='ltr'>ιη’.</span> <span class='ocrx_word' id='word_1_568' title='bbox 1324 2753 1365 2774; x_wconf 65' lang='lat'>122</span> <span class='ocrx_word' id='word_1_569' title='bbox 1383 2758 1402 2774; x_wconf 69' lang='lat'>(².</span> <span class='ocrx_word' id='word_1_570' title='bbox 1421 2754 1439 2774; x_wconf 87' lang='lat'>1.</span> 
     </span>
    </p>
   </div>
   <div class='ocr_carea' id='block_1_5' title="bbox 2114 688 2137 706">
    <p class='ocr_par' dir='ltr' id='par_1_5' title="bbox 2114 688 2137 706">
     <span class='ocr_line' id='line_1_51' title="bbox 2114 688 2137 706; baseline -0.043 0"><span class='ocrx_word' id='word_1_571' title='bbox 2114 688 2137 706; x_wconf 87' lang='lat'>10</span> 
     </span>
    </p>
   </div>
   <div class='ocr_carea' id='block_1_6' title="bbox 2115 952 2138 970">
    <p class='ocr_par' dir='ltr' id='par_1_6' title="bbox 2115 952 2138 970">
     <span class='ocr_line' id='line_1_52' title="bbox 2115 952 2138 970; baseline 0 0"><span class='ocrx_word' id='word_1_572' title='bbox 2115 952 2138 970; x_wconf 79' lang='lat'>15</span> 
     </span>
    </p>
   </div>
   <div class='ocr_carea' id='block_1_7' title="bbox 2112 1209 2137 1229">
    <p class='ocr_par' dir='ltr' id='par_1_7' title="bbox 2112 1209 2137 1229">
     <span class='ocr_line' id='line_1_53' title="bbox 2112 1209 2137 1229; baseline -0.04 0"><span class='ocrx_word' id='word_1_573' title='bbox 2112 1209 2137 1229; x_wconf 78' lang='lat'>20</span> 
     </span>
    </p>
   </div>
   <div class='ocr_carea' id='block_1_8' title="bbox 2117 1470 2141 1490">
    <p class='ocr_par' dir='ltr' id='par_1_8' title="bbox 2117 1470 2141 1490">
     <span class='ocr_line' id='line_1_54' title="bbox 2117 1470 2141 1490; baseline -0.042 0"><span class='ocrx_word' id='word_1_574' title='bbox 2117 1470 2141 1490; x_wconf 69' lang='lat'>25</span> 
     </span>
    </p>
   </div>
   <div class='ocr_carea' id='block_1_9' title="bbox 2118 1730 2143 1749">
    <p class='ocr_par' dir='ltr' id='par_1_9' title="bbox 2118 1730 2143 1749">
     <span class='ocr_line' id='line_1_55' title="bbox 2118 1730 2143 1749; baseline -0.04 0"><span class='ocrx_word' id='word_1_575' title='bbox 2118 1730 2143 1749; x_wconf 81' lang='lat'>30</span> 
     </span>
    </p>
   </div>
   <div class='ocr_carea' id='block_1_10' title="bbox 2117 1989 2140 2009">
    <p class='ocr_par' dir='ltr' id='par_1_10' title="bbox 2117 1989 2140 2009">
     <span class='ocr_line' id='line_1_56' title="bbox 2117 1989 2140 2009; baseline 0 0"><span class='ocrx_word' id='word_1_576' title='bbox 2117 1989 2140 2009; x_wconf 80' lang='lat'>35</span> 
     </span>
    </p>
   </div>
   <div class='ocr_carea' id='block_1_11' title="bbox 2118 2248 2142 2266">
    <p class='ocr_par' dir='ltr' id='par_1_11' title="bbox 2118 2248 2142 2266">
     <span class='ocr_line' id='line_1_57' title="bbox 2118 2248 2142 2266; baseline 0 0"><span class='ocrx_word' id='word_1_577' title='bbox 2118 2248 2142 2266; x_wconf 69' lang='lat'>40</span> 
     </span>
    </p>
   </div>
   <div class='ocr_carea' id='block_1_12' title="bbox 2118 2510 2141 2528">
    <p class='ocr_par' dir='ltr' id='par_1_12' title="bbox 2118 2510 2141 2528">
     <span class='ocr_line' id='line_1_58' title="bbox 2118 2510 2141 2528; baseline 0 0"><span class='ocrx_word' id='word_1_578' title='bbox 2118 2510 2141 2528; x_wconf 70' lang='lat'>⁴5</span> 
     </span>
    </p>
   </div>
  </div>
 </body>
</html>
