2259 3164
283 168 378 194 ACTA
395 168 624 194 VICARIORUM
644 168 881 194 GENERALIUM
902 170 939 194 IN
961 171 1083 197 ITALIA
1102 172 1354 201 FUNGENTIUM.
1393 176 1465 202 1286.
1503 176 1548 202 ΧΥ.
1564 177 1620 202 615.
1640 178 1697 203 616.
1753 181 1815 210 579

305 287 381 319 616.
417 287 758 320 PROMULGATIO
784 288 943 320 BANNI
960 290 1024 321 ET
1042 291 1333 325 APPELLATIO
1356 295 1681 329 RANNITORL'M.

894 340 958 372 Oct.
975 344 1024 372 16.
1050 345 1099 373 17.

282 399 395 431 Denuo
429 399 618 430 contulimus
650 400 867 439 aectoyraphon
902 402 1038 432 eiusdem
1071 403 1235 441 tabularii,
1268 406 1350 443 qnod
1385 407 1446 437 iam
1480 408 1577 437 edidit
1606 408 1720 439 Fiet-02·
1748 409 1766 438 l.
1790 421 1815 441 a.

171 461 242 491 pay.
259 452 323 482 492
344 461 394 481 ην.
410 452 482 481 488.
531 451 672 482 Ceterum
695 452 734 489 cf.
759 451 873 482 Fiet-er
896 451 914 481 l.
931 464 956 483 c.
968 463 1041 492 pay.
1059 454 1172 493 4943q.
1197 465 1244 486 nr.
1262 457 1448 489 41s9—49.3.
1549 459 1600 497 (P.
1626 460 1729 499 deest.)

141 551 152 568 5
280 537 317 567 In
340 538 467 567 nomine
491 537 620 568 Domini
645 548 747 568 amen.

281 597 326 637 (1)
363 596 443 627 Cum
473 608 532 638 ego
557 597 694 628 Iacobus
724 597 797 628 olim
829 598 947 628 domini
971 598 1109 629 Renaldi
1139 600 1212 630 Gilii
1244 601 1381 631 sindicus
1410 606 1442 632 et
1465 608 1650 643 procurator
1674 607 1816 636 comunis

175 647 351 688 Sen(ensis)
380 648 552 679 sindicatus
585 653 617 679 et
644 650 862 690 procuratorio
890 650 1017 680 nomine
1046 661 1102 690 pro
1129 651 1212 681 (licto
1237 654 1359 683 comuni
1399 655 1640 695 significaverim
1673 660 1704 687 et
1732 657 1813 687 noti-

173 700 334 731 ficaverim
365 700 455 730 vobis
480 701 611 741 egregio
636 703 669 731 et
692 701 860 741 magnifico
885 702 951 731 viro
984 701 1112 732 domino
1136 702 1315 741 Percivallo
1346 705 1385 735 (10
1409 706 1551 737 Lavania
1584 707 1701 739 domini
1730 719 1814 749 pape

173 751 367 782 subdiacono
393 755 425 782 et
448 752 637 793 cappellano
662 763 697 783 ac
726 754 822 783 etiam
847 753 877 783 in
902 753 1018 784 Tuscia
1041 754 1121 784 sacri
1145 754 1282 785 Romani
1309 757 1434 797 imperii
1450 758 1566 788 vicario
1591 760 1732 799 generali
1756 771 1813 800 pro

130 809 154 828 1⁰
171 803 283 834 illustri
308 806 340 834 et
362 803 530 844 magnifico
555 803 683 834 domino
706 803 847 834 Rodulfo
871 804 1090 835 Romanorum
1114 816 1190 846 rege
1215 807 1245 836 in
1270 807 1349 837 hanc
1374 808 1522 839 formam:

278 858 357 900 ‘Ego
380 858 516 889 Iacobus
541 859 701 900 quondam
725 859 844 890 domini
859 879 899 882 —
916 860 1095 891 revocetis.'
1136 872 1235 900 supra
1258 873 1308 894 ην.
1325 864 1385 893 615
1409 875 1433 894 c.
1450 866 1478 894 4.

276 915 319 946 Et·
346 926 403 946 vos
436 915 581 957 predicta
609 917 796 956 receperitis
825 920 857 946 et
879 917 1122 957 responderitis,
1154 917 1239 958 quod
1276 919 1371 949 eratis
1405 924 1534 959 paratus
1570 931 1607 951 ea
1631 932 1757 951 servare
1783 925 1815 952 et

171 971 280 998 tenere
305 968 431 998 comuni
455 967 599 1007 Senensi,
623 971 719 1008 prout
743 971 775 998 et
799 971 951 1008 quantum
976 968 1016 999 de
1040 969 1108 999 iure
1133 969 1289 1000 servanda
1315 974 1346 1000 et
1370 971 1508 1001 tenenda
1532 975 1646 1004 essent,
1671 974 1750 1003 sicut
1774 973 1814 1003 de

171 1019 231 1049 hiis
254 1029 412 1059 apparere
435 1022 543 1060 potest
566 1030 624 1060 per
647 1019 775 1060 publica
799 1020 1019 1059 iustrumenta,
1044 1025 1076 1051 et
1098 1031 1154 1051 vos
1176 1021 1409 1062 nichilominus,
1433 1023 1620 1063 supradictis
1645 1026 1758 1065 spretis
1783 1028 1815 1055 et

131 1080 153 1097 15
171 1081 233 1102 non
261 1072 395 1101 servatis
428 1074 460 1102 et
487 1072 668 1112 cognitione
700 1082 763 1102 non
790 1071 897 1102 habita
931 1083 1026 1112 supra
1057 1073 1133 1113 ipsis
1170 1076 1202 1104 ct
1234 1074 1470 1104 examinatione
1503 1083 1533 1105 et
1557 1077 1815 1115 pronuntiatione

172 1122 278 1163 aliqua
300 1133 361 1153 non
387 1123 562 1163 premissis,
595 1123 815 1163 processeritis
844 1123 931 1153 salva
960 1125 1139 1154 reverentia
1169 1127 1201 1155 et
1230 1125 1422 1156 excellentia
1446 1130 1551 1156 vestra
1579 1128 1680 1157 minus
1705 1127 1814 1158 debite

171 1178 280 1205 contra
303 1178 508 1215 potestatem,
534 1175 726 1215 quindecim,
750 1174 903 1205 officiales
928 1178 960 1205 et
984 1175 1149 1206 consilium
1173 1177 1309 1206 civitatis
1327 1177 1476 1207 Senensis
1501 1182 1532 1208 et
1549 1182 1657 1208 contra
1681 1189 1815 1209 comune.

170 1227 267 1267 ipsius
292 1227 426 1257 civitatis
449 1227 481 1257 in
504 1227 584 1257 hanc
609 1226 758 1257 formam:

279 1282 327 1312 ‘In
351 1282 445 1313 Oristi
468 1283 595 1313 nomine
620 1293 723 1313 amen.

129 1345 153 1364 20
277 1338 318 1378 (I)
355 1338 459 1374 Quum
484 1342 626 1378 potestas
651 1342 683 1368 et
707 1338 887 1378 quindecim
913 1344 945 1368 et
969 1338 1104 1379 quilibet
1128 1339 1281 1369 officiales
1304 1350 1400 1380 super
1423 1340 1654 1380 gubernatione
1679 1342 1814 1372 civitatis

234 1389 410 1430 Sen(ensis)
451 1390 597 1430 deputati
634 1400 758 1420 necnon
798 1390 963 1420 consilium
1000 1394 1032 1420 et
1070 1401 1204 1421 conume
1241 1390 1324 1421 dicte
1358 1397 1440 1422 terre
1474 1393 1560 1422 citati
1597 1396 1628 1423 et
1671 1394 1813 1434 requisiti

234 1442 361 1473 fuerunt
394 1452 435 1471 ex
468 1444 560 1482 parte
588 1441 757 1472 reverendi
786 1442 843 1472 viri
870 1442 989 1472 domini
1022 1442 1189 1479 Percivalli
1227 1442 1266 1473 de
1295 1443 1438 1473 Lavania
1473 1443 1590 1474 domini
1619 1455 1703 1485 pape
1738 1445 1812 1475 sub-

233 1493 380 1524 diachoni
405 1496 437 1524 et
460 1493 641 1534 cappellani
667 1504 703 1523 ac
728 1494 825 1523 etiam
849 1494 881 1523 in
904 1493 1020 1524 Tuscia
1050 1498 1081 1524 et
1110 1494 1177 1524 eius
1201 1495 1400 1534 pertinentiis
1424 1496 1504 1524 sacri
1528 1494 1663 1525 Romani
1689 1497 1813 1537 imperii

232 1545 340 1576 vicarii
375 1545 534 1586 generalis
572 1555 630 1585 per
659 1546 803 1575 nuntium
835 1548 867 1575 et
907 1545 1034 1575 licteras
1069 1545 1187 1575 domini
1216 1546 1325 1575 vicarii
1352 1546 1540 1586 supradicti,
1570 1548 1717 1587 quatinus
1756 1559 1814 1588 per

127 1607 150 1626 2⁵
232 1597 387 1628 sindicum
403 1597 546 1637 legitime
565 1596 746 1627 ordinatum
763 1600 795 1627 ct
811 1597 993 1637 solempnes
1009 1597 1235 1627 ambaxatores
1260 1597 1310 1627 die
1328 1597 1418 1627 XXI.
1436 1599 1553 1628 mensis
1576 1598 1649 1628 Iulii
1666 1600 1812 1639 proxime

233 1649 378 1690 preteriti
400 1649 433 1679 in
456 1651 559 1679 castro
584 1648 692 1679 Sancti
716 1648 856 1679 Miniatis
880 1649 921 1679 ad
945 1649 1180 1689 parlamentum
1204 1659 1309 1678 coram
1338 1649 1407 1689 ipso
1431 1649 1558 1679 domino
1583 1651 1700 1680 vicario
1725 1662 1810 1681 com-

233 1711 347 1741 parere
377 1700 533 1731 deberent
565 1700 606 1731 ad
639 1700 855 1731 obediendum
888 1703 919 1730 et
948 1700 1126 1740 parendum
1151 1700 1310 1730 mandatis
1338 1701 1451 1741 ipsius,
1486 1701 1570 1741 quod
1603 1701 1709 1732 facere
1738 1713 1812 1732 con-

234 1755 413 1793 tepserunt,
446 1763 581 1793 cumque
612 1753 709 1782 etiam
737 1752 768 1782 in
793 1752 877 1782 dicto
903 1752 1103 1792 pai-lamento
1128 1752 1254 1792 publice
1280 1752 1465 1782 mandatum
1490 1752 1599 1787 fuerit,
1624 1757 1811 1794 preceptum

234 1808 265 1834 et
287 1805 475 1845 requisitum
500 1814 541 1834 ex
564 1807 655 1844 parte
681 1803 755 1833 dicti
780 1803 898 1833 domini
922 1804 1031 1834 vicarii
1056 1803 1201 1834 omnibus
1222 1804 1391 1844 episcopis,
1416 1804 1573 1843 abatibus,
1598 1804 1755 1844 prioribus
1780 1809 1814 1835 et

128 1866 152 1885 3⁰
233 1855 303 1886 aliis
326 1855 457 1896 prelatis
482 1855 735 1896 quibuscumque
760 1855 922 1895 provincie
947 1855 1061 1885 Tuscie
1087 1858 1118 1885 et
1142 1855 1405 1895 pertinentiarum
1431 1855 1589 1886 eiusdem.
1626 1856 1812 1886 comunibus

232 1908 395 1938 civitatum
437 1917 561 1937 necnon
593 1907 708 1937 ceteris
748 1906 994 1936 comunitatibus
1025 1910 1218 1945 castrorum,
1260 1906 1447 1947 burgorum,
1482 1906 1628 1937 villarum
1668 1907 1811 1938 eiusdem

232 1960 393 2000 provincie
428 1969 464 1989 ac
499 1958 627 1989 sindicis
656 1962 688 1989 et
715 1958 973 1999 p1·‹1»cu1·at‹‚›1-ibus
1007 1962 1039 1989 et
1067 1958 1330 1989 ambaxatoribus
1360 1962 1392 1989 et
1422 1959 1538 1988 nuntiis
1567 1959 1740 1989 earundem
1775 1969 1812 1989 ac

233 2011 378 2041 omnibus
412 2014 445 2041 et
478 2011 609 2051 singulis
639 2010 890 2045 nmrohionibus,
926 2010 1108 2049 comitibus,
1145 2011 1336 2050 capitaneis,
1370 2010 1602 2049 valvasoribus,
1638 2010 1812 2041 lambardis

232 2063 410 2103 ceterisque
446 2062 619 2092 baronibus
655 2066 687 2092 et
720 2061 880 2092 nobilibus
914 2062 1074 2102 provincie
1106 2061 1267 2092 antedicte
1307 2072 1343 2091 ac
1378 2063 1518 2102 ipsorum
1553 2062 1813 2101 procuratoribus

126 2122 150 2141 35
234 2119 265 2144 et
292 2114 424 2153 nuntiis,
458 2114 488 2144 in
517 2125 578 2154 quo
610 2113 809 2154 parlamento
837 2114 920 2144 inter
951 2116 1076 2143 ceteros
1106 2113 1185 2143 alios
1214 2116 1303 2143 erant
1334 2117 1499 2153 presentes
1530 2113 1756 2143 ambaxatores
1780 2118 1814 2143 ct

234 2165 371 2195 sindicus
395 2165 531 2195 civitatis
555 2164 745 2206 Sen(ensis),
824 2164 909 2205 quod
933 2165 1076 2194 facerent
1100 2168 1132 2194 et
1155 2168 1337 2204 prestarent
1360 2168 1392 2194 et
1416 2165 1483 2194 fieri
1509 2168 1541 2195 et
1565 2165 1699 2205 prestari
1724 2165 1810 2194 face-

232 2220 303 2246 rent
343 2216 428 2246 dicto
464 2216 592 2247 domino
635 2216 768 2255 vicario,
810 2216 978 2256 recipienti
1017 2216 1144 2245 nomine
1181 2219 1213 2245 et
1246 2216 1314 2245 vice
1352 2215 1539 2246 excellentis
1579 2220 1610 2246 et
1651 2217 1810 2256 magnifici

232 2267 381 2308 principis
416 2268 536 2298 domini
570 2267 698 2298 Rodulfi
732 2267 862 2297 illustris
896 2267 1114 2298 Romanorum
1150 2267 1234 2307 regis
1270 2270 1302 2296 et
1337 2277 1464 2307 semper
1499 2268 1624 2307 augusti
1661 2272 1691 2297 et
1730 2267 1810 2297 sacri

231 2318 368 2349 Romani
408 2319 550 2359 imperii,
591 2324 623 2349 ct
663 2319 720 2349 sibi
756 2323 919 2359 tamquam
960 2319 1077 2349 vicario
1117 2318 1279 2348 fidelitatis
1314 2318 1423 2349 debite
1462 2319 1674 2349 iuramentum
1710 2329 1809 2358 usque

127 2374 151 2392 4⁰
232 2369 272 2400 ad
300 2370 464 2401 Kalendas
493 2372 629 2411 Augusti
669 2372 814 2411 proxime
846 2374 920 2400 tunc
957 2373 1120 2405 venturas,
1156 2372 1188 2399 et
1222 2369 1307 2409 quod
1341 2369 1556 2403 dimicterent,
1596 2370 1807 2400 restituerent.

232 2421 431 2462 assignarent
466 2426 497 2453 et
525 2423 745 2463 reasignarent
772 2422 872 2453 libere
903 2423 960 2462 ipsi
992 2421 1118 2451 domino
1149 2421 1266 2451 vicario
1295 2424 1327 2451 et
1355 2422 1385 2451 in
1410 2422 1507 2461 ipsius
1538 2421 1682 2451 manibus
1711 2428 1807 2461 atque

231 2476 406 2513 potestate,
442 2474 610 2514 recipienti
645 2484 707 2514 quo
747 2484 858 2514 supraq
893 2474 998 2503 omnia
1032 2472 1130 2511 bona,
1165 2472 1398 2502 iurisdictiones
1439 2476 1470 2502 et
1509 2474 1576 2502 iura
1618 2472 1807 2511 pertinentia

232 2526 265 2553 et
287 2526 465 2564 spectantia
490 2535 690 2565 quocumque
716 2526 782 2555 iure
810 2525 861 2555 vel
890 2524 984 2555 modo
1014 2524 1055 2554 ad
1087 2534 1210 2554 sacrum
1234 2523 1412 2554 Romanum
1438 2525 1604 2563 imperium
1630 2528 1661 2552 ct
1685 2533 1806 2553 memo-

228 2578 331 2605 ratum
366 2576 529 2606 dominum
563 2587 673 2616 regem
708 2586 807 2616 usquc
844 2576 885 2606 ad
920 2576 1088 2605 terminum
1124 2575 1354 2615 supradictum,
1391 2579 1422 2604 ct
1456 2574 1540 2614 quod
1575 2574 1741 2603 obedirent
1776 2577 1807 2603 et

126 2631 150 2650 4⁵
232 2631 382 2666 parerent
409 2627 468 2658 sibi
496 2630 658 2668 tamquam
685 2627 801 2657 vicario
830 2627 947 2667 prefati
977 2627 1095 2657 domini
1125 2627 1208 2665 regis
1239 2631 1271 2656 ct
1300 2627 1380 2656 sacri
1408 2626 1544 2655 Romani
1576 2625 1711 2665 imperii.
1745 2635 1805 2664 que

233 2678 337 2708 omnia
362 2680 506 2719 precepit
530 2680 597 2709 fieri
623 2684 654 2709 et
679 2679 841 2709 observari
866 2678 985 2709 debere
1010 2678 1067 2708 sub
1091 2688 1174 2718 pena
1200 2679 1266 2707 cius
1290 2677 1419 2707 arbitrio
1445 2676 1618 2706 aufcremla
1642 2686 1740 2715 usque
1765 2675 1803 2705 ad

234 2730 402 2760 terminum
432 2729 643 2763 antedictum,
675 2734 709 2759 ut
741 2729 886 2770 predicta
922 2730 1027 2759 omnia
1057 2732 1088 2758 et
1120 2728 1243 2767 singula
1273 2729 1303 2758 in
1335 2729 1412 2758 actis
1443 2728 1527 2756 0111·ἱο
1560 2728 1655 2767 ipsius
1688 2726 1804 2756 domini

232 2781 340 2812 vicarii
376 2783 583 2813 continentur.
674 2782 731 2820 ΛΠ)
757 2784 863 2816 Quare
889 2792 957 2811 cum
984 2787 1140 2821 potestas.
1172 2780 1368 2820 quindecim,
1404 2779 1582 2816 consilium,
1616 2788 1748 2808 0011111110
1774 2782 1805 2806 ct

1553 2838 1599 2862 753⁴*

1840 1603 1880 1623 1111.
1892 1605 1925 1623 21.

1838 2378 1892 2401 Aug.
1906 2380 1923 2397 1.
