2259 3164
481 668 633 722 HOC
676 668 885 722 TOMO
929 669 1502 727 CONTINENTUR:

262 785 458 817 Praefatio
487 810 1562 820 .....................

235 910 543 955 Supplementum
571 909 618 944 ad
646 909 672 943 F
676 909 819 944 riderici
848 909 889 944 ΙΙ.
919 912 954 944 et
982 909 1141 945 Conradi
1170 911 1228 946 IV.
1259 911 1564 947 Constitutiones.

254 976 377 1007 Notitia
401 975 441 1006 de
467 976 617 1016 precariis
641 976 804 1006 civitatum
830 979 862 1005 et
886 976 1041 1007 villarum.
1088 978 1212 1016 (1241.)
1257 977 1307 1012 (Ρ.
1326 963 1442 1017 de'est.)

329 1027 490 1058 Indieulus
514 1027 749 1068 geographicus
808 1051 1563 1060 ...............

687 1149 836 1183 Rudolfi
868 1149 963 1193 regis
992 1149 1295 1185 Constitutione&

194 1219 305 1246 1-11,
329 1216 499 1246 Tractatus
523 1215 562 1245 de
588 1215 756 1245 electione.
808 1216 895 1245 1173.
921 1214 987 1245 Ian.
1006 1215 1157 1248 6‚-Oct.
1181 1219 1225 1246 11.
1287 1240 1561 1247 ......

280 1271 305 1299 l.
330 1267 528 1308 Compositio
558 1267 640 1296 inter
668 1266 946 1306 archiepiscopum
975 1266 1199 1297 Coloniensem
1233 1271 1264 1297 et
1292 1268 1441 1298 comitem
1469 1267 1564 1298 Pala-

476 1319 577 1349 tinum
601 1329 658 1359 per
682 1318 904 1358 Moguntinum
928 1318 1022 1349 facta.
1070 1319 1135 1349 Ian.
1154 1321 1182 1350 6.
1229 1320 1279 1355 (P.
1298 1320 1414 1361 deest.)
1451 1346 1456 1350 .
1505 1345 1510 1350 .
1559 1345 1564 1350 .

276 1373 304 1401 2.
329 1370 497 1401 Tractatus
521 1371 604 1400 inter
619 1369 895 1410 archiepiscopum
912 1370 1135 1410 Moguntinum
1160 1374 1192 1401 et
1216 1372 1366 1402 comitem
1382 1371 1565 1402 Palatinum

477 1422 516 1452 de
541 1421 660 1452 auxilio
685 1422 820 1451 invicem
844 1422 1048 1462 praestando.
1095 1422 1161 1453 [an.
1184 1425 1230 1453 17.
1277 1423 1327 1463 (P.
1346 1423 1462 1463 deest.)
1503 1448 1508 1453 .
1556 1448 1562 1454 .

277 1476 304 1505 3.
330 1473 602 1515 Oompromissum
626 1473 790 1503 civitatum
807 1473 1035 1504 Rhenanarum
1054 1476 1086 1504 et
1102 1473 1407 1505 Wetteraviensium
1425 1475 1464 1505 de
1482 1475 1565 1515 regis

483 1526 651 1556 electione.
698 1525 792 1555 Febr.
811 1528 838 1555 5.
885 1525 935 1561 (P.
956 1526 1041 1561 382.)
1078 1550 1564 1556 ..........

275 1580 303 1607 4.
328 1576 410 1607 Unio
435 1577 669 1618 archiepiscopi
693 1576 892 1607 Coloniensis
917 1580 948 1606 et
972 1577 1096 1606 comitis
1113 1577 1252 1607 Palatini
1277 1577 1316 1607 de
1334 1577 1453 1607 auxilio
1471 1587 1564 1617 prae-

474 1628 599 1659 stando.
646 1628 772 1658 1u1.10.
819 1628 869 1663 (P.
888 1628 1004 1668 deest.)
1078 1652 1566 1660 ..........

277 1684 305 1711 5.
330 1680 499 1710 Tractatus
522 1681 605 1710 inter
621 1679 898 1720 arehiepiscopum
915 1679 1138 1720 Moguntinum
1163 1684 1194 1710 et
1216 1681 1366 1710 comitem
1382 1680 1565 1710 Palatinum

478 1731 518 1761 de
544 1731 701 1762 electione
727 1731 820 1771 regis.
869 1730 956 1771 Sept.
981 1734 1002 1761 l.
1050 1731 1100 1771 (P.
1126 1731 1242 1771 deest.)
1290 1756 1564 1762 ......

275 1786 302 1815 6.
328 1783 410 1814 Unio
428 1783 605 1824 principum
622 1783 796 1813 electorum
816 1782 854 1812 de
872 1782 1089 1813 Romanorum
1107 1783 1191 1823 regis
1208 1783 1376 1813 electione.
1413 1782 1500 1823 Sept.
1519 1786 1526 1812 l
1542 1786 1564 1813 1.

477 1834 526 1875 (P.
553 1834 669 1871 deest.)
700 1858 1563 1864 .................

277 1889 304 1918 7.
335 1886 509 1916 Promissio
542 1887 627 1926 regis
663 1885 702 1915 de
735 1886 871 1926 pecunia
907 1885 1149 1926 archiepiscopo
1184 1886 1367 1915 Trevirensi
1401 1885 1562 1915 solvenda.

477 1938 547 1967 Oet.
575 1939 601 1968 7.
648 1937 698 1978 (P.
718 1937 833 1977 deest.)
914 1961 1564 1968 .............

276 1992 303 2021 S.
329 1992 356 2021 9.
382 1990 562 2021 Consensus
593 1989 768 2019 electorum
801 1989 1090 2019 ecclesiasticorum
1124 1989 1163 2019 de
1195 1989 1311 2019 debitis
1342 1989 1426 2029 regis
1450 1989 1565 2019 mortui

476 2040 689 2071 absolvendis.
737 2040 807 2070 Oct.
827 2042 854 2070 S.
902 2040 951 2076 (P.
979 2040 1094 2081 deest.)
1131 2064 1562 2071 .........

257 2096 303 2123 10.
329 2092 508 2123 consensus
537 2092 712 2122 electorum
742 2092 954 2122 saecularium
983 2092 1022 2122 de
1047 2092 1172 2124 eodem.
1219 2092 1289 2123 Oct.
1307 2094 1335 2122 8.
1381 2092 1432 2131 (P.
1449 2091 1564 2131 deest.)

258 2148 302 2175 11.
330 2144 503 2175 Promissio
529 2144 646 2174 domini
672 2143 711 2173 de
729 2143 910 2173 Hoheneok
934 2142 973 2173 de
998 2143 1172 2184 insignibus
1196 2144 1359 2184 regalibus
1383 2143 1564 2173 reddendis

478 2195 547 2233 Oct.
571 2198 615 2225 11.
663 2195 713 2231 (Ρ.
740 2195 856 2232 deest.)
920 2217 1564 2226 .............

173 2248 219 2277 12.
258 2249 303 2278 13.
329 2247 525 2277 Protestatio
551 2246 590 2276 de
616 2245 748 2276 discidio
780 2247 862 2276 inter
885 2246 1143 2286 archiepiscopos
1168 2249 1245 2276 orto.
1299 2247 1387 2276 1273.
1427 2245 1496 2275 Oct.
1515 2248 1563 2275 24.

258 2301 305 2329 12.
330 2298 526 2328 Protestatio
551 2298 635 2338 regis
660 2301 692 2327 et
716 2298 836 2337 regine.
883 2297 934 2338 (P.
960 2297 1076 2335 deest.)
1129 2320 1564 2328 .........

259 2352 303 2381 13.
330 2349 449 2380 Charta
474 2350 597 2380 oornitis
620 2348 770 2378 Palatini.
817 2348 867 2389 (P.
893 2348 1009 2385 deest.)
1077 2372 1564 2380 ..........

172 2403 304 2432 14—16.
329 2400 548 2441 Promulgatio
574 2400 749 2430 electionis.
796 2398 904 2439 (1273.
929 2402 1001 2439 post
1025 2399 1095 2430 Oct.
1114 2400 1178 2439 24.)
1236 2422 1563 2430 .......

257 2455 303 2483 14.
329 2452 504 2483 Decretum
528 2452 704 2492 principum
729 2461 833 2491 papae
858 2450 1024 2481 directum.
1071 2450 1122 2491 (P.
1147 2452 1233 2490 393.)
1292 2473 1565 2481 ......

257 2507 302 2534 15.
328 2503 729 2544 Litterae*archiepiscopi
754 2502 931 2543 Moguntini
955 2501 996 2532 ad
1020 2512 1146 2542 papam.
1194 2502 1244 2541 (P.
1271 2504 1331 2531 393
1356 2504 1419 2531 not.
1438 2503 1480 2539 6.)
1506 2526 1510 2530 .
1560 2525 1565 2530 .

259 2557 305 2585 16.
330 2555 474 2585 Litterae
499 2555 584 2595 regis
607 2554 785 2584 Bohemiae
810 2553 850 2583 ad
874 2564 1000 2593 papam.
1047 2553 1097 2592 (P.
1116 2553 1231 2593 deest.)
1290 2576 1562 2584 ......

172 2609 304 2637 17—19.
330 2606 511 2637 Infeudatio
536 2606 778 2646 burcgraviatus
802 2605 1090 2645 Noriiubergensis.
1140 2607 1229 2635 1273.
1256 2606 1325 2635 Oct.
1345 2607 1393 2635 25.
1452 2629 1457 2633 .
1505 2628 1511 2634 .
1558 2628 1562 2633 .

258 2659 305 2688 17.
330 2658 539 2698 Privilegium
563 2658 657 2698 regis.
703 2656 754 2696 (P.
773 2656 888 2695 deest.)
916 2678 1563 2688 .............

257 2710 304 2740 18.
330 2710 510 2739 Consensus
534 2708 709 2739 electorum
734 2707 1034 2738 ecclesiasticorum.
1081 2707 1130 2746 (P.
1149 2707 1264 2744 deest.)
1289 2731 1295 2737 .
1344 2731 1349 2737 .
1398 2730 1403 2735 .
1451 2731 1456 2735 .
1504 2730 1509 2735 .
1557 2729 1562 2734 .

258 2762 305 2790 19.
332 2759 512 2790 consensus
538 2759 713 2790 electorum
738 2758 958 2788 saecularium.
1005 2757 1056 2797 (P.
1075 2758 1191 2798 deest.)
1238 2780 1562 2788 .......

171 2812 221 2842 20.
244 2811 432 2842 Mandatum
456 2810 607 2851 generale
632 2809 672 2839 de
697 2808 1046 2850 pacisreformatione.
1093 2810 1133 2850 (c.
1157 2811 1259 2847 1273.)
1305 2808 1354 2848 (P.
1374 2810 1459 2847 394.)
1505 2832 1510 2837 .
1558 2830 1564 2836 .

273 2879 309 2896 LL.
328 2877 540 2895 CONSTlTUTlONES
559 2877 591 2894 111.

1657 1632 1668 1659 1
1675 1631 1692 1659 0
