2259 3164
113 732 123 749 5

104 1171 125 1190 10

108 1426 129 1445 15

109 1939 132 1957 25

112 2195 135 2213 30

113 2450 135 2468 35

115 2706 138 2724 ⁴0

516 195 669 222 RUDOLFI
690 195 792 222 REGIS
812 195 1129 224 CONSTITUTIONES.
1168 199 1239 225 1289.
1276 199 1392 227 N1·.4145.
1703 204 1763 233 409

147 409 238 460 416.
270 408 363 460 417.
397 406 736 460 LEGATIO
769 407 875 460 AD
909 407 1329 462 NICOLAUM
1368 411 1452 463 [V.
1488 411 1763 464 PAPAM.

795 509 900 544 1289.
948 509 1035 554 Apr.
1063 511 1116 545 13.

254 608 329 640 (Jum
350 609 466 648 scriptu.
490 610 570 648 reglis
592 610 635 640 ad
649 610 728 641 hauc
744 610 922 649 [afflationem
938 612 1109 649 spectantia
1131 622 1194 641 nouv
1209 612 1374 650 supersint,
1393 612 1598 650 Jqummvnns
1622 623 1767 651 responsa

144 661 299 701 pontificis
327 661 418 691 1269.
442 662 520 700 Apr.
548 664 596 691 13.
626 662 715 700 dala,
744 672 823 701 quau
854 663 886 692 ins
915 662 1068 702 Rayistris
1096 663 1248 693 tabularii
1277 664 1384 693 secreti
1420 663 1563 693 Uaticani
1594 666 1766 693 serratam.

153 713 288 745 Ceterum
311 713 350 751 cf.
373 724 408 744 ea
431 724 510 753 quac
532 714 568 744 in
591 713 664 753 Req.
682 714 753 754 imp.
776 713 936 747 VL2224.
960 715 1068 745 :220112
1091 717 1292 756 exponuntur
1314 718 1341 746 et
1367 715 1452 753 itifm
1477 716 1610 746 1012452.

645 876 721 908 416.
745 877 985 908 LITTERAE
1006 878 1278 909 PONTIFICIS.

257 937 451 968 Contulimus
492 938 669 977 Reyistrum
703 938 828 969 Νῖσοῖιιὶ
860 938 882 969 I
890 938 919 970 V.
949 941 1018 970 tom.
1040 939 1063 969 I
1065 964 1070 973 ,
1110 939 1171 969 iam
1210 939 1245 969 m
1279 939 1356 969 serie
1392 939 1603 978 Reyt'strorum
1634 941 1703 971 fem.
1729 941 1769 968 44

147 988 203 1030 fol.
219 990 290 1019 307¹
314 992 357 1028 (a.
374 989 420 1019 Il.
445 999 487 1028 ep.
513 1000 578 1019 cur.
598 991 660 1028 10).
686 1011 726 1014 —
753 989 894 1020 Potthast
917 990 1032 1021 22934.
1071 990 1221 1027 Ro‘hmcr,
1254 990 1324 1029 Regy.
1345 991 1414 1029 imp.
1440 990 1491 1027 VI,
1507 990 1600 1021 2224.

1497 1041 1532 1071 P.
1557 1042 1645 1072 (locst.

255 1092 424 1124 Carissimo
449 1093 480 1124 in
505 1092 634 1124 Christo
658 1093 721 1124 filio
746 1093 783 1124 R.
809 1094 875 1135 regi
899 1093 1116 1124 Romanorum
1139 1093 1262 1124 illustri.
1480 1048 1493 1081 ζ
1643 1043 1661 1081 )

254 1152 300 1194 (l)
325 1153 435 1195 Nuper
458 1153 497 1184 ad
521 1156 662 1184 nostram
688 1154 879 1195 presentiam
904 1153 1096 1184 accedentes
1121 1153 1255 1184 dilectos
1286 1153 1367 1183 filios
1393 1153 1522 1183 fratrem
1547 1153 1766 1183 Bruchardum

152 1205 332 1246 magistrum
350 1204 558 1246 Hospi(talis)
575 1208 684 1236 sancte
703 1205 803 1236 Marie
820 1205 1090 1236 Tlieotonieorum
1114 1204 1363 1236 Ierosolimitani
1388 1208 1420 1236 et
1442 1205 1629 1245 magistrum
1652 1204 1769 1235 Henri-

154 1267 221 1287 cum
244 1256 517 1298 prothonotarium
550 1259 654 1294 tuum,
690 1258 776 1298 regie
805 1257 1001 1288 celsitudinis
1030 1257 1176 1295 nuntios,
1201 1257 1339 1287 libenter
1362 1256 1498 1286 vidimus
1533 1258 1564 1286 et
1594 1257 1769 1286 affectuose

153 1308 325 1350 recepimus
349 1308 466 1338 intuitu
490 1308 679 1339 destinantis
705 1311 736 1339 et
759 1319 820 1350 que
837 1319 943 1339 coram
968 1309 1059 1339 nobis
1084 1319 1140 1350 per
1157 1319 1222 1347 eOS,
1247 1318 1326 1349 quos
1349 1307 1389 1338 de
1409 1307 1642 1338 sollecitudinis
1667 1307 1769 1338 studio

153 1359 423 1395 commendamus,
455 1370 495 1390 ex
525 1363 614 1401 parte
648 1360 736 1401 regia
759 1360 848 1390 fuere
879 1360 1057 1401 proposita,
1089 1360 1227 1400 benigno
1252 1359 1361 1390 auditu
1387 1359 1588 1400 percepimus
1614 1359 1769 1400 plenoque

155 1410 337 1452 collegimus
361 1411 537 1443 intellectu.
582 1411 632 1442 Ex
657 1421 790 1452 quorum
815 1412 977 1442 revelante
1001 1412 1220 1453 propositione
1245 1410 1429 1447 didicimus,
1461 1410 1543 1451 quod
1567 1410 1770 1451 processibus

155 1462 261 1503 regiis,
296 1462 363 1494 eius
392 1473 411 1493 a
439 1473 501 1504 quo
530 1473 658 1504 gressus
679 1458 850 1494 *hominum
881 1463 1079 1504 diriguntur¹
1110 1463 1238 1494 favente
1271 1463 1456 1501 clementia,
1489 1465 1591 1492 estate
1627 1462 1772 1503 proxima

155 1516 299 1545 secutura
330 1514 396 1545 sive
426 1514 510 1545 circa
539 1515 641 1555 yemis
664 1515 769 1546 future
793 1514 999 1556 principium,
1030 1516 1055 1545 si
1079 1514 1118 1545 ad
1142 1514 1200 1545 hoc
1224 1514 1307 1545 sedis
1331 1513 1507 1555 apostolice
1531 1513 1769 1554 beneplacitum

157 1564 298 1604 accedat,
326 1565 465 1597 intendis
491 1566 648 1597 stabiliter
678 1566 717 1597 ad
741 1569 848 1608 partes
872 1566 980 1597 Ytalie
1005 1569 1035 1597 te
1061 1566 1219 1605 conferre,
1243 1565 1402 1607 dyadema
1433 1565 1558 1605 imperii
1587 1563 1625 1594 de
1658 1564 1772 1593 nostris

157 1616 296 1647 manibus
320 1620 425 1648 actore
442 1617 578 1648 Domino
602 1620 820 1659 suscepturus.
858 1617 968 1656 Porro,
992 1618 1037 1648 fili
1062 1618 1234 1653 carissime,
1259 1616 1404 1647 Romana
1428 1619 1529 1646 mater
1553 1615 1689 1646 ecclesia
1713 1615 1772 1645 sibi

157 1677 214 1698 non
238 1668 358 1709 absque
382 1669 474 1700 uberi
497 1669 711 1700 delectatione
736 1672 962 1700 commemorat
986 1680 1022 1699 ac
1046 1669 1165 1710 ingenti
1190 1668 1384 1699 iocunditate
1407 1669 1564 1703 recenset,
1589 1666 1672 1707 quod
1697 1676 1773 1706 erga

157 1718 252 1760 ipsam
277 1730 294 1750 a
317 1720 420 1761 longis
445 1724 528 1751 retro
554 1721 761 1762 temporibus,
787 1721 970 1762 priusquam
995 1721 1124 1751 honoris
1149 1720 1217 1761 regi
1242 1720 1368 1750 culmen
1393 1718 1594 1755 ascendereS,
1619 1721 1651 1748 et
1676 1717 1772 1748 etiam

157 1773 266 1810 postea
288 1771 409 1802 sincere
434 1771 613 1803 devotionis
646 1772 804 1803 fervorem
830 1775 861 1803 et
890 1772 1069 1803 reverentie
1094 1772 1198 1802 filialis
1222 1772 1388 1807 affectum,
1420 1781 1499 1811 quos
1530 1773 1680 1810 tanquam
1703 1768 1773 1799 Deo

156 1820 285 1853 devotus
316 1823 462 1865 princeps
491 1827 523 1854 et
550 1823 590 1854 ad
620 1834 717 1865 opera
748 1824 877 1866 pietatis
906 1824 1070 1865 expositus
1100 1823 1303 1854 laudabiliter
1333 1822 1517 1853 continuare
1550 1831 1613 1850 non
1644 1819 1773 1859 desinis,

156 1883 265 1913 gerere
289 1874 446 1905 studuisti.
492 1875 630 1917 Propter
653 1875 736 1916 quod
760 1876 876 1906 ancxia
893 1876 1033 1906 noscitur
1050 1875 1256 1916 redditurque
1275 1874 1420 1911 sollicita,
1444 1876 1478 1903 ut
1501 1883 1558 1913 per
1582 1882 1638 1902 sue
1656 1882 1772 1912 coope-

158 1925 285 1956 rationis
310 1926 457 1957 effectum
475 1927 710 1968 magnificentie
735 1930 788 1957 tue
813 1930 914 1957 status
931 1927 1079 1957 felicibus
1104 1937 1231 1968 semper
1246 1926 1396 1956 fulciatur
1412 1924 1580 1955 eventibus
1605 1925 1636 1953 et
1660 1922 1773 1951 votivis

159 1977 356 2009 successibus
384 1978 545 2018 foveatur,
578 1989 649 2009 eum
673 1979 809 2009 ecclesia
833 1978 958 2014 eadem,
990 1989 1050 2019 qne
1082 1982 1234 2019 quantum
1263 1988 1334 2007 cum
1358 1976 1427 2007 Deo
1457 1985 1549 2017 posse
1575 1984 1607 2005 se
1632 1973 1771 2008 extimat,

159 2029 308 2070 promptis
331 2030 499 2061 affectibus
524 2031 634 2060 annuit
658 2031 738 2060 votis
763 2030 836 2067 tuis,
861 2030 1021 2070 proprium
1046 2031 1173 2070 reputet
1197 2027 1401 2059 exaltationis
1426 2027 1513 2068 regie
1532 2027 1773 2056 incrementum.

158 2078 204 2120 (2)
226 2079 292 2111 Nos
316 2084 421 2112 autem
446 2092 542 2123 super
565 2081 623 2112 hiis
656 2092 725 2112 cum
757 2081 906 2112 fratribus
931 2081 1047 2111 nostris
1078 2081 1269 2111 contulimus
1294 2079 1463 2119 diligenter
1493 2080 1524 2108 et
1548 2076 1675 2107 tandem
1700 2086 1772 2105 con-

160 2130 303 2163 sideratis
328 2133 479 2164 attentius
496 2144 719 2175 perpensaque
737 2133 967 2163 deliberatione
989 2132 1141 2162 discussis
1167 2142 1226 2172 que
1253 2132 1283 2161 in
1308 2131 1387 2160 tanti
1406 2129 1629 2171 prosecutione
1654 2127 1774 2167 negotii

161 2184 374 2223 requiruntur,
398 2185 471 2225 quia
494 2185 635 2226 prefixus
660 2185 698 2215 de
723 2188 777 2215 tuo
801 2184 841 2215 ad
866 2194 1014 2214 coronam
1040 2183 1178 2213 adventu
1208 2183 1361 2213 terminus
1392 2179 1690 2222 supervenientibus
1715 2178 1771 2207 im-

161 2233 347 2274 pedimentis
379 2236 526 2267 cffectum
558 2247 620 2267 non
650 2236 777 2273 habuit,
814 2236 925 2266 honori
956 2235 1044 2276 regio
1070 2234 1227 2265 credimus
1252 2233 1420 2275 expedire,
1456 2235 1490 2261 ut
1514 2231 1552 2261 ad
1577 2234 1607 2261 te
1631 2232 1773 2260 nostrum

161 2285 298 2316 nuntium
329 2286 544 2325 mitteremus,
573 2298 630 2328 per
658 2297 751 2328 quem
781 2290 813 2317 ct
837 2290 889 2317 tue
914 2286 1006 2317 nobis
1030 2285 1214 2316 intentionis
1239 2295 1405 2326 processus
1432 2285 1555 2324 pateret
1579 2282 1719 2322 apertius
1744 2284 1775 2309 ct

161 2345 216 2366 nos
249 2337 436 2368 certitudine
468 2338 578 2369 habita
611 2338 745 2379 pleniori
787 2348 951 2378 possemus
993 2336 1174 2368 celsitudini
1213 2336 1299 2377 regie
1333 2335 1444 2365 melius
1478 2337 1509 2364 et
1544 2332 1774 2373 competentius

163 2388 360 2428 respondere.
405 2388 487 2419 Nam
512 2390 565 2420 alii
590 2390 634 2420 tui
658 2389 759 2419 nuntii
785 2392 895 2419 contra
919 2391 1060 2419 nostrum
1085 2389 1130 2418 cis
1149 2388 1328 2428 impensum
1352 2386 1527 2419 consilium,
1551 2384 1624 2414 dum
1650 2392 1774 2413 eramus

162 2437 192 2467 in
215 2439 323 2469 minori
346 2440 447 2471 officio
465 2441 638 2477 constituti,
664 2451 697 2470 se
721 2440 761 2470 ad
778 2440 966 2470 brevitatem
984 2440 1108 2469 termini
1127 2439 1256 2469 nimium
1275 2440 1469 2468 artaverunt.
1553 2434 1598 2474 (3)
1617 2434 1774 2463 Gerentcs

162 2488 254 2529 igitur
277 2490 315 2521 de
340 2491 514 2522 venerabili
538 2492 665 2532 f(ratre)
689 2491 826 2532 n(ostr0)
844 2491 1053 2521 Benevenuto
1079 2491 1229 2531 episcopo
1247 2489 1417 2529 Eugubino
1443 2489 1541 2518 latore
1568 2485 1773 2527 presentium,

163 2540 226 2571 viro
250 2542 356 2582 utiquc
389 2543 519 2584 provido
549 2546 580 2573 et
608 2543 746 2573 discreto
775 2553 811 2572 ac
841 2542 931 2572 nobis
956 2546 987 2572 et
1016 2541 1136 2571 eisdem
1161 2541 1310 2571 fratribus
1342 2540 1464 2570 meritis
1489 2548 1565 2569 suae
1594 2535 1773 2575 multiplicis

162 2591 325 2632 probitatis
353 2597 502 2635 accepto,
533 2594 680 2624 fiduciam
711 2594 741 2623 in
773 2593 910 2623 Domino
935 2593 1124 2634 pleniorem,
1155 2593 1257 2633 ipsum
1283 2591 1321 2622 ad
1346 2594 1376 2621 tc
1407 2592 1536 2631 propter
1568 2588 1626 2618 hor
1651 2586 1773 2627 speria-

162 2641 234 2673 liter
261 2643 471 2683 destinamus,
501 2646 725 2676 excellentiam
755 2645 876 2685 regiam
904 2648 1052 2685 rogantes
1084 2644 1238 2674 attentius
1271 2647 1303 2673 et
1333 2643 1516 2678 hortantes,
1545 2639 1694 2680 quatinus
1719 2646 1773 2677 pro

163 2697 269 2725 nostra
292 2698 323 2726 et
346 2697 520 2737 apostolice
546 2697 630 2728 sedis
655 2697 835 2727 reverentia
858 2696 1017 2737 prefatum
1041 2695 1228 2736 episcopum
1246 2694 1385 2733 benigne
1402 2691 1560 2732 recipiens
1585 2693 1616 2719 et
1640 2689 1772 2718 honeste

262 2796 286 2828 1)
307 2796 346 2828 Cf.
365 2797 439 2823 Pron.
452 2801 493 2830 20,
507 2802 545 2824 24.

260 2855 295 2873 Li„
306 2856 514 2875 (ῑοιὴςτιτυτι(ιιιιεῇΔ
527 2858 559 2875 ιιι,
894 2850 896 2853 “
1541 2841 1573 2865 5¹9
