2259 3164
83 741 106 759 1⁰

84 997 106 1015 15

84 1257 107 1277 20

86 1515 108 1535 25

87 1770 110 1789 ³0

89 2032 111 2051 ³5

504 169 660 196 RUDOLFI
679 167 784 195 REGIS
804 168 1123 195 CONSTITUTIONES.
1162 170 1235 196 1277.
1272 170 1389 197 Nr.139.
1700 174 1756 204 133

238 258 363 290 Tenere
391 258 593 299 presencium
622 257 905 298 recongnoseimus
936 260 968 287 et
998 256 1125 297 publice
1149 258 1349 298 profitemur,
1380 258 1463 299 quod
1494 270 1550 289 nos
1574 259 1662 289 iuxta
1686 270 1757 301 pre-

134 314 259 354 ceptum
284 310 477 341 dominicum
503 309 672 350 diligentes
697 308 831 350 pacem¹
856 312 888 338 et
913 308 980 339 eius
1004 308 1246 339 observanciam
1272 320 1343 340 eum
1368 310 1563 351 quibuslibet
1587 311 1758 341 christiane

132 363 296 405 religionis
319 361 493 393 cultoribus
519 364 551 392 et
575 361 726 402 precipue
760 371 831 391 cum
863 360 1066 391 serenissimo
1100 360 1228 391 domino
1260 365 1368 391 nostre
1398 362 1525 393 domino
1550 362 1687 393 Rudelfo
1711 363 1757 393 in-

132 416 204 447 clito
228 414 444 445 Romanorum
474 423 550 453 rege
580 423 707 454 semper
738 415 875 452 augusto
906 412 992 442 omni
1021 412 1272 453 promptitudine
1307 414 1436 454 spiritus
1465 415 1671 449 atl'ectanteS,
1703 425 1760 454 per

131 477 243 509 pacem
268 469 300 496 et
324 464 525 496 concordiam
549 464 632 494 inter
656 464 761 505 ipsum
786 463 948 494 dominum
980 467 1124 494 nostrum
1149 474 1257 505 regem
1290 476 1329 495 ex
1358 476 1420 495 uua
1453 469 1485 496 et
1514 476 1569 495 nos
1600 476 1639 496 cx
1669 469 1759 506 parte

132 518 233 549 altera
263 517 390 548 domino
419 516 456 548 Β.
487 515 663 547 venerabili
694 515 902 546 Olomueensi
933 516 1104 557 episcope,
1137 516 1280 546 Zmilone
1313 517 1503 557 purchravio
1536 517 1574 547 ‹le
1601 516 1759 551 Wctow³¹,

132 570 282 611 magistro
305 568 414 599 Ulrico
438 567 680 610 prothonotario
705 570 813 598 nostro
844 570 876 598 et
903 566 1031 598 nobileb
1056 568 1122 598 viro
1155 567 1284 598 domino
1308 567 1471 599 Friderico
1502 568 1690 610 purehravio
1722 568 1761 599 de

132 620 356 652 Nurembereh
380 619 555 651 novissime
573 619 766 657 ordinatam,
791 619 1003 660 conscriptam
1030 622 1061 649 et
1084 619 1185 649 eciam
1211 630 1229 649 a
1252 620 1377 660 prefato
1403 619 1529 649 domino
1555 622 1661 649 nostro
1685 630 1760 660 rege

132 676 226 715 atque
257 683 276 703 a
305 671 397 703 nobis
427 671 654 713 approbatam,
687 680 744 711 pro
779 669 922 700 solidiori
947 673 979 700 et
1002 669 1120 711 puriori
1144 670 1244 712 ipsius
1274 670 1363 711 pacis
1394 673 1425 701 et
1454 670 1622 701 concordie
1647 670 1760 701 funda-

132 728 237 756 mento
262 724 396 755 formam
422 723 656 764 assumpsimus
682 721 929 763 infrascriptam.

241 778 266 806 1.
290 775 327 806 In
352 775 463 817 primis
488 774 617 816 quidem
643 774 868 815 promittimus,
893 772 977 815 quod
1002 773 1192 815 promissam
1217 774 1306 814 pacis
1330 773 1566 804 ordinacionem
1591 774 1673 804 inter
1696 773 1760 804 dic-

132 832 198 860 tum
222 827 386 859 dominum
410 830 554 858 nostrum
571 837 681 867 regem
706 830 738 858 et
761 837 818 857 nos
835 837 891 868 per
909 826 1070 868 predictos
1088 826 1336 857 Olomucensem
1355 827 1552 868 episcopum,
1577 827 1763 863 Zmilonem,

131 880 318 921 magistrum
343 878 518 920 Ul(rieum)
544 882 576 910 et
598 878 825 921 purchravium
857 878 896 909 de
919 878 1143 909 Nuremberch
1168 879 1277 909 initam
1307 889 1362 909 sen
1393 881 1543 909 statutam
1576 882 1607 908 et
1631 878 1763 918 singulis

132 932 196 962 suis
221 931 360 962 articulis
385 930 582 961 servabimus
607 930 780 962 illibatam.
806 930 901 961 salvis
926 933 1034 961 tamen
1058 931 1199 961 omnium
1224 933 1381 961 terrarum
1406 933 1585 960 nostrarum
1611 929 1764 959 limitibus

134 984 199 1014 sive
224 983 356 1021 iuribus,
380 986 415 1013 ut
439 982 569 1013 easdem
586 986 689 1013 terras
714 986 746 1013 et
770 982 914 1013 homines
933 982 1105 1013 earundem
1130 982 1188 1013 sub
1212 982 1332 1013 eisdem
1351 982 1479 1012 omnino
1497 986 1663 1012 teneamus
1688 981 1763 1011 iuri-

131 1036 189 1066 bus
220 1038 252 1066 et
280 1034 540 1071 condicionibus,
574 1035 657 1065 sicut
687 1045 838 1075 umquam
868 1045 924 1065 nos
948 1034 998 1065 vel
1031 1035 1256 1076 progenitores
1281 1035 1380 1064 nestri
1404 1036 1577 1064 tenuerunt
1601 1032 1764 1064 eosde1n2.

237 1089 265 1118 2.
298 1087 368 1118 Hoc
399 1087 482 1118 idem
507 1087 650 1129 prefatus
679 1086 827 1117 dominus
860 1089 971 1117 noster
995 1096 1052 1117 rex
1090 1090 1242 1127 quantum
1272 1085 1311 1116 ad
1348 1096 1460 1126 pacem
1497 1085 1636 1126 pertinet
1669 1085 1766 1115 faciet

132 1139 199 1170 vice
223 1149 325 1170 versa.

240 1192 268 1222 3.
293 1190 430 1232 Insuper
454 1191 555 1222 eciam
579 1191 645 1232 ipse
670 1191 815 1223 dominus
844 1195 954 1223 noster
987 1202 1043 1222 rex
1068 1201 1124 1221 nos
1154 1193 1264 1221 contra
1288 1190 1447 1231 quoslibet
1470 1189 1561 1219 nobis
1585 1188 1763 1219 molestiam

132 1243 307 1274 inferentes
332 1253 389 1273 seu
419 1243 561 1284 irrogare
586 1243 733 1274 volentes
766 1244 988 1275 manutenebit
1018 1254 1054 1273 ae
1079 1243 1180 1273 eciam
1205 1242 1403 1279 defensabit,
1436 1245 1468 1272 et
1498 1252 1553 1271 nos
1586 1241 1615 1270 in
1641 1241 1764 1270 sincere

132 1294 314 1326 devocionis
338 1294 472 1326 evidens
496 1298 721 1336 argumentum
755 1299 864 1326 contra
889 1295 1050 1337 quoslibet
1078 1294 1162 1325 dieto
1196 1293 1322 1324 domino
1352 1296 1460 1323 nostro
1494 1293 1579 1333 regi,
1610 1296 1703 1333 prout
1727 1291 1766 1322 de

133 1346 199 1377 iure
223 1349 380 1385 tenemur,
406 1357 476 1377 eum
501 1350 610 1377 nostro
635 1347 755 1378 auxilio
781 1348 915 1388 eguerit,
940 1347 1000 1378 sibi
1025 1345 1251 1377 exhibebimus
1277 1345 1429 1375 auxilium
1455 1345 1612 1375 manuale.

239 1401 265 1428 4.
290 1398 443 1430 Preterea
475 1399 500 1429 si
528 1410 585 1440 pro
616 1399 741 1441 imperii
766 1399 961 1430 necessitate
995 1398 1098 1429 dietus
1124 1398 1269 1428 dominus
1294 1400 1402 1427 noster
1428 1407 1486 1427 rex
1510 1399 1651 1427 nostrum
1677 1396 1765 1426 auxi-

134 1450 209 1481 lium
237 1450 395 1491 petiverit,
420 1450 498 1480 illud
524 1450 586 1481 sibi
611 1451 849 1487 exhibebimus,
873 1454 966 1492 prout
990 1461 1046 1480 nos
1071 1449 1241 1480 decueritc.
1288 1448 1320 1479 Si
1345 1459 1431 1486 vcro,
1456 1453 1490 1478 ut
1522 1459 1591 1478 cum
1621 1448 1765 1489 ampliori

135 1502 250 1533 milicie
278 1502 426 1533 comitiva
450 1502 509 1544 ipsi
535 1502 662 1533 domino
688 1506 796 1533 nostro
820 1503 887 1543 regi
912 1513 968 1544 pro
994 1502 1119 1543 imperii
1144 1501 1335 1532 necessitate
1361 1501 1553 1544 serviamus,
1582 1510 1638 1530 nos
1670 1500 1766 1530 inter-

134 1554 304 1596 pellaverit
326 1554 430 1585 dietus
455 1554 601 1585 dominus
627 1558 735 1585 noster
759 1565 835 1592 rex,
861 1558 980 1585 extunc
1005 1553 1097 1584 nobis
1122 1552 1332 1584 consideratis
1358 1552 1484 1582 servicii
1510 1551 1608 1582 nostri
1633 1551 1765 1589 meritis,

134 1608 225 1647 prout
249 1605 319 1636 aliis
344 1606 541 1648 principibus
566 1606 672 1645 faciet,
697 1605 904 1647 respondebit
917 1606 939 1637 ³.

241 1660 270 1690 5.
293 1657 376 1688 Item
400 1658 424 1688 si
449 1668 505 1699 pro
529 1657 715 1699 recipiendo
740 1658 912 1699 imperialis
936 1657 1055 1698 fastigii
1079 1655 1270 1697 dyademate
1301 1655 1402 1685 dictus
1433 1654 1576 1685 dominus
1599 1658 1709 1684 noster
1733 1657 1765 1684 ut

137 1718 209 1739 eum
234 1709 429 1740 associemus
453 1720 510 1740 nos
535 1710 748 1751 requisiverit,
774 1720 830 1740 nos
854 1719 924 1739 cum
950 1708 1195 1747 associabimus,
1219 1710 1311 1749 prout
1328 1707 1367 1737 ad
1385 1707 1443 1737 hoc
1468 1707 1542 1736 iuris
1560 1706 1667 1736 debito
1685 1705 1765 1736 obli-

137 1769 257 1800 gamur.
302 1759 345 1790 Et
369 1761 394 1790 si
420 1771 518 1791 causa
541 1760 726 1791 racionabili
759 1771 816 1791 seu
844 1760 989 1800 legitima
1013 1758 1171 1801 prepediti
1202 1758 1259 1788 lioe
1289 1759 1394 1789 facere
1420 1758 1671 1799 nequiverimus,
1705 1756 1765 1786 sibi

135 1821 191 1852 pro
215 1811 304 1842 nobis
328 1815 460 1852 nostros,
484 1815 579 1853 prout
602 1812 757 1843 honorem
782 1816 925 1842 nostrum
949 1811 1103 1849 decuerit,
1128 1810 1310 1841 curabimus
1336 1810 1508 1841 destinare.

241 1866 269 1896 6.
294 1864 369 1906 Ipse
395 1868 503 1895 autem
536 1864 682 1895 dominus
714 1868 825 1895 noster
860 1875 917 1894 rex
948 1863 1038 1894 nobis
1067 1863 1148 1893 hanc
1178 1863 1318 1903 graciam
1343 1862 1450 1900 faciet,
1483 1861 1565 1902 quod
1599 1872 1655 1891 nos
1686 1860 1766 1891 infra

135 1916 318 1955 terminum,
351 1927 445 1957 quem
478 1916 611 1958 predicti
642 1916 865 1947 Olomucensis
897 1916 1062 1957 episcopus
1093 1918 1124 1945 ct
1152 1914 1188 1944 F.
1220 1914 1428 1956 purchravius
1460 1913 1578 1944 fuerint
1601 1912 1766 1947 moderati,

137 1967 251 1998 invitos
276 1968 316 1998 ad
341 1969 459 1999 curiam
486 1978 575 1999 suam
602 1968 752 1999 indictam
780 1968 957 1998 solenniter
981 1978 1042 1997 non
1068 1966 1271 2007 compellct³⁰

245 2021 273 2051 7.
296 2019 450 2051 Preterea
475 2019 657 2062 supradicte
687 2020 756 2062 paci
782 2024 814 2051 et
839 2019 1008 2050 concordie
1038 2029 1149 2049 omnes
1180 2021 1280 2049 terras
1311 2021 1453 2055 nostras,
1483 2016 1659 2052 adiutores,
1690 2026 1764 2046 con-

139 2071 344 2111 sanguineos,
375 2071 560 2109 servitores,
589 2072 735 2102 homines
761 2075 792 2102 et
816 2071 934 2102 amicos
966 2074 1093 2101 nostros
1123 2072 1155 2100 ct
1186 2070 1339 2111 precipue
1364 2069 1524 2099 dominum
1549 2068 1600 2099 Al.
1626 2068 1766 2098 inclitum

138 2122 347 2164 lantgravium
372 2123 547 2164 Thuringie
573 2127 604 2154 et
628 2123 791 2154 dominum
816 2123 875 2154 Th.
901 2123 1043 2153 inclitum
1060 2122 1278 2152 marchionem
1303 2121 1341 2151 de
1358 2120 1595 2161 Landespcrch,
1620 2120 1764 2156 comites,

139 2174 283 2213 barones,
308 2175 424 2206 milites
449 2178 481 2206 et
505 2175 742 2213 ministeriales,
767 2175 891 2206 nobiles
917 2178 947 2205 et
972 2175 1050 2205 alios
1069 2174 1238 2204 servitores
1264 2175 1296 2203 et
1313 2171 1475 2202 adiutores
1493 2175 1614 2202 nostros
1632 2170 1764 2201 includi-

139 2236 216 2256 mus·
273 2226 463 2268 Specialiter
491 2230 596 2257 autem
631 2226 822 2257 includimus
850 2227 1014 2257 dominum
1042 2225 1078 2256 L.
1108 2225 1251 2255 inclitum
1288 2234 1396 2264 regem
1432 2223 1589 2264 Ungarie,
1624 2226 1765 2253 nostrum

140 2279 411 2319 consanguineum
436 2282 470 2310 et
493 2279 633 2317 affinem,
657 2283 689 2310 et
712 2279 873 2310 dominum
892 2279 933 2309 H.
952 2279 1093 2309 inclitum
1119 2277 1231 2308 ducem
1249 2276 1457 2307 Wratislavie
1482 2286 1517 2306 ac
1536 2279 1657 2306 ceteros
1681 2275 1765 2315 prin-

141 2329 227 2371 cipes
250 2329 396 2369 Polonie,
422 2331 473 2372 qui
499 2331 599 2361 nostri
625 2334 698 2361 sunt
722 2331 950 2371 consanguinei
975 2332 1007 2360 et
1031 2329 1133 2360 amici,

246 2382 273 2412 8.
299 2381 391 2413 Circa
414 2383 656 2413 restitucionenl
681 2393 806 2424 quoque
830 2382 939 2423 gracie
966 2386 998 2412 et
1020 2381 1133 2411 iurium
1159 2390 1286 2410 suorum
1305 2380 1409 2409 omnia
1431 2378 1605 2410 secundum
1624 2382 1766 2409 tenorem

140 2432 281 2473 priorum
305 2434 545 2475 privilegiorum
565 2445 661 2476 super
678 2434 846 2465 eoncordia
871 2434 1029 2465 editorum
1047 2433 1245 2464 adiutoribus
1262 2435 1293 2462 et
1311 2431 1516 2463 servitoribus
1533 2430 1632 2471 ipsius
1650 2429 1765 2459 domini

144 2485 241 2515 nostri
265 2486 349 2526 regis
373 2489 405 2517 et
428 2487 546 2517 nostris
569 2487 664 2527 plene
688 2486 773 2517 fient.

247 2538 275 2567 9.
300 2537 454 2568 Preterea
479 2538 564 2575 illos,
595 2538 647 2579 qui
677 2538 715 2568 de
748 2538 839 2568 terris
864 2538 979 2568 nostris
1004 2537 1130 2568 domino
1154 2539 1261 2567 nostro
1286 2535 1426 2576 predicto
1451 2534 1586 2564 dui-aute
1611 2533 1765 2574 presentis

142 2597 255 2627 guerre
279 2591 422 2630 tempore
446 2590 617 2620 astiterunt
642 2593 673 2619 et
696 2590 851 2620 auxilium
881 2590 1091 2631 prebuerunt,
1122 2589 1214 2629 plene
1246 2590 1353 2618 nostre
1383 2586 1578 2616 restituiiuus
1603 2585 1709 2623 gravi«-
1735 2588 1764 2612 υί,

243 2690 304 2717 139·
324 2693 346 2724 ⁸)
367 2694 398 2718 lv
412 2694 489 2725 prior
507 2702 573 2719 corr.
593 2703 623 2718 αι’
642 2695 662 2718 Υ
682 2703 718 2718 07¹.
790 2693 814 2725 b)
833 2694 868 2718 ¹sic
887 2703 923 2718 or.
1006 2694 1028 2725 0)
1047 2693 1103 2717 sallo
1123 2692 1229 2716 ttetzlt'erz'
1245 2696 1332 2722 postea
1351 2691 1469 2721 scr-[plant
1490 2698 1537 2717 υνκῑ
1557 2690 1590 2721 cj'.
1610 2689 1679 2719 [usi-«1
1701 2698 1724 2711 ll.
1744 2696 1763 2711 ι’.

242 2785 267 2818 l)
285 2785 363 2812 Zach.
382 2790 405 2819 8,
420 2792 456 2813 19.
543 2788 569 2820 2)
590 2787 629 2821 (7f.
650 2788 699 2813 ium
719 2795 801 2819 supra
821 2796 861 2813 nr.
879 2790 928 2812 1:34.
1016 2786 1041 2818 3]
1068 2785 1094 2810 V.
1116 2784 1189 2816 infra
1211 2792 1250 2809 nr.
1267 2788 1318 2809 110.
