2259 3164
75 767 97 786 10

76 1031 96 1050 15

76 1288 100 1307 20

78 1545 102 1565 25

79 1804 102 1822 ³0

79 2063 102 2081 35

82 2369 106 2387 ⁴0

84 2638 106 2657 45

438 203 593 230 RUDOLFI
612 203 716 230 REGIS
736 203 1054 229 CONSTITU'J‘IONEs.
1093 205 1163 229 1276.
1202 205 1246 230 Nr.
1264 206 1386 231 113.114.
1688 208 1742 236 105

123 295 192 326 aliis
220 292 402 324 hominibus
428 291 682 332 quibuscumque
713 290 796 327 iure,
826 290 909 331 quod
939 291 968 320 in
998 291 1127 322 castris,
1153 292 1399 325 munii—ionibus,
1431 293 1684 332 possessionibus
1713 297 1744 323 et

123 345 236 384 feudis,
261 355 321 386 que
340 353 455 374 vacare
473 345 630 384 ceperunt
655 342 775 372 eisdem
801 342 832 372 in
850 341 996 372 districtu
1015 342 1098 372 dicte
1117 346 1208 374 terre.
1234 343 1352 372 liabent
1376 354 1431 373 seu
1450 344 1604 374 hactenus
1623 344 1743 374 babue-

123 400 204 429 runt.
249 395 292 426 Et
315 395 341 426 si
367 394 442 436 quid
465 394 605 424 defuerit
628 393 668 424 de
693 403 818 424 summa
842 394 988 435 superius
1018 395 1077 424 iam
1103 404 1258 434 expressa
1283 394 1312 424 in
1339 394 1514 425 redditibus
1540 396 1623 425 dicte
1649 400 1744 429 terre,

123 447 321 490 supplebitur
344 447 376 477 in
400 447 462 477 alia
486 448 577 487 parte
602 444 733 476 Austrie
759 445 837 475 eitra
862 445 1060 482 Danubium,
1093 449 1187 486 prout
1218 456 1275 474 nos
1300 449 1434 486 quatuor
1458 446 1590 476 arl›itri‘¹
1615 446 1743 476 duxeri-

124 510 193 531 mus
216 497 426 529 ordinandum
451 498 501 528 vel
526 497 579 538 qui
604 507 622 527 a
646 497 792 538 partibus
817 497 908 527 nobis
933 497 1051 527 fuerint
1075 497 1252 537 subrogati:
1286 501 1317 527 et
1348 498 1372 527 si
1398 498 1516 538 aliquid
1542 498 1745 539 superfuerit,

123 552 182 582 hoe
204 551 423 582 Romanorum
447 549 516 590 regi
544 552 576 580 et
606 549 739 590 imperio
769 549 836 579 sinc
861 548 1050 579 difficultate
1075 549 1217 589 qualibet
1241 549 1427 579 remanebit.
1467 550 1587 579 Verum
1613 550 1637 579 si
1663 550 1745 580 filius

124 603 208 644 regis
231 601 365 633 Boemie
390 601 458 632 sine
482 600 603 632 herede
631 600 816 638 decesserit,
841 600 925 631 dicta
950 603 1033 631 terra
1052 601 1134 631 ultra
1151 600 1334 630 Danubium
1360 612 1457 641 penes
1482 612 1592 641 regem
1611 601 1745 631 Boemie

123 654 223 696 tytulo
247 653 390 695 pignoris
414 653 594 684 remanebit
617 663 676 684 nec
700 652 738 685 ad
757 662 892 683 uxorem
917 653 1016 694 ipsius
1043 657 1089 683 ..⁰
1113 652 1209 682 filiam
1234 652 1317 692 regis
1335 652 1550 682 Romanorum
1576 653 1744 693 quicquam

124 706 162 737 de
192 705 284 736 bonis
315 704 498 735 huiusmodi
530 704 734 740 devolvetur,
769 707 800 734 et
828 703 973 734 dominus
1004 714 1061 733 rex
1090 703 1304 734 Romanorum
1330 704 1379 734 vel
1411 714 1613 734 successores
1647 704 1746 745 ipsius

124 758 239 789 dietam
270 760 388 788 terram
416 756 594 787 redimendi
623 767 679 798 pro
711 755 922 797 quadraginta
950 755 1077 785 milibus
1102 766 1279 786 marcarum
1313 756 1435 796 argenti
1466 766 1484 785 a
1514 766 1590 795 rege
1615 754 1747 785 Boemie

123 809 288 841 habebunt
311 808 443 839 liberam
469 808 668 839 facultatem.

228 862 256 892 9.
281 860 368 891 Inter
392 863 500 891 cetera
518 860 702 901 specialiter
719 860 919 895 arbitramur,
945 858 1028 899 quod
1053 858 1198 889 dominus
1216 861 1324 888 noster
1349 869 1403 889 rex
1423 858 1640 888 Romanorum
1666 858 1746 888 reci-

122 914 188 956 piat
218 912 404 954 specialiter
437 913 468 942 in
505 922 594 943 suam
626 912 765 952 graciam
797 915 827 941 et
855 911 997 941 favorem
1028 911 1226 941 Baltramum
1259 914 1290 941 et
1322 911 1509 951 magistrum
1541 909 1746 940 Cliunradum

123 965 279 997 notarium
306 964 391 995 cives
417 963 636 995 Wiennenses
666 974 737 994 cum
772 964 837 993 suis
869 962 1055 1005 parentibus
1085 965 1116 992 et
1140 962 1250 992 amicis
1276 965 1306 992 et
1331 962 1491 992 civitatem
1518 961 1748 991 NViennensem

125 1028 195 1048 cum
219 1015 366 1047 omnibus
384 1009 508 1047 civibus
532 1019 564 1046 et
580 1016 774 1054 hominibus,
798 1015 917 1045 iuribus
942 1019 973 1045 et
990 1014 1246 1056 possessionibus
1264 1014 1341 1054 ipsis
1360 1012 1567 1044 attinentibus
1593 1023 1650 1043 nec
1676 1023 1748 1053 per-

123 1069 228 1100 mittet
253 1078 308 1099 eos
325 1067 466 1099 indebite
484 1068 659 1106 molestari,
683 1067 893 1104 libertatibus,
919 1066 1093 1108 privilegiis
1119 1069 1151 1096 et
1169 1065 1423 1096 immunitatibus
1440 1075 1551 1095 eorum
1569 1074 1625 1105 per
1643 1063 1749 1093 omnia

124 1121 304 1159 reservatis,
330 1119 488 1151 revocatis
514 1119 662 1150 omnibus
686 1119 758 1149 latis
784 1119 957 1149 sentenciis
983 1121 1093 1148 contra
1119 1128 1182 1148 eos.

233 1174 280 1203 10.
304 1172 386 1203 Item
412 1171 594 1213 specialiter
610 1171 811 1207 arbitramur,
836 1170 920 1211 quod
944 1170 1094 1210 magister
1111 1168 1239 1199 Ulricus
1264 1168 1405 1198 notarius
1430 1168 1460 1197 in
1479 1167 1616 1197 ecclesia
1636 1165 1748 1196 VVien-

124 1224 215 1255 nensi
239 1234 296 1265 per
320 1234 429 1264 regem
454 1223 587 1254 Boemie
612 1226 826 1264 presentatus,
852 1222 974 1255 notarii,
999 1221 1157 1262 capellani
1182 1223 1214 1250 et
1239 1220 1292 1250 alii
1318 1219 1425 1249 clerici
1449 1219 1479 1249 in
1504 1222 1591 1248 terra
1609 1217 1750 1256 Austrie,

126 1276 231 1318 Styrie
261 1278 294 1306 et
323 1275 402 1306 alibi
433 1275 588 1306 ecclesias
612 1275 664 1305 vel
696 1274 916 1305 ecclesiastica
946 1273 1101 1304 beneficia
1135 1275 1165 1302 et
1197 1271 1418 1313 possessiones
1454 1269 1532 1300 alias
1569 1269 1750 1299 obtinentes

124 1330 232 1359 contra
255 1328 304 1358 ius
329 1327 514 1358 nullatenus
537 1326 749 1366 offendantur,
774 1326 976 1367 possessione
997 1325 1046 1355 vel
1065 1324 1155 1365 quasi
1172 1327 1280 1365 preter
1304 1322 1381 1353 iuris
1401 1321 1544 1351 ordinem
1564 1320 1749 1362 spolientur.

233 1381 280 1410 11.
304 1379 387 1410 Item
412 1378 662 1420 pronunciamus
688 1377 891 1414 arbitrando,
924 1376 1008 1418 quod
1038 1376 1170 1406 illustris
1200 1385 1258 1405 rex
1282 1373 1425 1414 Ungarie
1454 1383 1524 1403 curn
1554 1372 1618 1402 suis
1647 1370 1750 1412 quoad

126 1431 252 1473 plenam
282 1430 455 1461 amicitiam
485 1440 557 1461 eum
588 1429 716 1460 domino
748 1440 823 1470 rege
849 1428 981 1459 Boemie
1010 1438 1047 1458 ae
1078 1427 1143 1457 suis
1168 1426 1310 1468 presenti
1343 1424 1511 1455 concordie
1541 1422 1750 1455 includantur,

126 1483 171 1513 ita
195 1481 279 1524 quod
304 1482 454 1523 quicquid
478 1481 517 1513 de
543 1481 672 1519 castris,
703 1480 898 1516 civitatibus,
934 1479 1184 1515 municionibus,
1216 1477 1337 1508 iuribus
1368 1479 1399 1506 et
1433 1474 1693 1516 possessionibus
1721 1476 1751 1504 et

127 1534 306 1565 hominibus
331 1534 416 1575 regis
440 1532 583 1574 Ungarie
609 1536 697 1564 tenet
721 1533 770 1563 vel
795 1532 939 1574 possidet
962 1542 1019 1562 rex
1035 1530 1167 1561 Boemie
1192 1530 1259 1559 sive
1285 1528 1342 1566 sui,
1368 1528 1435 1558 sine
1461 1526 1648 1556 difficultate
1673 1535 1749 1566 qua-

129 1586 207 1617 libet
231 1586 381 1617 restituat
405 1588 436 1616 et
460 1585 598 1615 dimittat
621 1585 722 1616 libere
753 1585 902 1615 absoluta
932 1594 991 1613 nec
1022 1582 1173 1623 deinceps
1208 1579 1361 1621 impediat
1392 1579 1422 1608 in
1454 1577 1583 1608 eisdem.
1630 1576 1670 1606 Et
1694 1576 1752 1606 hoe

127 1637 211 1668 idem
234 1648 291 1679 pro
316 1648 390 1678 rege
415 1637 548 1667 Boemie
574 1640 606 1667 et
630 1637 694 1667 suis
718 1647 776 1678 per
799 1646 907 1676 regem
931 1635 1073 1675 Ungaric
1100 1638 1131 1664 et
1155 1643 1227 1663 suos
1253 1632 1313 1662 erit
1338 1631 1405 1661 sine
1431 1630 1584 1671 capcione
1611 1628 1753 1669 qualibet

129 1688 382 1729 observandum,
408 1689 503 1720 salvis
528 1689 655 1730 utrique
680 1699 792 1729 regum
821 1691 976 1718 terrarum
1007 1696 1135 1716 suarum
1163 1683 1317 1715 limitibus
1349 1685 1380 1713 et
1410 1681 1569 1719 terminis⁷
1602 1680 1683 1709 sicut
1713 1679 1751 1708 ab

127 1741 256 1782 antiquo
280 1745 424 1783 tempore
456 1744 530 1771 sunt
553 1740 705 1771 distincti.
752 1739 792 1770 Et
820 1740 1010 1780 quicumque
1044 1748 1154 1778 regum
1186 1734 1359 1766 eorundem
1392 1733 1476 1763 dicte
1505 1732 1593 1772 pacis
1622 1734 1654 1761 et
1678 1740 1752 1760 con-

129 1792 232 1824 cordie
257 1793 354 1823 fuerit
378 1793 521 1830 violator,
547 1795 656 1823 contra
681 1792 778 1822 talem
795 1791 943 1821 dominus
968 1800 1023 1820 rex
1041 1790 1258 1820 Romanorum
1285 1784 1467 1816 observanti
1486 1794 1597 1825 pacem
1624 1785 1655 1812 et
1679 1791 1753 1811 con-

129 1843 265 1875 cordiam
291 1845 425 1875 assistet
450 1844 591 1881 eonsilio,
616 1844 735 1874 auxilio
761 1847 792 1873 et
816 1843 935 1873 favore.

233 1895 269 1927 In
296 1897 384 1927 cuius
407 1897 454 1927 rei
480 1896 696 1927 testimonium
721 1898 885 1936 presentes
910 1894 1033 1924 litteras
1058 1892 1170 1933 sigillis
1196 1890 1312 1921 nostris
1336 1888 1454 1930 placuit
1479 1885 1674 1917 communiri.

233 1948 350 1978 Actum
374 1948 405 1978 in
430 1948 542 1979 castris
567 1950 640 1978 ante
658 1947 842 1983 XViennam,
867 1956 949 1976 anno
968 1944 1096 1975 Domini
1113 1942 1296 1974 MCCLXX
1321 1943 1424 1977 sexto,
1449 1938 1506 1969 XI.
1525 1937 1596 1968 Kal.
1614 1936 1753 1966 Decem-

128 1998 205 2030 bris.
249 1999 291 2030 Et
315 2000 390 2041 quia
412 1999 454 2030 H.
480 2000 676 2041 lantgravius
701 1999 739 2029 de
764 1998 884 2028 Hassia
908 1996 1072 2039 premissis
1097 1995 1249 2032 interfuit,
1275 1993 1412 2034 sigillum
1439 2000 1528 2021 suum
1547 1987 1752 2030 presentibus

130 2053 178 2082 est
200 2051 369 2082 adiectum.

539 2145 613 2177 114.
641 2143 958 2177 CONFJRMATIO
982 2141 1161 2173 REGUM.
1206 2139 1281 2170 Now,
1299 2141 1349 2169 26.

235 2206 469 2245 Autogsraphou,
494 2206 576 2245 qnod
591 2208 769 2236 asso-mim*
795 2205 826 2234 in
849 2203 1004 2234 tabulario
1028 2199 1262 2235 Vindabmmvsi,
1288 2196 1494 2229 contulimus,-
1517 2195 1552 2224 dr·
1575 2204 1628 2223 sur
1644 2192 1753 2231 siuillis

128 2259 263 2295 quatuor
284 2258 386 2288 adhuc
402 2259 540 2297 pendent
562 2258 626 2297 silis
648 2258 755 2288 scrisis
777 2256 853 2294 slavi
876 2259 903 2285 et
926 2255 1013 2285 mbas
1039 2253 1156 2289 enlm-is,
1181 2251 1260 2290 reglis
1282 2249 1396 2279 scilieet
1424 2246 1547 2284 It'mlolsi
1571 2249 1597 2274 «Ἰ
1622 2245 1754 2283 ι’)ιῖςιηψί

129 2308 359 2347 Ηω·ῖ)ῖ])οῐεηεί3
375 2310 439 2347 scre
456 2309 573 2347 illaesa,
597 2310 677 2349 reglis
696 2308 838 2339 ΟίίυΛτανί
861 2310 888 2337 vt
912 2306 1032 2336 rfonziz‘is
1050 2303 1201 2334 Palatini
1225 2301 1324 2333 laesa:
1347 2298 1441 2338 siyilli
1464 2297 1567 2336 quinti
1590 2297 1755 2333 salmas-un!

131 2359 195 2398 fila,
218 2363 338 2391 sea-tum
361 2362 485 2392 omnino
509 2362 713 2392 desideratur.
754 2360 922 2399 Imsqsl'mrm
951 2356 1208 2396 ῘινῖἱιιφἨΙιΙΙιἰ’(ι)η
1234 2353 1383 2392 ]»ι”(ιι’1ιινι1
1407 2347 1698 2380 *Ικίιίκν)·η)’1.ἰωι«1ιή
1725 2347 1755 2375 in

132 2412 355 2452 Abbildunqcu’
379 2413 471 2449 VIII,
489 2413 549 2444 tab.
571 2416 615 2443 11.
656 2413 815 2451 Scriptum
832 2422 892 2441 non
915 2422 976 2439 esse
1002 2410 1033 2439 [ιι
1050 2406 1237 2438 mtmfvllttrs‘t
1262 2405 1339 2443 rr'Jll'S
1357 2403 1502 2441 vlfl‘w'llls
1526 2403 1568 2429 'Ns
1591 2398 1751 2435 llwrslmys-

132 2462 269 2494 Frt'inlwl
293 2463 310 2494 l.
336 2475 359 2495 c.
385 2464 482 2494 ‘Tenet'
500 2475 533 2503 p.
551 2467 622 2495 275.
667 2464 845 2494 Arbilriecm
871 2473 915 2492 ην.
939 2463 994 2491 lis-‚¹
1018 2457 1246 2498 rausa-nmtiam
1276 2457 1422 2485 inssi-lam
1453 2452 1563 2482 lilla-ris
1588 2449 1756 2479 iustioribus

133 2515 344 2546 cwcudendzmt
360 2517 548 2547 euram'nm.s·.
588 2516 637 2546 Dr:
660 2516 835 2546 nominibus
858 2525 883 2546 γ’.
906 2514 1031 2552 Itvgsrsla
1051 2511 1180 2550 ιἠψιϊίί.
1205 2527 1245 2530 ——
1269 2507 1412 2537 Bahman
1442 2505 1508 2541 1:171.
1529 2504 1598 2539 [inp.
1623 2501 1754 2531 1“Ι,ι,·;,ι«,χ

1492 2554 1543 2588 (Γ.
1568 2555 1651 2583 saofi)

237 2628 304 2659 Nos
343 2628 500 2659 Rodelfus
534 2628 596 2659 Dei
635 2628 743 2668 gracia
782 2627 999 2657 Romanorum
1039 2627 1070 2654 et
1110 2622 1271 2652 Otakarus
1314 2618 1504 2648 Boenwrum
1549 2622 1641 2651 reges
1686 2620 1754 2639 uni—

135 2679 237 2710 versis
263 2680 382 2711 Christi
406 2680 567 2717 fidelibus,
593 2679 631 2710 ad
658 2690 737 2719 quos
762 2681 929 2720 presentes
953 2676 1057 2706 littere
1083 2672 1298 2715 pervenerint.
1324 2668 1470 2699 noticiam
1497 2664 1754 2717 subseriplorum.

242 2731 324 2767 Quia
348 2732 538 2763 conditionis
570 2732 706 2762 humane
732 2730 889 2771 fragilitas
915 2728 1053 2759 omnium
1079 2737 1140 2756 non
1164 2727 1267 2765 potest
1289 2721 1404 2752 babere
1434 2726 1616 2747 memoriam
1645 2712 1753 2742 mehir

237 2818 298 2845 113.
319 2818 342 2851 d)
362 2820 403 2844 vel
421 2820 490 2850 add„
509 2819 553 2844 sed
571 2820 678 2843 deletum
698 2827 734 2841 or.

237 2878 272 2896 ιι.
287 2877 495 2896 CONST1TUT10NE5
510 2878 542 2895 111.
1528 2851 1552 2875 111
