2259 3164
139 848 162 867 20

138 1107 160 1126 15

137 1365 161 1384 20

138 1629 161 1647 25

138 1992 163 2010 30

139 2291 163 2310 35

139 2550 164 2569 40

141 2810 165 2829 45

564 184 719 211 RUDOLFI
739 185 843 211 REGIS
863 185 1182 214 CONSTITUTIONES.
1220 189 1292 215 1273.
1330 189 1375 215 Nr.
1389 191 1412 217 Γ».
1426 191 1448 215 G.
1778 196 1809 224 11

192 331 222 364 5.
252 330 524 364 TRACTATUS
551 330 698 361 INTER
724 331 1144 364 ARCHIEPISCOPUM
1165 333 1494 367 MOGUNTINUM
1519 336 1581 367 ET
1604 337 1818 369 COMITEM

501 382 786 414 PALATINUM
804 383 871 414 DE
891 383 1159 415 ELECTIONE
1179 385 1326 417 REGL'.
1373 387 1454 425 Sept.
1474 390 1500 418 1.

296 443 391 474 Dedit
418 443 594 475 VV‘ittmaom
616 442 832 474 ‘Monumenta
855 444 1127 475 Wittelsbaeensia'
1151 446 1179 483 Iy
1195 446 1258 476 2117
1284 457 1332 477 nr.
1352 449 1412 477 112
1440 458 1476 478 taz·
1507 448 1640 479 eiusdem
1668 448 1818 479 tabularii

191 494 395 534 autoyrapho,
419 494 511 525 cuius
533 494 669 533 siglillum
691 494 779 525 valde
802 495 920 526 laesum
945 496 1060 535 pendet
1088 496 1150 527 loro
1174 498 1417 536 membrwmcc0;
1450 499 1532 529 umle
1558 500 1650 530 eliam
1672 500 1818 531 editiones

190 547 382 586 antiquiores
401 548 542 585 sumptae
562 548 644 577 sum.
683 546 822 577 (ontulit
838 547 863 578 b.
880 557 920 579 m.
944 546 1098 580 Weiland.
1124 568 1160 570 >—
1186 548 1336 586 Bimmer,
1358 549 1667 589 &sireni-1313
1690 550 1815 582 Heia-lis-

189 598 301 629 sacten
324 599 395 630 108.
1529 601 1580 641 (P.
1605 603 1711 642 deest.)

296 684 362 715 Nos
386 683 589 715 Wernherus
613 683 675 715 Dei
704 684 813 724 gracia
840 688 950 716 sancte
976 684 1164 726 Maguntine
1189 685 1275 717 sedis
1299 686 1559 728 archiepiscopus
1589 688 1670 718 sacri
1694 688 1816 729 imperii

189 747 246 779 per
270 735 474 767 Germaniam
492 735 794 767 archicancellarius
819 738 930 767 tenore
947 737 1149 778 presencium
1167 741 1277 768 notum
1295 737 1428 769 facimus
1445 738 1602 769 universis
1619 739 1817 770 intuentibus

189 788 303 819 seriem
327 788 421 818 huius
442 787 562 829 scripti,
587 787 670 829 quod
695 798 766 818 cum
791 788 906 819 illustri
930 788 1074 830 principe
1098 788 1225 819 domino
1242 789 1413 820 Ludewico
1439 790 1553 821 comite
1577 790 1718 832 palatino
1735 790 1816 821 Reni

189 839 268 871 duce
292 839 439 871 Bawarie
470 839 577 870 taliter
605 839 683 870 uniti
707 850 831 880 sumus,
861 839 946 881 quod
974 840 1037 871 fide
1066 840 1141 871 data
1165 841 1233 871 vice
1259 842 1452 872 sacramenti
1480 841 1518 872 ad
1543 842 1601 872 hoc
1626 852 1681 872 nos
1705 842 1818 872 astrin-

186 892 306 931 ximus,
331 890 413 933 quod
438 891 468 922 in
493 891 651 922 electione
675 891 922 933 Rom(an0rum)
948 892 1050 933 regis,
1082 902 1176 933 quam
1199 893 1343 934 proxime
1371 893 1535 924 celebrare
1564 892 1756 924 intendimus
1785 896 1817 923 et

187 943 355 981 debemus,
380 943 405 973 si
428 943 459 973 in
483 952 653 984 personam
678 953 768 973 suam
792 953 856 974 non
880 943 1058 984 poterimus
1083 943 1290 983 concordare,
1315 944 1354 974 ad
1378 944 1463 985 quod
1486 948 1592 976 tamen
1616 947 1763 975 tenemur
1787 948 1818 974 et

186 995 388 1036 promisimus
412 994 497 1025 'omni
521 994 582 1025 fide
608 998 639 1025 et
662 994 834 1035 diligencia
857 995 1015 1032 laborare⁷
1040 1005 1110 1025 cum
1135 995 1248 1026 eodem
1263 995 1409 1026 Palatino
1434 996 1486 1027 vel
1512 996 1543 1026 in
1568 1006 1735 1038 personam
1759 995 1816 1025 viri

186 1046 299 1077 nobilis
329 1045 437 1077 sifridi
466 1046 589 1077 comitis
619 1045 658 1077 de
688 1046 836 1077 Anchald
866 1046 917 1077 vel
949 1046 1077 1077 Rudolfi
1113 1047 1235 1078 comitis
1263 1047 1302 1078 de
1331 1046 1526 1089 Habespurg
1558 1047 1757 1089 promisimus
1787 1049 1818 1076 et

187 1098 368 1130 tenebimur
396 1097 604 1137 concordare,
634 1098 678 1128 ita
705 1097 790 1139 quod
821 1097 999 1139 predictum
1023 1098 1185 1129 dominum
1209 1098 1390 1129 Palatinum
1420 1102 1452 1129 et
1475 1099 1621 1129 comitem
1645 1097 1817 1129 Rudolfum

187 1151 282 1192 plene
306 1150 452 1192 primitus
476 1149 707 1181 concordemus
735 1153 767 1181 et
790 1150 940 1181 tollamus
969 1149 1008 1181 de
1033 1149 1155 1190 medio,
1187 1150 1214 1181 si
1247 1150 1321 1191 quid
1347 1150 1431 1181 inter
1452 1150 1538 1191 ipsos
1563 1150 1627 1181 odii
1650 1150 1744 1180 fuerit
1762 1159 1817 1179 seu

187 1202 337 1234 rancoris.
376 1201 585 1233 Promisimus
603 1201 703 1232 eciam
721 1201 885 1232 dominum
910 1226 916 1232 .
935 1227 940 1233 .
967 1202 1243 1244 archiepiscopum
1261 1201 1491 1233 Treverensem
1511 1201 1636 1243 prefate
1653 1200 1816 1232 includere

187 1254 310 1292 unioni,
341 1253 426 1295 quod
457 1254 483 1284 si
511 1253 616 1284 facere
649 1263 710 1284 non
734 1254 926 1295 poterimus,
958 1264 1015 1284 nos
1040 1254 1101 1285 duo
1125 1253 1349 1284 nichilominus
1374 1264 1445 1284 cum
1469 1253 1595 1284 domino
1620 1251 1815 1293 Engelberto

188 1305 373 1337 Coloniensi
408 1306 650 1348 archiepiscopo
687 1306 719 1336 in
753 1305 897 1347 predicta
930 1305 1085 1336 electione
1114 1306 1232 1336 erimus
1265 1306 1323 1336 sub
1351 1305 1412 1336 fide
1443 1305 1576 1347 prestita
1611 1307 1642 1335 et
1675 1306 1818 1346 pretacta

187 1357 355 1388 unanimes
385 1360 416 1388 et
440 1357 624 1389 concordes.
672 1357 705 1388 Si
733 1368 809 1388 vero
839 1358 878 1389 de
908 1358 1010 1389 altero
1039 1357 1253 1400 predictorum
1284 1357 1435 1388 comitum
1464 1367 1648 1399 processum
1677 1358 1817 1386 nostrum

188 1409 387 1451 propositum
412 1419 475 1440 non
499 1409 648 1447 haberet,
674 1409 897 1441 nichilominus
922 1413 996 1440 vota
1019 1412 1127 1440 nostra
1150 1410 1181 1440 in
1206 1409 1319 1447 alium,
1344 1419 1438 1450 quem
1462 1408 1613 1450 expedire
1636 1406 1817 1445 viderimus,

186 1460 378 1492 unanimiter
414 1461 466 1492 vel
495 1471 556 1503 quo
587 1461 687 1492 maior
720 1462 803 1492 inter
832 1472 888 1493 nos
923 1472 1074 1493 numerus
1109 1460 1317 1492 declinaverit
1351 1464 1588 1497 convertemus,
1623 1459 1681 1490 hoc
1711 1462 1818 1488 tamen

186 1512 324 1552 incluso,
349 1512 431 1554 quod
461 1512 487 1543 si
517 1524 610 1554 quem
635 1513 845 1554 elegerimus7
870 1513 1067 1554 graciosum,
1091 1513 1299 1544 favorabilem
1323 1514 1354 1543 et
1378 1511 1571 1542 conformem
1596 1511 1639 1548 ei⁷
1664 1510 1713 1540 cui
1737 1510 1819 1540 inter

186 1574 243 1594 nos
274 1565 452 1595 contrarius
484 1568 515 1595 et
545 1565 701 1596 molestus
733 1565 890 1602 extiterit,
925 1565 1071 1607 primitus
1102 1565 1267 1595 faciamus.
1325 1564 1362 1594 In
1399 1563 1488 1594 cuius
1524 1563 1569 1594 rei
1604 1562 1818 1593 testimonium

188 1618 370 1658 presentem
393 1616 533 1647 litteram
558 1617 642 1648 dicto
666 1616 794 1648 domino
818 1617 965 1647 Palatino
990 1616 1136 1647 dedimus
1160 1616 1256 1646 nostri
1282 1615 1377 1656 sigilli
1401 1614 1516 1645 robore
1540 1613 1776 1645 communitam.

294 1669 366 1701 Act.
390 1672 421 1699 et
443 1668 552 1700 datum
576 1668 751 1710 Maguntie,
777 1679 859 1699 anno
882 1668 1011 1699 Domini
1035 1667 1279 1706 MCCLXXHI,
1303 1666 1377 1698 Kal.
1403 1665 1581 1707 Septembr.

325 1814 356 1845 6.
388 1813 497 1846 ΠΝΙΟ
520 1813 789 1845 PRINCIPUM
810 1812 1099 1845 ELECTORUM
1120 1812 1188 1844 DE
1208 1810 1520 1843 ROMANORUM
1542 1810 1683 1841 REGIS

770 1864 1043 1896 ELECTIONE.
1089 1865 1170 1904 Sept.
1191 1866 1240 1896 11.

294 1926 390 1958 Dedit
420 1925 464 1957 W
462 1927 596 1957 {mmmm
616 1926 831 1957 ‘Momcmema
859 1925 1132 1958 I‘If'ittelsluwensia*
1157 1925 1185 1962 I7
1201 1926 1264 1955 20:5¹
1285 1935 1332 1954 ur.
1355 1925 1414 1954 112
1445 1934 1483 1953 ew
1505 1922 1639 1953 eiusdem
1669 1921 1819 1952 tabularii

187 1979 387 2018 autoyrapho,
403 1979 495 2009 cuius
510 1978 646 2017 sigyillum
662 1978 749 2009 valde
765 1978 882 2009 mesum
892 1978 1006 2016 pendet
1023 1977 1086 2007 loro
1104 1977 1351 2013 membranaceo,·
1366 1975 1448 2006 mule
1464 1974 1557 2005 etiam
1573 1974 1720 2003 editiones
1735 1972 1817 2002 anti-

186 2030 308 2068 quiores
333 2031 491 2060 derivatae
517 2032 600 2062 sunt.
649 2030 788 2061 Contulit
811 2030 836 2061 b.
861 2040 900 2061 m..
932 2029 1085 2061 ubilana.
1111 2048 1149 2050 ψ
1173 2028 1324 2065 Balanea,
1355 2027 1429 2065 Res).
1448 2026 1669 2055 1:346—1313
1711 2024 1819 2054 {eichs-

187 2082 298 2113 sachen
318 2083 388 2113 109.
1537 2077 1590 2116 (P.
1608 2077 1713 2115 deest.)

295 2178 360 2209 Nos
384 2177 632 2219 Eng(elbertus)
663 2176 725 2207 Dei
758 2177 867 2217 gracia
902 2179 1010 2207 sancte
1041 2175 1240 2206 Coloniensis
1276 2173 1413 2205 ecclesie
1448 2172 1704 2213 archiepiscopus
1740 2169 1818 2200 sacri

188 2231 312 2272 imperii
331 2229 400 2273 [per
415 2228 571 2271 thaliam
589 2229 892 2260 archicancellarius
909 2228 1129 2258 universorum
1147 2227 1260 2257 notitie
1284 2225 1486 2267 presentibus
1504 2224 1712 2258 declaramus,
1736 2221 1818 2262 quod

191 2293 261 2313 cum
286 2281 471 2313 reverendis
495 2280 639 2322 patribus
664 2280 792 2311 domino
817 2305 848 2312 ..
874 2279 1063 2320 Moguntino
1089 2282 1121 2309 et
1144 2278 1271 2309 domino
1298 2301 1328 2308 ..
1353 2276 1555 2307 Treverensc
1572 2274 1818 2314 archiepiscopis

190 2344 273 2364 nunc
296 2333 535 2374 presidentibus
566 2335 599 2363 et
623 2343 693 2363 cum
717 2331 846 2362 domino
869 2356 875 2362 .
895 2357 901 2362 .
926 2331 1007 2362 duce
1030 2330 1177 2361 Bawarie
1202 2329 1315 2360 comite
1340 2328 1480 2369 palatino
1506 2326 1586 2357 Reni
1611 2326 1718 2356 taliter
1739 2325 1817 2354 uniti

190 2395 298 2416 sumus
315 2384 376 2415 fide
395 2383 470 2415 data
486 2384 555 2414 vice
574 2383 777 2419 sacramenti,
802 2383 841 2413 ad
859 2382 918 2413 hoc
943 2393 1001 2413 nos
1018 2381 1245 2412 nichilominus
1263 2380 1489 2419 astringentes,
1514 2377 1596 2419 quod
1614 2377 1644 2407 in
1662 2376 1817 2406 electione

190 2436 408 2468 Romanorum
443 2436 544 2476 regis,
581 2445 675 2476 quam
706 2434 852 2476 proxime
882 2434 1047 2464 celebrare
1079 2432 1273 2463 intendimus
1303 2435 1335 2462 et
1367 2430 1537 2466 debemus,
1569 2429 1637 2459 sine
1669 2427 1818 2468 capcione

190 2488 332 2530 qualibet
355 2488 473 2519 erimus
496 2488 664 2518 unanimes
690 2490 721 2517 et
745 2486 936 2523 concordes,
966 2486 1011 2516 ita
1034 2488 1140 2516 tamen
1165 2483 1247 2525 quod
1272 2483 1302 2513 in
1327 2491 1547 2523 quemcunque
1572 2483 1636 2510 tres
1663 2490 1703 2509 ex
1727 2477 1817 2508 nobis

191 2540 470 2579 concordaverint,
503 2542 634 2580 quartus
667 2539 735 2568 sine
768 2537 1020 2568 contradictione
1054 2535 1196 2577 qualibet
1227 2537 1378 2575 scquctur
1411 2532 1557 2567 eosdem,
1591 2530 1678 2560 cuius
1710 2529 1817 2568 utique

191 2592 390 2623 commodum
428 2594 460 2622 et
493 2591 645 2621 honorem
679 2593 829 2630 tanquam
871 2589 1031 2630 proprium
1063 2586 1147 2628 apud
1179 2596 1251 2617 eum
1289 2595 1381 2626 quem
1412 2583 1602 2623 elegerimus
1640 2580 1818 2611 tenebimur

191 2654 361 2685 procurare
390 2646 422 2674 et
451 2641 672 2684 indempnitati
705 2651 779 2680 sue,
811 2640 986 2671 secundum
1010 2639 1095 2681 quod
1119 2641 1227 2669 nostre
1252 2636 1325 2667 fidei
1350 2635 1496 2676 congruit
1520 2637 1551 2664 et
1575 2633 1701 2665 honori.
1737 2631 1817 2686 sieut

191 2699 300 2727 nostre
329 2695 467 2726 fideliter
496 2704 679 2736 precavere.
733 2692 892 2722 Dominus
929 2692 1029 2722 eciam
1062 2690 1270 2731 Moguntinus
1303 2688 1562 2728 archiepiscopus
1598 2695 1654 2725 pro
1689 2683 1815 2712 domino

191 2747 390 2778 Treverense
406 2747 562 2788 promisit,
586 2745 669 2786 quod
695 2745 724 2775 in
748 2744 900 2774 societate
918 2743 1058 2784 predicte
1077 2742 1201 2772 unionis
1226 2741 1342 2771 debeat
1361 2748 1536 2771 remanere,
1560 2735 1642 2776 quod
1668 2735 1692 2763 si
1712 2734 1815 2762 facere

192 2799 398 2835 recusaverit,
424 2810 481 2829 nos
500 2808 569 2828 cum
588 2796 740 2838 predictis
758 2795 894 2838 duobus,
912 2794 1062 2825 videlicet
1077 2794 1202 2824 domino
1221 2791 1408 2831 Moguntino
1432 2792 1462 2818 et
1487 2813 1492 2818 .
1514 2813 1518 2818 .
1545 2787 1658 2817 comite
1677 2784 1814 2825 palatino
