2259 3164
122 684 146 702 10

124 955 146 973 15

122 1211 147 1230 20

124 1478 147 1496 ²5

123 1743 146 1763 ³0

123 2002 146 2021 ³5

124 2282 148 2300 40

125 2538 148 2556 45

553 113 685 139 ADOLFI
708 113 812 140 REGIS
833 114 1158 142 CONSTITUTIONES.
1197 117 1270 142 1294.
1307 118 1426 144 Nr.512.
1753 122 1814 151 493

271 202 298 230 3.
334 199 417 229 Item
436 199 586 230 dixerunt
611 204 643 230 et
666 201 904 234 ordinaverunt.
929 202 1013 242 qnod
1038 213 1095 232 nos
1120 206 1248 243 treug-as
1272 204 1323 233 vel
1348 215 1460 244 pacem
1487 216 1557 235 cum
1576 216 1652 245 rege
1670 205 1816 245 Francie7

164 253 264 293 ipsius
287 252 462 282 heredibus
486 252 537 282 vel
570 252 768 283 adlutoribus
799 265 855 284 seu
884 254 954 284 aliis
986 255 1238 295 quibuscumque
1268 256 1459 286 advorsariis
1489 257 1562 287 dicti
1593 257 1677 297 regis
1700 257 1817 297 Anglie

165 304 217 334 vel
250 303 407 334 heredum
437 314 565 334 suorum
594 305 626 334 in
656 306 819 345 premissis
850 316 913 335 non
945 305 1099 336 faciemus
1132 307 1180 336 vel
1215 307 1363 337 inibimus
1395 309 1461 338 sine
1493 309 1704 349 requisicione
1733 309 1818 349 regis

166 355 284 395 Anglie
310 360 366 385 aut
389 355 543 385 heredum
569 366 698 386 suorum
724 359 756 386 et
779 357 877 397 ipsius
902 357 953 387 vel
979 358 1118 398 ipsorum
1143 358 1306 388 voluntate
1333 364 1363 389 et
1388 370 1542 390 consensu
1569 371 1731 400 expresso.

272 418 299 445 4.
336 415 418 445 Item
443 415 593 446 dixerunt
617 420 649 446 et
673 416 914 453 ordinaverunt.
945 418 1029 458 quod
1054 419 1079 448 si
1103 429 1159 448 nos
1184 423 1293 449 contra
1318 431 1427 460 regem
1445 420 1578 451 Francie
1603 424 1658 451 aut
1681 421 1819 451 heredes

165 477 239 497 suos
268 478 325 497 seu
355 467 463 497 hostes
495 468 575 497 alios
604 468 702 508 ipsius
732 469 817 509 regis
840 469 958 509 Anglie
990 469 1040 499 vel
1069 469 1223 500 heredum
1255 482 1381 501 suorum
1413 473 1623 509 municiones,
1655 479 1755 502 terras
1787 477 1818 502 et

166 522 270 549 castra
295 519 324 548 in
351 519 498 549 conflictu
524 519 573 549 vel
599 522 705 551 extra.
730 521 920 550 coniunctim
946 521 996 551 vel
1028 521 1168 557 divisim,
1197 523 1385 562 conquirere
1416 524 1598 563 contigerit,
1631 524 1751 554 lucrum
1777 524 1817 554 de

164 569 317 611 predictis
343 574 375 600 et
399 580 439 600 ex
465 571 598 611 captivis
623 575 655 601 et
680 571 808 601 aliunde
833 572 1025 612 proveniens
1050 583 1107 602 nos
1131 576 1163 603 et
1187 584 1242 603 rex
1268 573 1318 603 vel
1343 574 1480 604 heredes
1505 576 1551 605 sui
1569 575 1726 615 equaliter
1743 586 1817 605 con-

165 621 343 652 dividemus
374 625 406 652 et
435 623 630 662 parciemur,
664 623 722 652 nisi
749 623 830 653 forte
855 626 960 653 castra
989 627 1021 653 et
1044 625 1241 654 municiones
1266 625 1445 655 huiusmodi
1472 630 1504 656 et
1528 630 1646 656 tractus
1663 630 1818 657 terrarum

165 673 205 704 ab
230 673 332 703 altero
357 677 498 704 nostrum
522 674 590 704 iure
617 674 747 704 dominii
772 675 822 705 vel
848 675 937 715 quasi
962 679 1018 705 aut
1042 675 1132 705 titulo
1158 676 1242 706 feodi
1269 676 1502 707 descenderent
1527 681 1558 707 et
1582 678 1692 708 haberi
1718 678 1817 709 debe-

163 728 243 756 rent.
291 725 360 759 Que
390 736 450 755 non
477 725 670 763 dividemus.
703 726 759 756 sed
785 726 919 766 quilibet
944 727 1028 767 quod
1054 738 1144 757 suum
1175 732 1223 757 est
1246 728 1296 758 vel
1322 739 1390 758 esse
1416 728 1564 759 deberet.
1595 740 1652 769 per
1676 740 1709 759 se
1734 730 1818 760 solus

164 775 316 807 retinebit
340 780 372 806 et
396 777 436 807 ad
462 788 553 807 suum
577 788 710 818 regnum
736 782 768 808 et
793 778 967 808 dominium
992 779 1165 809 revocabit.

268 840 295 867 5.
331 837 413 867 Item
440 837 589 867 dixerunt
619 842 651 868 et
675 838 916 878 ordinaverunt,
953 839 1037 879 quod
1071 840 1094 868 si
1120 839 1216 879 aliqui
1246 841 1497 880 presumptuosi.
1526 842 1717 882 quicumque
1747 845 1818 872 sunt

165 888 209 918 illi
234 890 263 918 in
291 889 507 919 Romanorum
537 900 636 930 regno
666 891 843 927 constituti.
875 891 925 931 qui
957 892 1123 921 occasione
1148 891 1393 931 stipendimuni,
1423 891 1569 930 favia-ish,
1595 894 1738 923 amicicie
1764 897 1818 923 aut

165 941 265 981 gratis
288 941 357 981 regi
381 940 577 971 Francorum
602 941 653 971 vel
683 941 857 972 heredibus
888 943 951 972 suis
979 945 1034 972 aut
1066 942 1136 972 aliis
1165 943 1297 972 inimicis
1331 944 1415 983 regis
1444 944 1561 983 Anglie
1586 944 1635 973 vel
1661 944 1816 974 heredum

165 1003 292 1022 suorum
317 993 346 1022 in
372 994 620 1033 recuperacione
651 994 879 1034 premissorum
909 994 1064 1024 auxilium
1095 995 1294 1034 prostiterint
1327 998 1359 1024 et
1386 995 1549 1033 iuvamen⁷
1579 1004 1635 1025 nos
1666 1006 1817 1035 personas

165 1043 340 1074 eorundem
366 1054 434 1074 cu1n
461 1044 683 1084 publicacione
715 1046 856 1075 omnium
886 1045 1041 1075 bonorum
1071 1056 1198 1075 suorum
1231 1047 1297 1075 sine
1328 1056 1384 1086 spe
1414 1048 1630 1076 revocacionis
1655 1050 1686 1076 et
1710 1048 1816 1087 gracie

163 1098 321 1136 perpetuo
347 1095 572 1136 relegabimus,
621 1098 723 1130 Quam
743 1107 858 1136 penam
885 1097 925 1126 ad
950 1096 1020 1126 illos
1039 1097 1135 1127 etiam
1154 1097 1392 1127 extendendam
1412 1097 1555 1130 dicimus.
1581 1099 1632 1138 qui
1651 1099 1817 1128 occasione

166 1149 198 1177 et
222 1157 263 1177 ex
287 1158 382 1177 causa
401 1147 559 1177 discordie
578 1147 706 1188 litisque
731 1152 817 1178 lnote
843 1150 926 1178 inter
950 1148 1065 1189 Anglie
1092 1153 1123 1179 et
1147 1148 1282 1179 Francie
1308 1160 1400 1189 reges
1417 1151 1536 1179 amicos
1561 1154 1593 1179 et
1610 1150 1817 1180 auxiliatores

165 1201 230 1228 tam
256 1207 379 1229 nostros
404 1210 499 1239 quam
523 1200 625 1239 regis⁰
649 1200 766 1239 Anglie
785 1201 958 1230 invaserint
983 1204 1014 1230 et
1039 1201 1158 1230 directe
1177 1200 1227 1230 vel
1245 1201 1399 1231 indirecte
1417 1201 1625 1234 turbaverint.
1651 1203 1817 1241 quominus

165 1250 195 1280 in
220 1251 373 1281 auxilium
398 1255 541 1281 nostrum
566 1256 598 1281 et
622 1252 720 1292 ipsius
744 1252 828 1292 regis
855 1252 970 1293 Anglie
996 1252 1125 1282 valeant
1149 1264 1183 1282 se
1209 1252 1390 1283 transferre.

268 1312 296 1341 6.
333 1310 382 1341 Ad
408 1311 561 1341 maiorem
589 1312 683 1341 etiam
707 1312 913 1342 securitatem
939 1316 971 1341 ct
995 1312 1256 1342 observacionem
1276 1312 1490 1342 ordinacionis
1508 1313 1651 1353 predicte
1669 1313 1818 1343 dixerunt

166 1366 198 1393 et
222 1362 462 1401 ordinaverunt,
488 1363 572 1403 quod
597 1374 654 1394 nos
678 1363 773 1394 fidem
800 1367 944 1404 prestare
970 1364 1163 1394 deberemus
1188 1364 1403 1405 corporalem.
1429 1369 1460 1394 et
1485 1365 1569 1405 quod
1595 1365 1816 1395 nichilominus

166 1414 241 1444 dicti
258 1414 517 1455 archiepiscopus
535 1420 567 1445 et
584 1426 691 1445 comes
708 1417 920 1446 iuramentum
938 1417 967 1446 111
986 1415 1150 1457 animalm}
1177 1416 1342 1457 nostralml
1368 1427 1464 1456 super
1480 1417 1570 1447 firma
1588 1417 1815 1447 observacione

166 1466 439 1496 confederacionis
463 1471 495 1496 et
512 1467 656 1497 amicicie
676 1468 855 1497 huiusmodi
877 1468 938 1498 iam
958 1469 1124 1508 prestitum
1150 1469 1179 1498 in
1197 1469 1363 1508 presencia
1381 1472 1498 1507 nostra⁷
1524 1469 1598 1499 dum
1617 1470 1815 1509 oportunitas

165 1517 277 1554 fuerit.
310 1518 520 1557 innovabunt,
546 1518 631 1559 quod
655 1529 712 1548 nos
737 1520 842 1549 onmia
867 1524 899 1549 ct
923 1519 1046 1560 singula
1071 1519 1231 1560 predicta,
1262 1530 1355 1559 quam
1382 1519 1434 1549 diu
1459 1521 1645 1550 vixerimus.
1679 1520 1817 1550 fideliter

166 1569 416 1600 observabimus.

269 1632 284 1639 ,-

274 1643 295 1660 1.
331 1630 372 1660 Et
396 1630 619 1661 nichilominus
643 1634 784 1661 nostrum
810 1631 1023 1661 voluntarium
1053 1631 1278 1661 adhibebimus
1306 1642 1509 1671 consensum,
1539 1632 1624 1672 quod
1655 1633 1814 1672 principes

164 1683 253 1723 regni
276 1683 386 1719 nostri.
412 1693 546 1722 quorum
572 1683 664 1722 copia
690 1686 722 1712 et
746 1693 919 1713 consensus
944 1682 1065 1724 [haberi
1092 1681 1284 1724 poteruntj‘¹7
1309 1694 1379 1713 cum
1405 1684 1641 1723 protestacione
1666 1694 1723 1713 sua
1748 1694 1813 1713 ser-

164 1734 243 1764 vicia
260 1734 351 1765 nobis
369 1734 566 1769 subtrahent.
592 1745 686 1774 quam
706 1734 759 1764 diu
778 1735 1009 1765 convenciones
1027 1746 1097 1764 eum
1116 1735 1199 1764 dicto
1218 1746 1294 1775 rege
1312 1735 1429 1775 Anglie
1447 1736 1540 1765 initas
1557 1746 1618 1765 non
1637 1737 1812 1766 servaveri-

163 1795 233 1815 mus
258 1785 342 1826 quod
367 1785 460 1821 absit.
486 1786 687 1826 obligacione
705 1786 929 1816 nichilominus
954 1787 1098 1827 predicta
1123 1787 1152 1816 in
1178 1797 1233 1816 suo
1258 1787 1371 1817 robore
1398 1787 1558 1817 duratura.
1605 1787 1690 1817 Dicti
1716 1789 1812 1818 etiam

163 1837 324 1878 principes
348 1838 411 1867 suis
435 1838 619 1878 patentibus
643 1837 756 1868 litteris
784 1838 1060 1878 protestabuntur,
1092 1838 1176 1879 quod
1209 1838 1248 1869 de
1273 1838 1436 1869 voluntate
1467 1842 1499 1868 et
1526 1839 1678 1869 mandato
1706 1843 1813 1870 nostro

165 1889 293 1929 speciali
311 1889 492 1919 huiusmodi
510 1889 743 1919 subtractiones
760 1890 965 1919 sei-viciorum
983 1890 1211 1920 inviolabiliter
1231 1890 1457 1927 observabunt.
1482 1891 1506 1920 si
1531 1890 1615 1930 quod
1639 1890 1722 1920 absit
1739 1902 1813 1921 con-

163 1941 333 1971 venciones
366 1941 496 1971 easdem
526 1942 655 1971 minime
682 1952 891 1972 servaremus.
951 1941 1054 1982 Super
1084 1942 1198 1982 quibus
1232 1943 1328 1972 etiam
1361 1942 1483 1972 litteras
1512 1945 1636 1972 nostras
1665 1946 1813 1982 patentes

165 1991 311 2023 dabimus
336 1994 402 2033 regi
428 1993 544 2033 Anglie
570 1993 741 2024 antedicto,

267 2055 294 2084 8.
330 2054 412 2084 Item
438 2054 589 2084 dixerunt
612 2058 644 2084 et
668 2054 904 2094 ordinaverunt,
930 2054 1015 2094 quod
1039 2065 1095 2084 nos
1120 2054 1177 2084 sub
1200 2054 1303 2094 sigillo
1321 2058 1427 2085 nostro
1446 2066 1599 2095 expresse
1619 2066 1674 2095 per
1691 2058 1813 2085 nostras

165 2103 286 2134 litteras
311 2105 512 2146 dupplicatas
537 2106 730 2136 ratificemus
755 2107 861 2136 omnia
885 2106 1054 2147 prelibata.

267 2168 294 2195 9.
331 2166 413 2196 Item
450 2166 600 2196 dixerunt
629 2170 661 2196 et
685 2166 924 2202 ordinaverunt.
957 2166 1041 2207 quod
1066 2177 1122 2196 nos
1158 2167 1242 2197 omni
1272 2178 1360 2197 mora
1389 2167 1540 2197 affectata
1569 2168 1745 2208 post11›osita
1771 2167 1811 2197 ad

166 2216 261 2246 cicius
286 2217 370 2257 quod
395 2219 570 2258 poterimus
598 2218 682 2248 bona
710 2218 772 2248 fide
803 2221 907 2248 castra
938 2222 1045 2248 nostra
1068 2218 1269 2248 movebimus
1299 2224 1330 2248 et
1359 2229 1429 2248 cum
1462 2219 1606 2248 exercitu
1634 2222 1742 2248 nostro
1772 2218 1812 2248 ad

166 2272 268 2298 certos
293 2269 377 2299 diem
403 2273 434 2299 et
458 2269 562 2299 locum
586 2280 644 2310 per
668 2269 811 2310 prefatos
835 2270 1112 2310 archiepiscopum
1138 2274 1169 2299 et
1193 2270 1342 2300 comitem
1374 2274 1405 2300 et
1434 2271 1564 2300 nuncios
1587 2270 1704 2310 prefati
1729 2271 1812 2311 regis

165 2319 280 2360 Anglie
304 2321 518 2351 condicendos
548 2321 588 2351 ad
613 2322 716 2362 ipsum
741 2332 851 2362 regem
875 2321 992 2362 Anglie
1025 2332 1095 2351 cum
1124 2323 1238 2352 nostris
1266 2322 1447 2352 hominibus
1477 2322 1538 2352 iter
1568 2323 1756 2362 arripiemus
1781 2326 1811 2351 et

166 2370 394 2402 declinabimus
423 2383 481 2403 nec
506 2373 744 2414 separabimure
769 2384 825 2403 nos
851 2378 882 2403 et
899 2373 1001 2403 dictus
1025 2384 1081 2403 rex
1099 2373 1216 2413 Anglie
1242 2373 1444 2410 abinvicem.
1469 2374 1528 2403 nisi
1543 2374 1657 2403 nostris
1672 2374 1812 2413 negociis

166 2426 273 2453 contra
298 2434 407 2464 regem
431 2424 566 2455 Francie
591 2425 642 2455 vel
666 2425 804 2455 heredes
828 2436 901 2455 suos
926 2425 1062 2455 feliciter
1086 2425 1256 2465 expeditis.
1307 2424 1578 2455 Emendacionem
1604 2425 1700 2455 etiam
1726 2424 1810 2454 dicte

166 2474 442 2506 confederacionis
462 2480 527 2506 tam
551 2476 642 2507 nobis
667 2487 761 2517 quam
787 2477 854 2517 regi
871 2476 999 2517 Anglie,
1025 2476 1099 2506 dum
1118 2477 1368 2512 convenerimus.
1393 2476 1468 2517 prof
1490 2477 1654 2516 utriusque
1672 2480 1810 2505 nostrum

165 2524 283 2556 honore
308 2531 340 2557 et
364 2528 531 2559 commodo
556 2532 767 2559 reservarunt.

272 2589 318 2619 10.
352 2588 403 2618 Ad
429 2599 563 2629 quorum
589 2589 727 2619 omniun]
759 2592 791 2618 et
815 2587 1011 2628 singulorum
1040 2588 1254 2618 inviolabilem
1287 2588 1547 2618 observacionem
1578 2598 1647 2625 noS‚
1678 2586 1810 2626 prestito

167 2646 261 2677 super
288 2638 347 2669 hiis
381 2640 601 2680 sollempniter
631 2640 661 2670 in
692 2640 829 2670 animam
866 2643 1005 2669 nostram
1041 2639 1234 2678 iuramento,
1271 2650 1328 2679 per
1363 2649 1472 2669 eorum
1506 2641 1653 2678 patentes
1687 2637 1810 2666 litteras

267 2740 330 2767 512.
350 2741 374 2773 b)
395 2744 508 2767 favorum
529 2744 567 2768 ecl.
644 2743 666 2774 c)
687 2751 758 2774 reges
778 2752 798 2767 e.
875 2741 898 2774 d)
918 2745 989 2767 uncis
1008 2744 1107 2767 inclusa
1126 2743 1215 2766 desunt
1234 2751 1253 2766 c.
1331 2743 1353 2770 θ)
1374 2742 1548 2773 separabimus
1568 2750 1587 2764 c.
1666 2740 1688 2766 s)
1708 2740 1773 2770 qued
1790 2749 1808 2763 c,
