2259 3164
96 895 119 913 10

96 1156 118 1174 15

91 2388 114 2408 35

89 2788 113 2808 40

492 180 647 208 RUDOLFI
667 181 770 208 REGIS
789 182 1107 213 CONSTITUTIONES.
1146 188 1217 214 12390.
1255 189 1441 217 N1·.4‘.›9.430.
1710 196 1770 225 419

586 344 664 376 429.
687 345 835 378 ALIUD
858 346 1141 380 MANDATUM.
1187 350 1268 381 Mai.
1288 353 1336 382 15¹.

253 413 349 444 Dedit
372 413 453 444 idem
475 413 523 444 vir
539 413 737 444 doctissimus
760 425 798 445 aas
820 415 940 446 (luobus
955 416 1127 455 automaple
1134 417 1159 447 is
1174 419 1307 449 eiusdem
1323 420 1473 451 tabularii
1489 422 1590 453 ‘Trese
1609 423 1769 454 (lamecu-eac

146 476 194 496 nr.
211 466 261 497 39.
300 465 348 495 Ab
372 466 501 504 utroque
519 465 656 504 pendent
678 465 785 504 sisyilla
807 465 871 504 filis
893 467 1009 498 sericis,
1077 467 1126 497 De
1149 468 1229 499 lium
1253 471 1320 500 dati
1341 483 1365 503 v,
1391 483 1439 507 ea,
1469 484 1548 511 quae
1576 475 1610 504 m
1634 474 1771 513 Herseslis

146 517 269 557 imperii
292 517 430 556 exposita
453 520 536 547 sunt.
564 535 600 539 —
627 516 771 551 Belmma
797 518 870 557 qu,
888 519 961 559 imp.
982 518 1035 553 VJ,
1051 520 1144 550 2315.
1483 525 1534 563 (P.
1559 525 1664 561 deest)

253 629 318 661 Nos
341 629 500 660 Rudolfus
517 629 578 660 Dei
602 630 711 669 gracia
728 629 942 661 Romanorum
968 641 1025 661 rex
1049 642 1177 673 semper
1200 636 1354 674 augustus
1381 634 1419 665 ad
1443 636 1661 667 universorum
1686 638 1768 668 noti-

147 682 226 713 ciam
258 685 369 712 tenore
401 682 603 722 presencium
637 682 785 712 volumus
816 682 1003 723 pervenire,
1037 683 1120 723 quod
1149 683 1206 714 viri
1237 685 1410 725 prudentes
1445 687 1530 717 cives
1561 687 1768 728 Lubicenses,

146 733 251 764 dilecti
275 732 377 763 nostri
400 732 527 769 fideles,
552 743 622 762 cum
648 732 756 764 debite
780 733 942 764 fidelitatis
967 737 1000 764 ct
1023 734 1209 765 devocionis
1232 736 1454 768 oblacionibus
1479 748 1513 769 se
1538 743 1645 770 nostre
1670 741 1767 771 maie—

146 784 236 816 statis
261 783 484 825 conspectibus
508 787 747 826 presentantes,
785 796 881 826 super
904 785 1100 826 redditibus,
1125 785 1388 826 obvencionibus,
1414 790 1558 820 censibus
1582 794 1613 821 ct
1637 792 1767 829 iuribus,

145 845 341 877 quocumque
364 835 490 866 nomine
515 839 720 873 censeantur,
751 837 841 877 regie
874 836 1040 877 dignitatis
1065 837 1146 867 solio
1172 841 1304 870 vacante
1334 843 1389 870 aut
1422 841 1522 871 eciam
1547 852 1608 872 non
1635 847 1767 874 vacante

146 887 277 930 imperio
300 886 414 917 debitis
437 897 539 928 usque
564 886 604 917 ad
628 887 688 918 hec
712 891 858 928 tempora
882 887 1050 918 nobiscum
1083 890 1157 918 sunt
1185 889 1322 921 finaliter
1345 892 1544 932 concordati7
1571 893 1656 924 unde
1681 895 1767 935 ipsos

145 949 164 969 a
187 938 350 980 premissis
374 937 563 977 redditibus,
588 938 844 970 obvencionibus
869 942 900 970 et
924 939 1046 970 iuribus
1063 943 1198 971 vacante
1223 942 1302 971 solio
1321 942 1477 983 imperiali
1502 946 1556 974 aut
1580 945 1680 974 eciam
1706 956 1767 976 non

145 993 286 1029 vacante,
309 993 342 1020 ut
365 993 544 1031 pretactum
569 993 628 1029 est,
653 991 744 1021 nobis
770 994 801 1021 et
824 991 959 1032 imperio
985 991 1101 1022 debitis
1126 992 1336 1033 usquemodo
1354 995 1493 1034 presenti
1512 995 1593 1025 serie
1610 996 1767 1036 quitamus

144 1045 175 1072 et
198 1042 371 1072 clamamus
395 1041 511 1072 liberos
535 1042 661 1083 penitus
686 1046 718 1073 et
742 1042 875 1074 solutos,
914 1042 1069 1074 Volentes
1098 1046 1132 1073 ut
1155 1043 1270 1085 prefati
1300 1045 1387 1075 cives
1411 1045 1610 1077 Lubicenses
1634 1058 1653 1077 a
1676 1048 1766 1078 nobis

145 1093 221 1134 ipsis
247 1096 278 1124 et
293 1103 312 1123 a
329 1093 445 1124 nostris
464 1094 706 1124 successoribus
731 1094 763 1124 in
787 1094 924 1135 imperio
950 1095 1030 1125 salvi
1055 1095 1119 1125 sint
1142 1095 1173 1125 in
1197 1098 1372 1137 posterum,
1396 1096 1440 1127 ita
1464 1097 1546 1138 quod
1571 1108 1633 1128 non
1657 1099 1767 1140 impeti

148 1144 270 1186 possint
294 1145 345 1176 vel
369 1144 509 1176 debeant
533 1145 564 1176 in
587 1146 762 1186 premissis.
808 1145 922 1176 Testes
955 1146 1048 1176 huius
1082 1146 1129 1177 rei
1158 1150 1243 1177 sunt:
1275 1148 1466 1178 venerabilis
1494 1148 1654 1180 Rudolfus
1680 1150 1765 1181 Salz-

144 1196 311 1237 burgensis
328 1196 602 1238 archiepiscopus,
626 1197 822 1228 Lavantinus
841 1200 873 1228 et
888 1197 1234 1239 Hildensheymensisss
1251 1199 1401 1240 episcopi.
1428 1200 1580 1241 magister
1597 1201 1766 1232 Heinricus

143 1247 181 1279 de
204 1247 418 1289 Clingenberg
441 1248 702 1289 prothonotarius
728 1252 760 1279 et
777 1249 1061 1280 vicecancellarius
1089 1252 1201 1280 noster
1216 1250 1414 1290 karissimus,
1438 1252 1639 1282 venerabiles
1658 1252 1765 1282 Sancti

144 1298 227 1330 Galli
250 1302 281 1329 et
303 1298 557 1343 Admontensisb
581 1299 730 1338 abbates,
760 1300 886 1331 nobiles
910 1300 967 1331 viri
992 1299 1198 1332 Eberhardus
1227 1301 1265 1333 de
1291 1301 1582 1343 Catzenellenboge
1608 1306 1639 1333 et
1664 1303 1766 1334 Lude-

141 1350 237 1381 wicus
261 1350 300 1382 de
317 1341 456 1392 Otingen
480 1352 611 1382 comites
642 1355 673 1382 et
697 1362 791 1393 quam
814 1352 923 1393 plures
949 1352 1002 1382 alii
1027 1351 1189 1393 fidedigni.
1237 1352 1274 1383 In
1297 1354 1525 1394 premissorum
1550 1355 1646 1395 igitur
1670 1354 1765 1385 robur

144 1405 175 1433 et
197 1403 392 1434 evidenciam
409 1403 583 1445 pleniorem
609 1414 743 1445 presens
761 1404 915 1446 scriptum
941 1404 1057 1435 exinde
1083 1404 1240 1435 conscribi
1264 1408 1296 1435 et
1320 1408 1428 1436 nostre
1456 1406 1631 1436 maiestatis
1662 1406 1765 1446 sigillo

142 1454 271 1485 fecimus
295 1455 492 1486 communiri.

242 1514 360 1546 Datum
384 1515 542 1553 Erfordie,
567 1514 639 1547 XV.
657 1514 824 1546 Kalendas
849 1516 936 1554 Maii,
962 1515 1137 1547 indictione
1162 1517 1272 1556 tercia,
1297 1527 1380 1547 anno
1398 1516 1526 1547 Domini
1552 1516 1639 1547 MCC
1664 1528 1763 1548 nona-

142 1566 273 1607 gesimo,
297 1567 387 1608 regni
411 1577 486 1598 vero
510 1567 609 1598 nostri
633 1577 716 1598 anno
741 1568 877 1609 septimo
902 1567 1037 1599 decimo.

263 1745 339 1778 430.
363 1746 623 1779 SENTENTIA
647 1746 715 1778 DE
738 1746 927 1778 CASTRIS
950 1746 1049 1778 NON
1067 1746 1478 1779 REAEDIFICANDIS.
1523 1748 1594 1779 Iun.
1614 1750 1640 1779 1.

244 1815 278 1846 E
308 1816 446 1855 comario
477 1816 637 1847 clm-taceo
676 1816 895 1847 Wormalieusi
935 1816 967 1846 in
993 1815 1052 1856 fol.
1080 1826 1156 1846 saec.
1179 1815 1293 1847 XVII.
1322 1816 1405 1846 (ledit
1439 1816 1499 1846 iam
1527 1815 1597 1846 olim
1629 1816 1763 1847 Bsilmner

142 1866 230 1897 ‘Acta
252 1867 375 1907 imperii
396 1866 513 1897 selected
533 1877 566 1907 p.
583 1868 646 1897 363
668 1877 715 1898 wa
733 1869 804 1897 474.
854 1868 953 1897 (baius
975 1867 1135 1897 editionem
1160 1866 1210 1897 hin
1234 1869 1364 1905 »wetere
1387 1878 1504 1897 neeesse
1527 1870 1584 1904 est,
1617 1878 1684 1897 rum
1708 1879 1762 1897 ‘ner

141 1917 269 1948 Monam·
289 1927 344 1948 nec
368 1916 529 1956 Herbipoli
552 1917 586 1947 ‘in
611 1917 779 1948 stabulariis
801 1918 894 1956 reyiis
921 1917 1020 1947 aliam
1050 1918 1167 1956 copiam
1194 1919 1280 1948 uncti
1310 1919 1417 1950 simus.
1448 1937 1485 1941 —-
1515 1918 1662 1955 Bormum,
1688 1919 1760 1958 Ray.

141 1969 210 2008 imp.
231 1968 284 2006 VI,
296 1969 389 2000 2313.
1472 1969 1523 2009 (P.
1549 1970 1654 2006 deest.)

242 2072 307 2104 Nos
336 2072 526 2114 Rudolphus
557 2072 618 2104 Dei
649 2073 759 2113 gracia
789 2071 1006 2103 Romanorum
1041 2082 1097 2103 rex
1132 2082 1258 2114 semper
1287 2076 1440 2113 augustus
1471 2072 1510 2104 ad
1538 2073 1759 2104 universorum

141 2124 221 2155 sacri
243 2125 367 2166 imperii
396 2124 529 2155 Romani
558 2124 698 2155 fidelium
726 2123 871 2154 notitiam
908 2126 1018 2154 tenore
1051 2124 1247 2165 presentium
1277 2123 1421 2154 volumus
1456 2124 1639 2165 pervenire,
1676 2124 1758 2166 quod

140 2175 228 2207 nobis
250 2175 412 2207 Erfordie¹¹
435 2186 492 2217 pro
516 2175 666 2206 tribunali
685 2175 870 2206 sedentibus
887 2175 1045 2216 quesitum
1070 2175 1129 2205 fuit
1152 2185 1209 2216 per
1225 2176 1426 2211 sententiam,
1452 2180 1556 2206 utrum
1580 2180 1684 2206 castra
1709 2177 1758 2207 vel

139 2227 307 2269 municipia
330 2228 562 2269 qualiacunque
587 2231 618 2258 et
643 2227 825 2268 specialiter
849 2230 954 2258 castra
983 2227 1014 2257 in
1039 2227 1168 2257 Saneck
1200 2229 1232 2257 et
1255 2226 1483 2266 Richenstein,
1516 2237 1576 2267 que
1605 2237 1660 2268 per
1684 2238 1757 2258 sen-

141 2278 270 2309 tentiam
294 2278 398 2310 diruta
421 2282 503 2319 sunt,
527 2279 705 2310 reedificari
722 2278 863 2309 debeant
887 2289 1013 2319 quoquo
1039 2277 1143 2317 niodo,
1168 2278 1333 2308 obtentum
1359 2278 1505 2319 quoqucb
1530 2281 1561 2308 et
1584 2278 1757 2309 iudicatum

141 2329 244 2360 extitit
267 2340 370 2361 coram
395 2331 485 2361 nobis
510 2330 649 2361 omnium
673 2330 846 2360 astantium
870 2329 1087 2371 applaudente
1112 2340 1285 2367 consensu,
1315 2329 1397 2370 quod
1431 2332 1535 2360 castra
1566 2330 1596 2359 in
1630 2328 1758 2360 Saneck

141 2382 172 2410 et
193 2379 397 2412 Richenstein
420 2382 578 2423 premissa
601 2382 652 2412 vel
680 2391 867 2422 quecunque
891 2380 953 2411 alia
982 2391 1000 2410 a
1030 2381 1116 2411 nullo
1147 2391 1276 2421 prorsus
1307 2380 1484 2411 reedificari
1516 2380 1670 2412 debeant.
1696 2391 1756 2421 que

139 2429 328 2463 dictantibus
352 2433 581 2464 sententiarum
605 2432 763 2473 rigoribus
786 2435 858 2462 sunt
882 2431 1054 2463 destructa.

239 2491 358 2523 Datum
380 2492 535 2533 Erfordie,
559 2492 631 2525 Kal.
656 2492 752 2531 Iunii,
775 2492 948 2524 indictione
973 2493 1087 2531 tercia,
1114 2503 1196 2524 anno
1220 2492 1350 2523 Domini
1374 2492 1637 2525 MCCLXXXX,
1667 2492 1755 2532 regni

139 2551 213 2573 vero
235 2543 331 2574 nostri
353 2543 462 2576 XVII.

235 2685 298 2714 429.
317 2688 340 2720 ²)
359 2689 600 2715 Hildensheimensis
618 2690 642 2715 ⁸2.
731 2688 754 2721 b)
773 2690 950 2714 Admontcnsis
969 2694 993 2715 et
1012 2690 1095 2714 Sancti
1116 2690 1184 2714 Galli
1203 2689 1227 2714 2.

235 2779 300 2808 430.
319 2783 340 2816 ³)
359 2785 478 2810 Ervordie
497 2794 516 2810 c.
604 2783 626 2814 h)
647 2784 713 2815 quod
732 2793 751 2808 (¹.
839 2784 861 2813 r)
882 2784 999 2807 LXXXII
1021 2793 1039 2807 ι’.

1501 2832 1548 2857 ΓιῖΫ·
