2259 3164
148 722 171 741 10

147 979 168 997 15

146 1235 170 1254 20

145 1494 167 1514 25

146 1754 170 1773 30

148 2010 169 2028 35

147 2266 171 2284 40

149 2554 172 2572 45

150 2793 174 2810 50

735 162 885 188 SCRIPTA
905 163 1014 190 PAcis.
1052 165 1124 190 1283.
1162 165 1280 191 Nino-28.
1764 170 1825 197 (509

300 251 345 279 13.
377 248 556 279 PreteroaW
590 249 615 278 si
650 248 786 279 vasallos
821 249 903 279 inter
937 260 970 279 se
1005 250 1186 281 discordare
1223 252 1405 292 contigerit,
1449 255 1603 282 rectores.
1639 252 1759 282 iudices
1794 256 1826 283 et

189 301 297 337 iurati,
328 300 381 340 qui
411 310 465 340 pro
490 304 635 340 tempore
660 303 852 331 statuentur.
884 300 943 330 sibi
968 311 1096 331 causam
1121 301 1245 332 illorum
1269 307 1430 333 assument
1459 307 1490 333 ct
1514 304 1613 343 ipsam
1639 303 1826 343 diligencius

190 352 399 383 discucientes
423 351 571 382 iniustam
595 355 719 391 partem
743 354 947 391 conpescent,
970 353 1084 382 iustam
1109 363 1183 383 vero
1208 354 1238 383 in
1264 354 1408 384 omnibus
1432 354 1613 384 tuebuntur.

298 405 345 433 14.
375 402 510 443 Insuper
540 402 644 432 nullus
673 403 798 432 omnino
824 403 932 433 hostes
964 404 994 433 in
1019 403 1144 433 cibariis
1168 414 1225 434 nee
1257 405 1285 434 in
1310 416 1372 435 uno
1397 416 1453 435 nec
1482 406 1511 435 in
1536 406 1599 435 alio
1624 406 1825 440 confortabit,

189 454 246 485 sed
269 455 294 485 si
318 453 422 484 forsan
448 454 614 494 quisquam
639 456 737 489 esset,
768 454 840 494 quix
870 453 978 484 hostes
1008 455 1038 484 in
1067 455 1192 485 cibariis
1222 456 1271 485 vel
1300 456 1330 485 in
1362 456 1519 496 aliquibus
1549 457 1618 486 aliis
1647 457 1826 488 confortare

188 508 397 547 presumeret,
424 504 651 545 qualiscunque
677 504 748 535 talis
773 507 867 543 esset,
893 515 949 545 pro
973 505 1064 535 hoste
1089 505 1223 536 deberet
1248 517 1304 546 per
1328 508 1432 537 onmia
1457 509 1606 547 reputari.

299 559 344 587 15.
376 557 459 587 Item
482 557 620 587 universi
644 556 817 597 supradicti
842 557 1000 597 principes
1030 560 1061 587 et
1086 557 1204 587 domini
1228 569 1433 588 conscensum
1462 559 1502 589 ad
1531 559 1589 589 hoc
1614 560 1827 590 adhibuerunt

189 609 376 650 plenarium,
401 608 486 649 quod
511 609 657 639 civitates
682 619 791 639 eorum
816 612 880 639 tam
905 619 1020 649 magne
1046 620 1141 649 quam
1166 621 1261 650 parve
1286 611 1465 641 civitatibus
1490 612 1604 641 ceteris
1628 612 1657 641 in
1683 611 1827 642 omnibus

189 660 362 691 secundum
386 671 475 690 suam
500 660 745 700 possibilitatem
769 660 953 690 assistantw.

299 713 343 742 16.
375 711 459 742 Item
482 722 592 742 omnes
617 712 762 742 civitates
790 712 821 742 in
849 712 908 742 hac
932 712 1198 742 confederacione
1228 714 1446 753 coul‘irehense
1471 714 1673 754 pcrfmcntur
1703 718 1767 744 tam
1797 715 1826 743 in

189 763 345 802 theloniis,
369 762 515 803 pedagiis
540 766 571 793 et
595 763 825 793 exaxcionibus
850 763 941 793 dictis
965 763 1112 804 unghelt,
1139 774 1233 804 quam
1258 765 1287 794 in
1313 765 1457 795 omnibus
1481 765 1549 795 aliis
1574 766 1706 805 iuribus,
1731 765 1826 795 liber-

189 814 306 844 tatibus
330 817 362 844 et
385 814 509 854 graciiS,
535 824 612 854 quas
628 814 802 855 privilegiis
826 814 877 845 vel
900 815 969 845 aliis
987 815 1219 845 ostensionibus
1236 815 1453 846 demonstrare
1478 820 1626 856 poterunt
1650 827 1682 847 se
1706 817 1827 847 habere

190 870 220 896 et
236 866 389 896 haetenus
405 865 564 903 habuisse,
590 876 651 906 que
675 865 799 906 singula
824 866 943 896 debent
960 866 1091 896 cuilibet
1107 867 1227 897 civitati
1244 867 1416 897 secundum
1442 868 1525 907 quod
1543 868 1827 898 demonstraverint

188 918 342 952 innovari;
368 917 424 947 sed
448 916 630 957 specialiter
654 917 818 947 libertates
843 921 875 947 et
898 918 1005 958 gracie
1031 921 1062 947 et
1087 918 1191 947 onmia
1216 919 1315 948 iural.
1345 929 1405 958 quc
1430 918 1625 949 Lubicenses
1649 919 1828 949 habuerunt

189 969 219 998 in
246 968 390 999 omnibus
421 969 513 998 terris
544 972 576 998 et
604 969 759 1003 terminis,
797 979 857 1009 que
889 968 1016 999 fueraut
1043 969 1225 999 sublimium
1256 969 1454 1000 dominorum
1479 970 1607 999 Bai-nim
1633 976 1665 1000 et
1688 970 1827 1001 NVarzlai

189 1019 303 1050 ducum
333 1018 512 1057 Slavorum,
549 1019 668 1049 debent
698 1019 774 1059 ipsis
798 1020 1029 1050 Lubicensibus
1060 1020 1201 1050 innovari
1231 1024 1263 1050 et
1294 1031 1351 1060 per
1379 1021 1558 1051 auctentica
1592 1021 1758 1061 privilegia
1788 1021 1828 1052 de

188 1082 268 1102 novo
293 1070 437 1101 conferri.
505 1070 695 1101 Civitatibus
719 1071 873 1101 universis
896 1072 927 1101 in
951 1071 1268 1102 confederacionibus
1291 1071 1471 1102 huiusmodi
1497 1072 1735 1112 conprehensis.

300 1124 343 1153 17.
376 1121 545 1153 Similitery
571 1127 603 1153 et
626 1122 753 1152 vasallis
777 1122 896 1153 debent
920 1124 1025 1153 omnia
1054 1124 1135 1161 iura,
1168 1123 1334 1153 libertates
1365 1127 1396 1153 ct
1419 1124 1542 1164 gracie,
1576 1134 1653 1163 quas
1677 1134 1695 1153 a
1721 1125 1829 1164 primis

190 1178 221 1205 et
243 1175 380 1214 antiquis
404 1184 543 1214 unquam
567 1173 748 1204 habuerunt
772 1174 979 1214 temporibus,
1004 1174 1231 1204 inviolabiliter
1255 1174 1426 1205 observari.

300 1228 344 1256 ls.
380 1225 531 1256 Ceterum
556 1225 711 1265 sepedicti
740 1226 899 1266 principes
932 1230 963 1255 et
994 1225 1113 1256 domini
1144 1236 1215 1255 cum
1243 1225 1479 1255 marchionibus
1510 1225 1559 1255 vel
1595 1226 1737 1257 hostibus
1765 1228 1829 1256 suis

188 1277 257 1308 aliis
281 1277 537 1317 conposicionem
561 1287 689 1317 prorsus
712 1276 831 1307 nullam
856 1276 988 1312 inibunt,
1012 1277 1070 1306 nisi
1095 1277 1134 1306 sit
1159 1287 1229 1307 cum
1246 1277 1410 1308 voluntate
1436 1277 1597 1307 civitatum
1615 1279 1829 1309 communium

189 1333 221 1360 et
244 1338 407 1359 consensu.

299 1382 344 1411 19.
376 1379 490 1410 Omnia
522 1385 615 1410 veroZ
647 1379 766 1419 placita
795 1383 972 1410 memorata
1003 1383 1035 1409 ct
1066 1383 1185 1410 statuta
1214 1383 1310 1420 atque
1346 1390 1409 1419 pax
1442 1390 1498 1420 per
1530 1379 1644 1410 decem
1675 1391 1827 1411 annorum

190 1431 347 1463 durabunt
371 1431 536 1470 circulum,
568 1434 599 1462 et
627 1432 651 1461 si
676 1435 792 1461 extunc
816 1431 943 1461 vasallis
972 1434 1004 1461 et
1028 1431 1208 1461 civitatibus
1232 1431 1308 1461 utile
1339 1434 1370 1461 et
1394 1430 1570 1471 expediens
1598 1432 1698 1462 visum
1723 1432 1827 1467 fuerit,

186 1489 220 1514 ut
242 1483 415 1524 perdurent
439 1483 574 1519 diucius,
599 1493 656 1523 per
680 1486 832 1523 quantum
857 1483 1010 1523 temporis
1034 1483 1109 1523 ipsis
1133 1483 1303 1523 placuerit,
1327 1482 1547 1522 perdurabunt
1569 1483 1718 1517 ulterius,
1743 1483 1827 1523 quod

186 1538 293 1566 tamen
316 1545 518 1575 nequaquam
543 1535 573 1564 in
598 1534 743 1573 dominis,
768 1534 824 1564 sed
848 1535 878 1564 in
902 1534 1029 1564 vasallis
1053 1539 1085 1564 ct
1109 1534 1290 1564 civitatibus
1314 1537 1438 1564 tantum
1462 1534 1599 1564 stabunt.

293 1589 342 1617 20.
374 1586 406 1616 Si
430 1589 537 1616 autem
563 1597 756 1627 quemquam
781 1586 980 1616 dominorum
1005 1585 1237 1616 antedictorum
1262 1585 1368 1616 medio
1394 1590 1539 1625 tempore
1568 1586 1608 1615 ab
1637 1586 1696 1616 hoc
1720 1587 1829 1616 seculo

189 1639 345 1679 emigrare
374 1638 554 1679 eontigerit,
591 1641 622 1667 et
654 1638 679 1667 si
710 1637 765 1667 filii
797 1638 843 1667 sui
877 1648 931 1668 seu
963 1637 1100 1668 heredes
1128 1637 1287 1677 prelibata
1318 1647 1445 1667 servare
1474 1638 1670 1676 rennuerint,
1706 1639 1828 1675 vasalli,

187 1690 297 1721 fideles
321 1694 353 1720 et
377 1690 522 1720 civitates
546 1689 621 1729 ipsis
638 1689 822 1729 homagium
847 1690 912 1719 sive
936 1689 1145 1729 vasallagium
1163 1699 1366 1729 nequaquam
1391 1689 1508 1719 facient
1532 1699 1590 1719 nee
1609 1690 1692 1729 ipsos
1711 1689 1829 1720 debent

188 1742 306 1772 habere
330 1752 387 1782 pro
413 1741 561 1780 dominis,
592 1742 651 1771 nisi
682 1742 768 1781 prius
793 1744 920 1771 servent
945 1741 1065 1777 omnia,
1102 1752 1162 1781 quc
1195 1745 1266 1771 sunt
1293 1741 1438 1781 superius
1462 1744 1647 1771 memorata.
1696 1741 1727 1771 Si
1752 1752 1829 1772 vero

188 1794 323 1824 vasallus
347 1794 513 1834 quisquam
531 1796 673 1823 mortuus
690 1792 795 1829 fuerit,
820 1792 873 1822 filii
898 1793 944 1822 sui
962 1803 1018 1822 seu
1034 1792 1170 1822 heredes
1187 1792 1282 1831 idem,
1308 1792 1392 1833 quod
1411 1796 1502 1832 pater
1523 1793 1675 1832 promisit,
1701 1793 1827 1824 facient.

187 1845 337 1886 Alioquin
360 1845 519 1885 principes
544 1848 575 1875 et
599 1844 718 1874 domini
744 1844 826 1874 bona
850 1855 906 1874 sua
930 1844 1070 1875 feodalia
1094 1855 1294 1885 nequaquam
1320 1845 1484 1884 porrigere
1509 1844 1568 1874 sibi
1593 1844 1720 1875 debent.

293 1899 343 1927 21.
370 1896 423 1927 Ad
447 1897 553 1926 omnia
576 1896 738 1926 antedicta
761 1896 932 1926 statuenda
957 1899 988 1926 et
1011 1895 1187 1926 ordinanda
1211 1906 1333 1925 necnon
1359 1899 1464 1925 errata
1486 1896 1675 1935 corrigenda
1699 1899 1763 1927 tam
1788 1897 1827 1927 de

188 1948 313 1978 vasallis
346 1958 441 1988 quam
476 1947 721 1978 discrecioribus
755 1948 919 1977 civitatum
954 1947 1151 1988 singulorum
1187 1947 1386 1977 dominorum
1423 1950 1454 1976 et
1490 1951 1644 1977 terrarum
1677 1952 1827 1983 rectores,

189 1999 308 2031 iudices
338 2004 370 2030 et
397 2000 491 2030 iurati
514 2000 645 2039 singulis
675 2000 738 2029 suis
763 1999 883 2029 debent
909 1999 999 2039 eligi,
1035 1999 1087 2039 qui
1116 2002 1229 2039 quater
1257 1999 1287 2028 in
1316 2009 1397 2028 anno
1427 1998 1583 2038 quolibet,
1618 1998 1768 2029 videlicet
1797 2000 1828 2029 in

189 2054 299 2082 octava
328 2051 461 2092 pasche,
496 2052 527 2081 in
557 2054 670 2081 octava
704 2050 790 2081 beati
821 2051 971 2081 Iohannis
1003 2050 1156 2090 baptiste,
1190 2051 1221 2079 in
1251 2054 1363 2080 octava
1395 2050 1479 2080 beati
1504 2050 1692 2081 Michahelis
1728 2054 1759 2081 et
1793 2052 1821 2081 in

189 2103 424 2133 circumcisione
442 2102 571 2133 Domini
595 2102 767 2133 secundum
793 2102 878 2142 quod
903 2102 987 2142 apud
1012 2113 1045 2132 sc
1071 2102 1271 2132 decreverint
1296 2101 1415 2131 debent
1439 2101 1479 2131 ad
1503 2102 1717 2141 statuendum,
1743 2102 1826 2132 ordi-

188 2154 325 2184 nandum
356 2158 388 2184 et
418 2154 641 2194 corrigendum
674 2154 798 2194 singula
831 2154 1014 2189 convenire;
1051 2160 1081 2183 ct
1113 2153 1251 2193 quitquit
1280 2153 1320 2183 ab
1351 2153 1426 2192 ipsis
1458 2153 1605 2183 extricari
1637 2158 1668 2183 et
1699 2153 1828 2184 enodari

188 2206 374 2246 nequiverit,
392 2205 431 2235 ad
451 2205 648 2236 evocandum
666 2208 697 2236 et
713 2205 917 2235 iudicandum
936 2205 976 2235 ad
994 2205 1155 2235 dominum
1173 2204 1349 2234 [ohannem
1367 2204 1480 2234 duceni
1499 2204 1636 2235 Saxonie
1655 2204 1827 2239 deferetur,

190 2257 241 2297 qui
264 2257 304 2287 ab
320 2257 473 2287 universis
498 2257 634 2287 dominis
658 2260 690 2287 et
708 2256 833 2286 vasallis
858 2260 889 2286 et
906 2256 1086 2286 civitatibus
1110 2266 1204 2295 super
1229 2255 1288 2285 hiis
1306 2255 1451 2285 omnibus
1472 2255 1569 2285 iudex
1594 2260 1625 2285 ct
1643 2257 1828 2296 capitaneus

190 2311 237 2338 cst
260 2308 388 2338 electus.
434 2308 476 2338 Et
499 2309 523 2338 si
549 2318 606 2348 per
628 2308 768 2348 aliquam
789 2308 971 2338 absenciam
997 2310 1087 2338 extra
1112 2312 1211 2337 terras
1235 2307 1341 2337 forsan
1367 2307 1507 2337 existens
1524 2317 1654 2347 presens
1680 2317 1826 2337 essenon

191 2360 319 2399 poterit,
354 2370 424 2390 cum
455 2360 584 2390 consilio
617 2363 648 2389 ct
679 2359 841 2390 voluntate
872 2359 1110 2399 prehabitorum
1145 2358 1344 2388 dominorum
1376 2358 1567 2388 vasallorum
1602 2362 1633 2388 ct
1664 2358 1826 2388 civitatum

190 2410 326 2442 iudicem
351 2411 449 2442 debet
473 2421 592 2452 ponere
618 2411 686 2441 loco
712 2412 768 2441 sui.

290 2504 354 2530 628.
374 2508 403 2536 w)
423 2506 716 2530 Preterea—assisiant
734 2506 824 2529 desum
843 2505 878 2528 Jl.
968 2504 992 2537 x)
1012 2513 1060 2536 que
1080 2514 1115 2528 ων.
1203 2509 1226 2531 5)
1248 2505 1285 2527 ΔΙῖι
1305 2504 1350 2528 hoc
1370 2505 1441 2528 verbo
1461 2504 1560 2534 reliqua
1579 2504 1663 2526 omnia
1682 2503 1769 2525 ‹les-teat
1791 2502 1827 2532 111,

192 2549 232 2572 ubl
244 2549 330 2579 polius
348 2549 409 2572 haec
428 2553 580 2580 sequuntur:
598 2549 716 2572 l'reterea
735 2548 841 2573 domini.
862 2548 951 2572 vasalli
975 2552 999 2571 et
1022 2548 1137 2571 civitates
1160 2555 1190 2571 ae
1209 2556 1294 2571 omues
1319 2548 1344 2570 111
1370 2547 1416 2570 hac
1436 2547 1642 2570 cont'edcraciom·
1662 2545 1826 2576 conprehensi

191 2599 240 2614 non
258 2592 437 2623 aggredientur
462 2592 575 2622 aliquam
600 2598 722 2622 gwerram
747 2591 846 2614 racione
870 2591 1025 2621 gravaminis
1049 2590 1225 2620 cuiuscunque
1250 2590 1296 2612 nisi
1321 2590 1350 2613 de
1379 2589 1504 2613 communi
1532 2589 1636 2613 consilio
1661 2596 1757 2611 coi-nni.
1783 2587 1826 2617 qni

191 2634 314 2664 pertinent
332 2634 363 2658 ad
382 2634 616 2658 confederaeimoem
637 2637 777 2665 presentem
802 2633 887 2656 onznia
906 2633 1031 2663 hucusque
1050 2633 1139 2656 deleta.
1177 2632 1235 2655 Post
1255 2632 1331 2655 llaec:
1356 2633 1391 2655 Dc
1417 2635 1510 2655 rectore
1531 2640 1574 2654 seu
1596 2631 1675 2653 iudice
1695 2635 1717 2653 et
1739 2631 1827 2653 iuratis

190 2677 357 2701 assessoribus
376 2677 430 2701 eius
448 2677 562 2707 quolibet
580 2685 648 2700 auno
668 2676 825 2700 innovandis¹
897 2676 933 2699 Dc
952 2676 1061 2704 domino,
1082 2675 1178 2699 vasallo
1193 2675 1231 2698 vcl
1246 2675 1394 2698 civitatens«¹
1414 2675 1495 2697 iurato
1509 2674 1643 2697 decedente
1662 2678 1685 2696 et
1704 2673 1753 2696 alio
1773 2673 1827 2697 loco

192 2719 230 2743 sui
249 2719 331 2743 iurare
350 2720 452 2744 volenti.
524 2720 561 2743 De
581 2720 737 2750 pandatione
756 2719 871 2742 facienda
891 2727 966 2750 super
985 2719 1149 2741 adversarios.
1238 2720 1258 2747 z)
1280 2726 1337 2741 vero
1357 2726 1436 2747 snpra,
1456 2717 1499 2739 lim
1508 2725 1546 2739 11111
1568 2716 1627 2740 add,
1649 2726 1684 2739 or.

293 2786 318 2816 1)
339 2786 380 2811 De
399 2786 450 2811 hiis
469 2787 503 2817 cf.
522 2795 552 2811 (τι
572 2794 637 2818 querc
657 2788 746 2810 notatu
766 2787 827 2810 snut
847 2784 1017 2810 <liaustu-hes
1041 2784 1259 2809 Isrlm›zdmtlmch‘
1278 2785 1292 2809 l.
1313 2794 1332 2809 ν.

294 2846 329 2862 LL.
349 2846 557 2863 ‹zoxssTiTUTmNEs
577 2846 609 2862 ΙΙΙ,
1593 2844 1615 2857 ⁶*

1858 2053 1903 2072 lun.
1916 2054 1947 2072 30.

1871 2085 1917 2106 Oet.
1929 2088 1948 2105 6.

1868 2119 1913 2139 lan.
1926 2122 1941 2139 1.
