2259 3164
131 736 154 755 10

132 991 154 1009 15

134 1509 156 1528 25

135 1769 159 1787 3⁰

137 2025 160 2045 35

141 2543 163 2561 45

551 171 708 197 RUDOLFI
727 170 831 197 REGIS
851 171 1170 197 CONSTITUTIONES.
1210 172 1282 198 1233.
1320 172 1365 197 Nr.
1379 174 1436 199 353.
1749 174 1808 204 337

181 258 274 289 huius
299 258 484 289 sindicatus.
523 257 566 288 Et
582 258 776 299 generaliter
800 257 839 288 ad
864 257 969 288 omnia
993 268 1031 289 ea
1056 261 1087 288 ct
1112 258 1237 299 singula
1261 259 1403 299 gerenda
1426 262 1457 289 et
1481 260 1629 291 facienda
1653 262 1685 290 et
1709 270 1808 301 expe-

181 309 308 349 dienda,
331 320 391 351 que
410 313 503 340 cauta
518 310 637 341 fuerint
656 312 687 340 et
704 309 882 351 expedierit
899 310 930 339 in
948 309 1102 351 predictis
1121 313 1153 341 et
1170 310 1277 341 circha
1293 311 1436 351 predicta
1453 315 1485 342 et
1501 322 1612 342 eorum
1630 312 1808 342 occasione.

287 363 315 392 2.
340 360 391 392 Ad
416 361 475 391 hec
500 372 557 391 nos
574 363 719 402 potestas
744 364 775 391 et
792 360 990 392 credendarii
1009 361 1122 392 dantes
1140 364 1171 391 et
1188 362 1402 393 concedentes
1420 363 1497 404 ipsis
1514 363 1650 393 dominis
1668 363 1810 394 Henrico

180 416 213 444 et
236 413 396 444 Guilelmo
420 412 550 443 sindicis
575 415 607 443 et
630 413 892 453 procuratoribus
916 413 1058 443 comunis
1078 412 1249 443 Cumarum
1275 413 1314 443 ad
1334 414 1474 454 predicta
1499 415 1603 445 onmia
1627 418 1658 445 et
1683 415 1810 455 singula

183 465 405 506 sollempniter
421 463 564 505 gerenda
581 467 613 494 et
630 463 778 495 facienda
791 467 822 495 et
839 464 1043 505 expedienda
1055 464 1191 495 liberum
1210 468 1241 495 ct
1257 465 1409 505 generale
1427 465 1612 496 mandatum
1629 469 1661 496 et
1677 466 1810 496 liberam

181 520 212 548 et
239 516 424 557 generalem
454 516 765 547 administrationem
792 516 824 546 in
854 515 1007 557 predictis
1037 518 1068 546 et
1099 526 1196 557 super
1225 516 1389 557 predictis,
1427 517 1639 557 promittimus
1671 520 1703 548 et
1735 528 1809 548 con-

181 568 325 599 venimus
359 567 530 608 obligando
563 567 670 598 omnia
699 570 878 598 nostrorum
912 566 1193 597 credendariorum
1230 567 1314 597 bona
1350 570 1382 597 et
1412 569 1518 598 omnia
1550 568 1634 599 bona
1667 568 1810 599 comunis

182 619 354 650 Cumarum
385 619 550 660 presencia
585 622 618 649 et
646 619 752 649 futura
782 619 876 649 michi
908 618 1079 649 Ferrabovi
1114 619 1237 649 notario
1269 618 1473 660 infrascripto
1505 623 1655 660 tanquam
1684 620 1811 661 publice

180 681 315 712 persone
345 671 533 701 sollenniter
563 670 728 712 stipulanti
759 673 790 701 et
813 670 981 711 recipienti
1009 670 1049 700 ad
1079 673 1203 711 partem
1233 670 1365 711 predicti
1395 670 1513 701 domini
1548 672 1647 702 nostri
1671 672 1755 713 regis
1781 675 1812 701 et

181 722 326 764 imperiih
344 723 481 753 Romani
506 725 538 753 et
563 722 735 754 cuiuslibet
758 722 888 752 alterius
913 732 1061 763 persone,
1087 722 1151 752 cuii
1177 722 1227 752 vcl
1252 722 1341 752 cuius
1364 722 1518 762 intererit,
1542 734 1598 753 nos
1623 726 1654 754 et
1677 734 1812 753 comune

180 778 213 806 et
240 775 384 806 homines
413 775 585 806 Cumarum
617 775 799 805 habiturum
828 778 861 805 et
890 774 1056 805 habituros
1087 774 1170 804 hunc
1201 774 1390 805 sindicatum
1420 778 1452 805 et
1481 786 1681 817 quecumque
1706 775 1813 806 onmia

180 830 212 858 et
234 827 360 868 singula
376 830 458 865 acta,
483 827 578 864 facta,
604 827 771 869 promissa,
796 826 937 867 obligata
960 830 992 857 et
1016 826 1168 868 expedita
1192 826 1310 857 fuerint
1334 837 1391 867 per
1415 827 1501 867 ipsos
1526 827 1663 858 sindicos
1688 828 1811 858 ratione

179 881 211 909 et
234 879 409 910 occaxione
433 878 528 909 huius
553 878 728 909 sindicatus
752 881 822 909 rata
846 882 877 908 et
900 878 1000 908 firma.
1536 886 1538 889 ·

287 932 314 961 3.
346 930 416 966 Que
445 930 573 971 quidem
598 933 693 971 pacta
718 933 749 960 et
773 930 1007 961 convenciones
1032 932 1105 960 sunt
1129 929 1205 960 hec:
1310 932 1347 967 (Ι)
1376 930 1535 972 ‘Inprimis
1571 929 1655 971 quod
1679 940 1813 960 comune

266 985 297 1012 et
321 981 467 1012 homines
498 981 670 1012 Cumarum
700 984 873 1013 teneantur
905 984 936 1012 ct
965 981 1104 1012 debcant
1133 981 1266 1023 imperio
1292 981 1438 1013 Romano
1470 986 1501 1013 ct
1525 982 1651 1013 domino
1676 981 1814 1012 Rodulfo

264 1034 333 1075 regi
354 1029 572 1064 Romanorum
597 1033 758 1065 dimittere
784 1037 816 1064 et
840 1033 1010 1064 restituere
1037 1033 1143 1064 onmia
1166 1034 1235 1064 iura
1260 1034 1318 1075 ipsi
1344 1034 1475 1075 imperio
1500 1034 1644 1064 Romano
1670 1036 1701 1064 et
1729 1033 1813 1063 dicto

265 1084 393 1115 domino
427 1085 494 1126 regi
529 1085 568 1116 (10
606 1085 674 1116 iure
710 1084 836 1123 debita,
877 1088 909 1115 et
946 1085 1030 1126 quod
1071 1087 1241 1115 teneantur
1276 1085 1385 1116 invare
1424 1089 1456 1116 et
1486 1085 1642 1116 auxiliare
1675 1088 1707 1115 et
1738 1096 1812 1115 (¹011-

267 1135 418 1179 [chilium
444 1136 535 1175 dare,
560 1139 654 1178 prout
677 1136 716 1167 de
742 1137 809 1167 iure
833 1140 1002 1175 tenentur,
1030 1137 1154 1178 prefato
1179 1136 1307 1167 domino
1338 1137 1405 1178 regi
1435 1137 1474 1167 ad
1503 1136 1757 1177 recuperandum
1783 1140 1815 1167 et

265 1187 502 1219 defendendum
519 1188 588 1219 iura
612 1187 818 1230 imperiali[a]
845 1199 864 1218 a
889 1188 1032 1230 quolibet
1055 1188 1166 1218 illicito
1190 1188 1366 1219 detentore.
1454 1190 1505 1227 (H)
1530 1189 1610 1219 Item
1635 1188 1719 1229 quod
1743 1199 1814 1229 pre-

265 1239 369 1270 dictus
393 1239 540 1270 dominus
566 1240 736 1281 episcopus
761 1240 888 1281 legatus
913 1239 989 1270 dicti
1014 1239 1134 1270 domini
1159 1239 1245 1280 regis
1271 1243 1302 1270 et
1327 1240 1395 1270 cius
1420 1240 1547 1270 nomine
1565 1242 1713 1270 teneatur
1738 1251 1812 1271 con-

265 1291 390 1322 firmare
421 1294 453 1321 et
476 1291 595 1322 habere
620 1292 711 1322 firma
736 1294 767 1322 et
790 1295 860 1322 rata
885 1292 991 1321 onmia
1020 1294 1052 1322 et
1077 1291 1203 1332 singula
1227 1292 1412 1333 privilegia,
1443 1294 1551 1333 pacta,
1580 1291 1813 1333 indulgencias,

265 1343 397 1383 gratias,
423 1343 615 1381 sentencias,
632 1343 887 1385 prerogativask,
907 1343 1123 1384 specialitates
1144 1346 1175 1373 ct
1191 1343 1259 1373 iura
1277 1345 1385 1373 cetera
1402 1343 1475 1374 data
1495 1342 1540 1384 [et
1556 1342 1668 1384 factal¹
1687 1343 1813 1373 comuni

267 1394 439 1425 Cumarum
463 1395 503 1425 ab
528 1395 774 1436 imperatoribus
803 1398 833 1425 ct
858 1395 987 1436 regibus
1013 1395 1156 1425 ciusdem
1187 1394 1303 1425 domini
1330 1393 1453 1436 [regis]¹
1483 1394 1613 1425 Rodulfi
1642 1394 1812 1436 predeces-

266 1446 390 1477 soribus
422 1447 472 1478 vel
511 1447 551 1478 ab
587 1458 697 1478 eorum
731 1447 873 1485 nunciis,
914 1449 1009 1488 prout
1040 1447 1079 1477 dc
1110 1447 1177 1477 iure
1207 1446 1330 1485 valent,
1364 1449 1395 1476 et
1425 1457 1463 1477 ea
1493 1446 1677 1487 privilegia,
1710 1449 1813 1487 pacta,

265 1497 495 1540 indulgencias,
520 1499 648 1540 gratias,
675 1499 875 1533 sentencias,
912 1499 1134 1540 prerogativas
1171 1501 1203 1529 et
1229 1501 1336 1529 cetera
1362 1498 1425 1528 alia
1448 1498 1532 1536 iura,
1557 1500 1650 1538 prout
1680 1497 1718 1528 de
1745 1498 1813 1528 iure

268 1549 390 1589 valent,
421 1550 583 1592 predictus
608 1549 753 1581 dominus
778 1561 835 1581 rex
860 1550 963 1581 eidem
990 1550 1115 1580 comuni
1140 1549 1313 1580 Cumarum
1345 1559 1475 1579 servare
1505 1552 1654 1579 teneatur
1683 1552 1715 1580 et
1738 1560 1813 1579 con-

268 1600 403 1632 firmare.
487 1600 687 1643 [Teneatur]l
707 1601 806 1632 eciam
826 1601 990 1642 predictus
1009 1600 1155 1631 dominus
1173 1610 1229 1631 rex
1247 1601 1356 1631 iuvare
1383 1603 1415 1631 ct
1434 1600 1588 1631 auxilium
1599 1605 1618 1618 ¹²¹
1634 1600 1710 1632 dare
1728 1601 1813 1631 dicto

268 1653 393 1683 comuni
424 1652 594 1683 Cumarum
626 1655 737 1683 contra
765 1657 1003 1694 quascumquen
1032 1663 1200 1694 personas,
1239 1652 1377 1693 collegia
1419 1656 1450 1683 et
1485 1652 1728 1689 universitates,
1753 1663 1813 1693 que

268 1704 407 1734 vellent⁰
452 1704 482 1734 in
522 1705 628 1745 aliquo
670 1705 917 1746 prescriptorum
962 1707 1071 1735 contra
1114 1704 1271 1734 iusticiam
1316 1705 1419 1745 ipsum
1467 1714 1603 1734 comune
1642 1704 1814 1734 Cumarum

268 1766 399 1788 vexare.
486 1759 550 1794 (III)
583 1756 664 1786 Item
693 1756 777 1798 quod
809 1767 942 1787 comune
975 1760 1007 1787 et
1037 1756 1180 1786 homines
1213 1755 1386 1786 Cumarum
1418 1759 1588 1786 teneantur
1618 1759 1649 1786 et
1677 1755 1816 1787 debeant

269 1806 345 1838 dare
373 1808 573 1849 apertionem
598 1808 718 1838 viarum
744 1811 775 1839 et
799 1812 916 1839 stratas
942 1819 1086 1839 reserare
1110 1808 1221 1838 militie
1247 1811 1279 1838 et
1303 1808 1391 1848 genti
1416 1807 1551 1849 predicti
1576 1806 1694 1837 domini
1720 1807 1814 1848 regis,

268 1859 558 1900 quocienscumque
584 1860 653 1901 ipse
679 1859 825 1890 (lominus
851 1865 928 1890 rexl'
952 1871 1006 1890 cas
1030 1860 1172 1890 mitteret
1197 1859 1227 1889 in
1246 1858 1483 1897 Lombardiam,
1512 1862 1543 1889 et
1568 1870 1637 1889 cam
1662 1859 1813 1889 miliciam

270 1914 302 1941 et
325 1914 452 1952 gentem
486 1912 629 1952 recipere
658 1915 690 1942 et
721 1913 767 1943 eis
799 1912 921 1950 eundo,
953 1911 1106 1942 morando
1131 1914 1161 1941 et
1186 1910 1350 1941 redeundo
1379 1910 1630 1941 subvencionem
1660 1910 1691 1940 in
1720 1910 1814 1941 rebus

269 1961 458 1993 victualibus
487 1967 632 2004 prestare
667 1963 851 1994 muneribus
881 1966 913 1994 et
944 1963 1120 2004 peccunia‘71
1146 1963 1286 2003 ipsorum
1315 1963 1383 1993 foro
1415 1965 1522 1993 tamen
1553 1961 1758 2003 congruenti,
1783 1964 1816 1992 et

270 2013 370 2044 eciam
393 2014 471 2055 ipsir
501 2014 630 2045 domino
655 2015 738 2055 regi,
763 2015 913 2056 quociens
945 2015 1070 2045 veniret
1101 2014 1132 2044 in
1168 2014 1293 2044 Italiam
1323 2024 1380 2054 per
1411 2013 1608 2044 districtum³
1632 2013 1814 2049 Cumarum,

270 2075 395 2106 semper
415 2065 640 2097 nichilominus
658 2067 754 2097 salvis
781 2066 928 2097 omnibus
953 2065 1075 2096 iuribus
1100 2066 1163 2096 iam
1182 2065 1264 2096 dicto
1290 2065 1423 2106 imperio
1449 2068 1480 2095 et
1499 2065 1625 2095 comuni
1644 2064 1814 2095 Cumarum

270 2116 546 2158 competentibus'.

291 2170 319 2198 4.
348 2168 568 2200 Interfuerunt
598 2172 763 2211 presentes
788 2181 844 2210 pro
870 2170 1005 2200 testibus
1031 2168 1193 2199 traditioni
1218 2169 1311 2199 huius
1337 2168 1513 2199 sindicatus
1537 2168 1683 2199 dominus
1713 2167 1812 2198 Gual-

187 2218 284 2249 terius
318 2219 357 2250 de
376 2219 464 2251 Vaze
497 2224 528 2251 et
557 2220 703 2252 dominus
732 2221 865 2251 Rubeus
897 2221 935 2251 (10
964 2221 1135 2251 Belmonte
1170 2224 1202 2251 et
1233 2220 1378 2250 (lominus
1411 2219 1554 2250 Curadus
1583 2220 1621 2250 de
1652 2219 1749 2249 Porta
1782 2222 1814 2249 et

188 2268 304 2300 domini
328 2270 506 2302 Guilelmus
531 2272 570 2303 de
594 2273 743 2311 Pessina,
774 2273 935 2303 Antonius
960 2272 1110 2303 Maernus
1143 2275 1174 2302 et
1197 2272 1288 2302 Tana
1317 2272 1356 2303 de
1380 2272 1501 2302 Licurti
1531 2272 1618 2302 cives
1642 2271 1814 2301 Mediolani

190 2323 221 2350 et
243 2320 364 2352 iudices
387 2322 419 2353 in
443 2323 599 2364 regimine
625 2324 815 2361 Cumarum,
847 2326 879 2355 et
909 2323 1027 2354 domini
1053 2323 1169 2365 Spinus
1194 2324 1348 2354 Sallarius
1378 2326 1410 2354 ct
1434 2323 1602 2353 Petrucius
1627 2322 1665 2353 (10
1690 2322 1813 2352 Lonate

190 2371 333 2404 similiter
365 2374 452 2405 cives
482 2375 656 2406 Mediolani
690 2379 722 2406 et
756 2375 833 2406 socii
865 2375 999 2417 predicti
1034 2375 1151 2406 domini
1191 2375 1353 2406 Guillclmi
1387 2375 1426 2405 de
1461 2374 1619 2405 Sorexina
1645 2373 1813 2414 potcstatis

190 2422 370 2463 Cumarum,
393 2429 424 2456 et
441 2425 559 2457 domini
578 2427 686 2458 Simon
710 2427 749 2458 (10
766 2427 940 2465 Locarnot,
964 2427 1058 2468 Ioscp
1075 2426 1239 2468 Bugonus,
1264 2427 1396 2457 Bennus
1422 2426 1460 2457 de
1481 2425 1597 2463 Orcho,
1622 2424 1813 2455 Guillelmus

190 2473 228 2506 de
245 2474 353 2515 Turre,
378 2477 590 2509 Gufredacius
615 2478 654 2510 de
672 2479 828 2517 Locarno⁷
852 2479 1023 2510 Ivcrardus
1048 2479 1086 2510 de
1104 2479 1260 2517 Locarno,
1286 2478 1421 2508 Gracius
1446 2477 1484 2507 (10
1504 2477 1657 2512 CarcanO,
1682 2476 1750 2505 Pax
1774 2475 1812 2505 dc

192 2525 342 2566 Cantono,
368 2527 495 2570 [Petrus
522 2530 561 2561 de
586 2530 711 2569 Leuco,
742 2531 851 2561 Simon
877 2530 915 2561 de
939 2531 1077 2569 Lucino,
1102 2529 1254 2560 Arialdus
1279 2529 1318 2560 dc
1344 2529 1552 2566 Oermenate,
1584 2527 1748 2557 Ber-tarius
1773 2526 1812 2557 (10

191 2577 283 2608 Zezio
312 2579 525 2621 iurisperitus,
562 2582 713 2623 Paganus
740 2582 865 2619 Rusca,
901 2582 980 2613 Sozo
1015 2582 1053 2612 de
1086 2582 1291 2622 Spezanave,
1327 2580 1488 2611 Iohannes
1519 2580 1677 2616 Luvatus,
1706 2578 1812 2607 Rizius

191 2627 230 2659 de
247 2627 398 2668 Oantono,
416 2631 486 2662 Pax
503 2632 541 2664 de
560 2633 727 2675 Cant0n0,]
739 2639 751 2651 ¹¹
768 2634 953 2665 Albertolus
971 2633 1010 2664 de
1028 2633 1139 2671 Vurio,
1158 2633 1348 2664 Guillclmus
1368 2631 1507 2668 Guittus,
1532 2631 1685 2661 Albcrtus
1705 2629 1811 2661 iudex,

289 2697 352 2724 353.
372 2698 396 2732 ¹³)
416 2700 457 2725 11ἷί
476 2702 545 2731 add„
563 2702 607 2726 secl
624 2707 774 2734 ε’..Ῥιιησιιιιη
793 2712 812 2727 c.
900 2702 917 2733 i)
942 2703 999 2727 cuia
1018 2712 1037 2727 c.
1117 2700 1141 2728 k)
1162 2702 1349 2733 prerogationcs
1373 2710 1392 2725 c.
1479 2698 1495 2729 Γ)
1515 2700 1581 2723 deest
1606 2708 1639 2723 c..·
1659 2699 1692 2729 cf.
1707 2707 1743 2721 nr.
1757 2700 1810 2721 354.

191 2739 221 2770 m)
234 2740 259 2763 in
272 2750 336 2766 0οη·-
350 2751 370 2767 ⁶·
438 2748 463 2775 Π)
477 2749 610 2777 quacfique
623 2755 643 2770 c.
714 2745 738 2777 ⁰)
752 2746 849 2770 uallent
862 2755 882 2770 c.
952 2746 974 2775 1¹)
992 2747 1039 2769 Res
1053 2754 1073 2769 c.
1144 2748 1167 2776 n)
1183 2745 1305 2777 peccunia
1324 2753 1356 2771 c.;
1374 2752 1395 2767 r.
1410 2743 1483 2767 elium
1502 2744 1609 2766 711·.3f1›l.
1681 2741 1699 2770 r)
1719 2741 1772 2771 ipso
1791 2748 1811 2764 c.

143 2781 167 2800 ⁵⁰
192 2781 211 2813 Β)
230 2783 380 2810 destructrum
400 2795 419 2811 ε.
497 2787 515 2819 t)
535 2788 606 2813 loca?
620 2797 638 2813 c.
728 2792 751 2819 ¹¹)
771 2789 841 2813 uncis
860 2789 959 2813 inclusa
972 2797 1021 2820 pe]-
1040 2788 1237 2820 dillogyraltlziam
1255 2787 1399 2811 ecciderunt
1419 2795 1452 2814 ιη
1471 2794 1500 2810 ω’
1519 2787 1616 2808 11r..'⁷'.'1-l
1635 2784 1810 2815 szrpsnlcviznus.

290 2844 545 2863 LL.GONST1TUT10NES
558 2847 590 2864 111.
888 2848 889 2852 ¹
1577 2834 1610 2859 43
