2259 3164
142 731 172 751 ¹10

147 988 171 1007 15

148 1244 172 1264 20

148 1503 172 1522 25

148 1760 172 1779 30

149 2018 172 2038 35

149 2278 173 2296 40

150 2534 173 2553 45

151 2787 174 2806 50

595 168 745 194 SCRIPTA
766 168 874 194 PACIS.
914 170 1097 197 1277j1-278.
1120 172 1191 197 12:50.
1225 171 1269 197 ΧΓ.
1284 172 1341 197 626.
1360 173 1416 198 62Τ.
1765 178 1825 205 ‹iot›

186 255 390 293 inclinantes,
428 265 487 284 una
519 265 590 284 cum
621 254 780 284 nobilibus
804 255 877 285 viris
901 255 1069 295 Reynaldo
1094 256 1239 287 Gelrcnsi
1270 262 1301 288 et
1325 258 1525 289 Theoderico
1551 259 1697 291 Clevensi
1728 261 1825 290 comi—

185 307 273 338 tibus
296 306 410 336 nostris
434 305 581 336 fidelibus
605 305 779 336 karissimis
803 305 894 336 fedus
919 308 1005 346 pacis
1029 308 1200 338 ineundum
1225 309 1372 339 duximus
1397 310 1453 340 sub
1478 312 1536 340 hac
1562 311 1675 342 forma:

297 359 326 389 2.
359 356 452 392 Quod
475 358 666 397 quicumque
691 357 869 396 hominum,
899 358 1124 399 cuiuscumque
1149 364 1247 389 status
1272 364 1325 390 aut
1349 361 1511 401 dignitatis
1535 373 1591 392 scu
1615 364 1825 403 premiuentic

185 410 294 447 suerit,
318 409 460 448 clericos,
485 408 718 438 ecclesiasticas
742 419 904 448 personas,
929 410 1055 447 milites,
1080 414 1284 450 mercatores,
1315 413 1500 453 peregrinos
1525 424 1560 443 ac
1585 414 1664 444 alios
1688 415 1825 445 viatores

144 479 151 490 ,ι
189 471 311 492 necnon
341 464 373 491 et
400 459 479 490 alios
503 470 709 500 quoscunque
739 460 821 490 inter
847 459 972 490 Renum
1003 465 1034 490 ct
1062 460 1202 491 Denram
1235 466 1265 492 et
1295 463 1325 492 in
1355 464 1429 503 ipsis
1459 465 1549 504 aquis
1579 466 1644 495 sivo
1676 466 1705 495 in
1735 467 1826 495 terris

189 513 253 544 sive
277 512 308 542 in
332 512 421 552 aquis
445 511 630 552 spoliaverit
654 514 708 541 aut
732 512 941 551 captivaverit
964 522 1020 541 seu
1045 513 1158 542 iniuste
1183 513 1223 543 ab
1249 514 1293 543 eis
1318 514 1437 554 aliquid
1463 517 1645 551 extorserit,
1677 527 1733 546 seu
1756 517 1824 556 qui-

189 574 312 604 cunque
347 566 509 594 monetam
542 562 706 593 falsaverit
741 563 791 593 vel
826 563 857 593 in
890 563 958 593 loco
994 574 1055 593 non
1092 563 1199 594 debito
1235 564 1285 594 vel
1327 565 1384 595 sub
1419 566 1508 606 signo
1544 567 1673 597 alterius
1709 567 1826 597 domini

187 618 348 646 monetam
373 614 446 644 cudi
466 614 579 644 fecerit
602 618 657 644 aut
674 615 863 654 permiserit,
889 615 918 644 in
936 616 1148 655 cuiuscunque
1165 619 1305 646 nos-trum
1324 616 1466 647 districtu
1490 622 1543 647 aut
1568 618 1598 647 in
1614 619 1826 650 omnm-minis.

188 667 301 698 finibus
343 676 399 696 seu
429 665 712 705 iurisdictionibus,
752 666 977 706 cuiuscumque
1021 666 1173 703 existant,
1214 667 1277 697 tale
1314 668 1434 698 facinus
1470 668 1564 699 fuerit
1598 673 1826 709 perpetratum.

189 718 242 749 ille
266 718 401 759 primum
425 720 534 747 contra
550 717 721 757 predictos
746 718 772 747 si
788 718 898 748 moniti
919 728 980 748 non
998 717 1248 749 emendaverint.
1273 722 1421 759 potenter
1439 725 1469 749 et
1486 724 1632 760 patenter
1648 725 1826 761 consurget.

189 770 258 801 aliis
281 769 409 800 minime
435 769 623 808 expectatis.
712 768 753 798 Et
782 779 839 799 nos
869 769 909 799 ad
933 770 1141 799 monitionem
1173 770 1255 807 eius,
1291 771 1343 810 qui
1367 770 1426 800 hoc
1451 772 1669 811 interceperit,
1704 772 1763 802 sibi
1786 772 1825 802 ad

189 820 446 863 prosequendum
471 820 652 850 huiusmodi
676 821 839 861 negotium
864 821 1075 851 communiter
1098 821 1251 851 auxilium
1276 822 1489 862 prestabimus
1519 834 1573 862 pro
1603 834 1695 863 posse
1720 828 1826 854 nostro

189 876 222 904 et
243 883 336 903 nosse
353 872 434 903 infra
458 876 521 902 tres
538 872 744 912 septimanas7
768 874 937 912 postquam
954 873 1107 902 fuerimus
1124 873 1278 913 requisiti,
1303 876 1334 903 et
1351 873 1391 903 ad
1409 873 1579 904 vindictam
1595 874 1666 904 talis
1683 874 1828 904 facinoris

189 927 336 965 potenter
360 927 392 954 et
415 926 562 964 patenter
585 924 777 953 unanimiter
800 924 1011 964 procedemus
1038 934 1096 954 nec
1121 925 1323 964 aliquatenus
1351 936 1368 955 a
1393 926 1614 964 prosecutione
1639 926 1827 955 desistemus

189 974 382 1014 huiusmodi,
418 974 519 1005 donec
550 985 643 1015 passo
672 975 818 1005 iniuriam
848 986 886 1005 ea
918 985 979 1015 que
1009 975 1149 1015 perdidit
1179 976 1240 1005 sint
1274 976 1340 1006 sine
1372 975 1508 1016 dampno
1544 987 1599 1007 suo
1631 977 1827 1017 integraliter

189 1027 333 1058 restituta
362 1030 393 1056 et
417 1026 534 1067 captivi
557 1026 674 1056 fuerint
703 1026 851 1065 absoluti,
882 1030 914 1056 et
942 1026 1031 1056 nobis
1057 1030 1191 1067 quatuor
1219 1037 1358 1067 congrua
1383 1028 1514 1067 prestita
1542 1028 1582 1057 sit
1612 1027 1747 1057 emenda
1777 1028 1828 1058 vel

188 1077 338 1108 iudicium
371 1077 489 1107 factum
519 1077 614 1107 fuerit
648 1077 687 1107 de
717 1078 793 1118 ipsis
823 1077 995 1118 spoliatore
1030 1078 1080 1108 vel
1109 1077 1334 1118 spoliat‹1›1·ibus
1368 1088 1423 1108 seu
1453 1079 1714 1118 captivatoribus,
1749 1079 1828 1109 sicut

190 1129 356 1160 dictaverit
380 1129 465 1169 rigor
488 1129 571 1158 iuris.

296 1182 323 1211 3.
354 1180 386 1211 Si
410 1181 479 1221 quis
503 1190 578 1211 vero
603 1180 749 1211 dominus
773 1184 857 1211 terre
882 1180 996 1211 nobilis
1014 1181 1063 1211 vel
1088 1181 1167 1211 alius
1191 1181 1305 1221 aliquis
1329 1181 1519 1222 spoliatores
1544 1182 1593 1211 vel
1618 1182 1829 1222 captivatores

190 1233 254 1263 sive
287 1232 431 1262 falsarios
462 1236 661 1262 monetarum
697 1233 856 1272 receperit
892 1237 923 1262 et
957 1236 1104 1273 receptos
1140 1232 1333 1272 defenderit,
1370 1234 1536 1273 quominus
1570 1234 1629 1273 ipsi
1664 1233 1831 1263 restituant

190 1284 337 1325 spoliata,
369 1284 419 1314 vel
444 1284 563 1314 solutos
588 1284 765 1314 dimiserint
789 1284 932 1324 captivos
959 1288 1013 1314 aut
1037 1294 1209 1324 congruam
1240 1284 1330 1314 nobis
1354 1288 1490 1325 quatuor
1513 1285 1664 1324 predictis
1688 1287 1830 1325 prestent

190 1335 357 1366 emendam
391 1339 446 1365 aut
476 1335 697 1375 prohibuerint
726 1336 877 1366 iudicium
909 1335 948 1365 de
986 1336 1061 1375 ipsis
1098 1336 1180 1366 fieri.
1219 1340 1327 1365 contra
1363 1335 1460 1366 talem
1496 1346 1605 1366 omnes
1640 1336 1830 1365 unanimiter

190 1397 415 1428 consurgemus
438 1398 496 1417 nec
521 1387 561 1417 ab
582 1388 709 1427 incepta
726 1387 949 1428 prosecutione
967 1387 1172 1426 cessabimus,
1198 1386 1298 1417 donec
1323 1387 1394 1417 talis
1412 1388 1575 1417 temeritas
1592 1398 1674 1427 pena
1691 1397 1828 1427 congrua

189 1439 344 1480 puniatur.
434 1438 502 1469 Nec
526 1440 611 1479 ipsos
628 1438 817 1479 spoliatores
841 1449 897 1469 seu
922 1439 1135 1479 captivatores
1159 1442 1214 1468 aut
1239 1448 1346 1469 eorum
1366 1442 1548 1479 receptores
1572 1449 1629 1469 seu
1645 1438 1829 1469 defensores

191 1491 303 1532 aliquis
331 1493 472 1521 nostrum
497 1490 660 1531 sigillatim
684 1490 833 1521 admittet
864 1490 903 1520 ad
932 1492 1068 1531 gratiam
1100 1490 1150 1520 vel
1179 1490 1443 1530 compositionem
1474 1490 1569 1520 faciet
1599 1501 1669 1520 cum
1698 1490 1828 1522 eisdem.

190 1542 245 1573 sed
268 1542 349 1573 sicut
373 1543 547 1573 communis
578 1546 626 1572 est
649 1546 756 1572 nostra
786 1541 938 1582 obligatio
968 1541 1008 1572 ad
1037 1542 1124 1582 pacis
1149 1542 1437 1579 conservationem,
1470 1543 1512 1572 sic
1542 1542 1637 1572 etiam
1666 1542 1747 1572 inter
1774 1552 1829 1571 nos

190 1594 363 1624 communis
387 1594 447 1624 erit
470 1594 649 1624 communio
676 1597 707 1623 et
724 1594 968 1624 communicatio
993 1593 1033 1623 ad
1058 1594 1294 1633 compositionis
1320 1596 1351 1623 et
1376 1593 1511 1623 emende
1529 1594 1745 1633 receptionem
1770 1603 1827 1622 nec

190 1644 302 1685 aliquis
325 1648 467 1675 nostrum
491 1645 692 1686 supportabit
716 1645 850 1675 alterum
875 1645 904 1674 in
929 1645 1100 1685 premissis.

296 1698 324 1726 4.
349 1696 505 1726 Volumus
537 1697 649 1731 etiam,
679 1696 763 1737 quod
788 1700 982 1727 mercatores
1018 1700 1049 1726 et
1080 1696 1149 1731 alii,
1183 1697 1361 1737 quicunque
1392 1697 1598 1726 mercimonia
1630 1705 1827 1736 quecunque.

190 1747 338 1778 videlicet
362 1749 391 1778 in
415 1748 498 1786 vino,
523 1748 598 1782 sale,
624 1747 726 1778 calibe
752 1751 783 1777 et
807 1748 877 1778 aliis
901 1758 962 1788 que
987 1747 1095 1778 selaist
1119 1747 1293 1788 vulgariter
1316 1747 1527 1788 appellantur.
1557 1747 1647 1776 Reno
1679 1750 1711 1776 et
1740 1746 1827 1776 Mosa

190 1802 361 1838 transeant,
387 1803 418 1829 et
441 1803 555 1830 stratas
580 1810 652 1830 suas
677 1803 709 1830 et
732 1800 798 1830 vias
822 1800 1001 1834 observent,
1027 1800 1107 1829 sicut
1132 1802 1317 1829 consuetum
1343 1802 1390 1829 est
1414 1799 1453 1828 ab
1479 1798 1618 1838 antiquo.

295 1854 323 1882 5.
353 1851 405 1881 Ad
439 1851 592 1881 maiorem
628 1852 724 1881 etiam
757 1852 854 1892 ipsius
889 1851 976 1891 pacis
1011 1850 1245 1881 observantiam
1284 1854 1315 1880 et
1349 1853 1560 1880 mercatorum
1596 1849 1737 1879 favorem
1772 1860 1828 1879 nos

191 1902 447 1943 archiepiscopus
476 1901 674 1932 Coloniensis
705 1901 866 1942 predictus
896 1902 1060 1932 denarium
1092 1901 1279 1939 conductus,
1313 1911 1407 1941 quem
1436 1901 1579 1940 recipere
1609 1901 1828 1930 consuevimus

190 1953 273 1994 apud
298 1953 439 1992 Worinc7
468 1953 652 1994 Urdincgen
678 1957 709 1983 et
732 1953 850 1988 Berke.
880 1953 1079 1993 deponimus,
1104 1953 1248 1983 volentes
1276 1955 1310 1982 ut
1333 1962 1455 1982 merces
1481 1955 1512 1982 et
1535 1951 1598 1981 alia
1622 1962 1679 1992 per
1703 1951 1827 1981 alveum

189 2004 271 2036 Reni
295 2005 521 2035 descendentia
547 2008 579 2035 et
602 2004 806 2035 ascendentia
832 2005 951 2035 ibidem
968 2004 1068 2035 libere
1094 2008 1255 2035 transcant
1279 2007 1311 2034 et
1335 2003 1498 2033 ducantur.
1587 2002 1627 2032 Et
1645 2002 1702 2033 Th.
1721 2013 1828 2033 comes

191 2055 352 2087 Clevensis
376 2056 541 2087 denarium
566 2056 754 2093 conductus,
790 2066 885 2097 quem
916 2056 1037 2096 recepit
1066 2055 1152 2096 apud
1177 2055 1293 2095 Orsoy,
1330 2055 1474 2085 similiter
1506 2054 1636 2095 deponit
1666 2058 1698 2084 et
1729 2054 1827 2094 depo-

190 2111 251 2138 net.
341 2107 456 2139 Comes
481 2109 576 2138 etiam
603 2107 764 2138 Gelrensis
793 2119 849 2138 suo
879 2108 960 2137 iusto
985 2107 1125 2137 thelonio
1150 2111 1315 2137 contentus
1340 2107 1413 2140 erit.
1446 2107 1526 2136 sicut
1556 2109 1602 2136 est
1633 2109 1827 2135 consuetum.

297 2162 324 2190 6.
349 2159 505 2190 Volumus
529 2161 658 2200 insuper
687 2170 742 2189 nos
772 2159 1045 2200 archiepiscopus,
1077 2158 1141 2188 dux
1166 2158 1354 2192 Brabantie,
1385 2168 1491 2188 comes
1520 2157 1627 2187 Gelrie
1663 2161 1693 2187 ct
1722 2167 1827 2186 comcs

191 2210 353 2242 Clevensis
376 2211 526 2252 predicti,
552 2211 637 2252 quod
661 2211 726 2241 dux
750 2211 990 2251 Limburgensis
1014 2210 1204 2249 thelonium,
1230 2209 1313 2250 quod
1338 2211 1440 2239 minus
1464 2210 1545 2239 iuste
1569 2208 1654 2249 apud
1679 2208 1828 2247 Dusburg

190 2263 311 2303 recepit
345 2266 377 2293 et
404 2264 530 2303 recipit,
562 2263 688 2293 omnino
726 2263 875 2303 deponat.
927 2261 967 2292 Et
994 2261 1151 2292 Henricus
1182 2261 1221 2291 «le
1250 2260 1373 2299 Lecka,
1405 2261 1428 2290 si
1458 2260 1543 2300 quod
1572 2260 1646 2290 iuris
1673 2259 1770 2289 habet
1799 2259 1827 2287 in

190 2313 329 2345 thelonio
354 2314 547 2353 Smithusen,
573 2325 609 2345 eo
634 2317 800 2345 contentus
824 2315 883 2344 erit
908 2317 939 2344 et
961 2314 1043 2343 ultra
1068 2324 1128 2343 non
1153 2313 1285 2353 recipiet
1309 2312 1428 2352 aliquid
1453 2312 1580 2342 ibidem.

298 2367 324 2396 7.
354 2365 397 2396 Et
427 2367 501 2407 quia
529 2366 571 2396 ad
594 2366 867 2396 conservationem
896 2366 983 2405 pacis
1008 2364 1150 2395 eiusdem
1175 2374 1338 2404 speramus
1362 2364 1532 2403 plerosque
1557 2362 1719 2392 nobiscum
1743 2361 1825 2400 aspi-

191 2426 259 2447 rare
288 2417 407 2448 debere
432 2417 664 2450 favorabiliter,
700 2417 891 2447 unanimiter
914 2416 1061 2446 duximus
1085 2414 1332 2446 admittendum.
1366 2418 1401 2444 ut
1424 2415 1448 2444 si
1473 2414 1541 2454 quis
1565 2413 1709 2443 dominus
1733 2416 1825 2442 terre.

191 2468 255 2498 sive
284 2469 456 2509 spiritualis
483 2470 549 2499 sive
578 2468 729 2499 secularis
758 2469 888 2505 existat,
919 2472 973 2498 aut
1001 2467 1114 2497 nobilis
1143 2466 1256 2507 aliquis
1283 2467 1347 2496 sive
1377 2466 1474 2496 etiam
1502 2465 1606 2504 aliqua
1636 2464 1745 2494 civitas
1772 2467 1825 2492 aut

192 2518 273 2550 bona
296 2520 370 2550 villa
394 2521 476 2551 inter
499 2520 624 2550 Renum
651 2523 682 2549 ct
698 2519 839 2549 Denram
856 2522 1088 2549 commorantes
1112 2521 1167 2548 aut
1187 2518 1328 2547 iacentes
1344 2516 1523 2547 huiusmodi
1549 2515 1638 2545 fedus
1663 2514 1823 2544 nobiscum

190 2570 267 2601 inire
292 2571 492 2602 decreverint
516 2578 547 2602 et
571 2571 611 2601 ad
636 2571 892 2601 observationem
916 2571 1003 2610 pacis
1026 2569 1205 2599 huiusmodi
1229 2580 1262 2598 se
1286 2568 1450 2598 nobiscum
1476 2565 1648 2606 duxeri[n]t
1673 2565 1825 2604 obligare.

190 2621 260 2651 talis
282 2623 333 2653 vel
357 2623 437 2653 tales
461 2623 501 2653 ad
526 2623 780 2653 communionem
804 2621 985 2651 huiusmodi
1010 2620 1127 2651 federis
1152 2620 1354 2660 recipientur.
1393 2619 1463 2648 Non
1481 2622 1586 2647 tamen
1604 2618 1669 2646 sine
1687 2616 1825 2645 unanimi

191 2682 344 2704 consensu
367 2675 506 2704 omnium
530 2677 671 2703 nostrum
696 2678 831 2713 quatuor
854 2672 1069 2713 predictorum
1099 2671 1138 2701 ad
1169 2670 1260 2700 fedus
1293 2670 1379 2709 pacis
1404 2667 1581 2698 huiusmodi
1607 2667 1822 2696 admittentur.

295 2726 322 2755 8.
355 2725 421 2755 Nos
444 2736 519 2755 vero
537 2724 796 2764 archiepiscopus
815 2722 1011 2753 Coloniensis
1037 2727 1068 2752 ct
1090 2722 1153 2751 dux
1172 2721 1344 2751 Brabantic
1362 2720 1495 2760 predicti
1513 2718 1551 2748 ad
1570 2718 1823 2747 observationem

193 2776 328 2806 omnium
359 2778 585 2817 premissorum
614 2775 676 2805 fide
708 2775 839 2815 prestita
865 2773 1030 2814 corporali.
1066 2783 1171 2803 coram
1202 2772 1311 2812 positis
1336 2770 1517 2810 ewangeliis
1547 2775 1577 2799 et
1609 2769 1700 2798 tactis
1728 2768 1824 2797 sacris
