2259 3164
108 488 119 507 5

97 969 120 988 10

98 1327 121 1346 15

97 1600 121 1619 2⁰

99 1856 121 1876 25

100 2112 123 2131 3⁰

102 2371 124 2392 3⁵

489 182 646 209 RUDOLFI
665 181 769 208 REGIS
789 179 1112 208 CONSTI'I'UTIONFIS.
1151 183 1224 209 1281.
1262 183 1449 212 N1-.285.‘2813.
1724 189 1781 219 291

253 270 341 310 Erga
379 272 506 300 nostros
546 268 690 300 subditos
730 271 762 299 et
797 269 910 299 fideles
950 269 1183 310 plenitudinem
1218 271 1325 310 gracie
1362 273 1554 313 restringere
1590 274 1785 312 nescientes,

148 321 295 364 prudenti
330 320 398 351 viro
439 320 545 351 balivo
586 319 715 361 capituli
752 320 860 351 Sancti
898 319 1063 351 Lamberti
1099 321 1290 352 Leodiensis
1330 333 1386 363 pcr
1425 324 1644 355 honorabilem
1684 327 1785 356 virum

149 372 343 404 Wernerum
368 371 406 402 de
431 371 555 413 Lapide
579 371 850 412 archidyaconum
874 371 1087 402 Leodiensem
1112 372 1300 404 familiarem
1331 378 1362 404 ct
1392 376 1616 416 cappellanum
1641 380 1783 407 nostrum

149 424 297 455 dilectum
333 423 473 454 bannum
507 423 649 463 regalem
683 422 927 453 transmittimus
959 433 1030 453 cum
1059 424 1205 464 plenaria
1234 428 1394 465 potestate
1427 426 1589 457 iudicandi
1619 428 1649 457 in
1679 428 1784 458 causis

146 475 341 516 sangwinum
372 475 404 505 in
429 473 520 504 bonis
545 474 677 515 capituli
709 474 891 509 memorati,
923 474 978 504 ubi
1008 474 1047 504 de
1078 475 1146 505 iure
1171 475 1312 506 iudicare
1344 479 1484 511 tenetur,
1519 489 1555 508 ac
1586 479 1693 509 onmia
1723 480 1784 510 alia

146 525 329 564 exercendi,
355 535 416 567 que
440 528 576 567 possunt
601 528 633 556 et
657 525 776 556 debent
800 525 831 556 in
855 525 947 556 bonis
972 525 1154 557 huiusmodi
1181 528 1335 560 exerceri.
1376 528 1500 559 Dantcs
1525 530 1554 559 ei
1579 529 1638 560 has
1656 534 1783 561 nostras

145 578 266 609 litteras
289 577 321 607 in
344 576 563 607 testimonium
588 587 685 618 super
710 587 760 608 eo.

251 628 372 659 Datum
397 627 591 667 Gemundie,
615 628 676 659 ΙΙΙ.
700 628 809 658 Nonas
835 627 1046 669 Septembri&
1071 629 1245 660 indictione
1270 630 1330 669 IX,
1354 641 1437 661 anno
1460 630 1590 662 Domini
1616 632 1785 663 millesimo

145 680 363 711 ducentesimo
386 678 512 709 LXXX
535 679 648 720 primo,
674 679 767 721 regni
792 689 866 711 vero
890 680 991 710 nostri
1016 690 1099 711 anno
1124 680 1216 711 VIII.

320 950 420 1001 286.
455 948 905 1002 INNOVATIO
944 949 1600 1004 INFEUDATIONIS

227 1024 909 1079 BURCGRAVIATUS
952 1025 1699 1083 NORIMBERGENSIS.

813 1119 919 1155 1Q81.
963 1120 1061 1164 Sept.
1082 1120 1117 1155 4.

249 1211 346 1242 Dedit
376 1211 476 1242 Herrc
506 1221 543 1241 ea·
570 1211 764 1250 auscqrapho
794 1211 947 1241 tabularii
976 1211 1131 1250 ycnrmdis
1158 1213 1246 1251 νεῖμαί
1276 1212 1438 1243 Baliarici
1469 1214 1787 1247 ‘Bm-imiten-›S'clrlct'

144 1274 191 1295 nr.
207 1265 257 1296 47.
303 1263 402 1294 Bulla
425 1273 524 1293 aurea
548 1263 650 1293 adhuc
673 1262 825 1301 pendenti
855 1263 985 1293 excellit.
1035 1263 1083 1303 Cf.
1112 1263 1172 1293 iam
1197 1274 1295 1302 snpra
1319 1275 1366 1294 ier.
1386 1265 1434 1294 17.
1465 1284 1504 1287 —
1536 1266 1685 1303 Balaam,
1711 1268 1784 1307 [ἐσμ.

147 1316 218 1355 imp.
239 1315 290 1352 VI,
304 1316 395 1345 1389.
1495 1317 1547 1357 (P.
1573 1318 1679 1352 deesf.)

251 1383 410 1414 Rudolt'us
434 1382 496 1414 Dei
520 1383 629 1424 gracia
651 1383 869 1415 Romanorum
895 1394 952 1415 rex
978 1394 1103 1426 semper
1128 1387 1285 1426 augustus
1310 1386 1456 1418 omnibus
1481 1388 1729 1430 imperpetuum.

251 1435 384 1476 Regalis
408 1435 624 1476 preminencie
656 1435 799 1466 debitum
833 1447 905 1467 esse
930 1436 1114 1475 dinoscitur,
1137 1437 1303 1468 universos
1327 1438 1388 1468 sibi
1413 1438 1547 1470 devotos
1573 1444 1605 1471 et
1622 1440 1786 1472 fidelitatis

146 1486 390 1529 promptitudine
429 1486 646 1528 obsequentes
686 1487 849 1529 condignis
888 1488 1138 1519 retribucionum
1175 1490 1306 1529 premiis
1344 1491 1527 1531 prevenire,
1566 1494 1601 1522 ut
1639 1494 1786 1534 exemplo

146 1539 412 1570 remuneracionis
436 1538 618 1569 huiusmodi
643 1540 806 1580 provocati
831 1540 930 1570 ceteri
955 1539 994 1570 ad
1019 1540 1119 1580 ipsius
1145 1540 1299 1581 obsequia
1323 1541 1479 1572 fldencius
1505 1544 1695 1575 animentur.
1735 1545 1785 1575 Ad

146 1590 362 1621 universorum
386 1590 483 1631 igitur
506 1593 571 1620 tam
595 1591 799 1632 presencium
825 1601 918 1632 quam
945 1591 1047 1622 eciam
1073 1591 1252 1622 futurorum
1274 1593 1425 1624 noticiam
1443 1595 1590 1625 volumus
1608 1597 1785 1636 pervenire,

147 1641 229 1683 quod
252 1652 310 1672 nos
334 1642 540 1673 attendentes
564 1642 658 1673 fidem
683 1653 795 1683 puram
821 1642 1093 1684 devocionemque
1118 1643 1294 1682 sinceram7
1326 1655 1420 1685 quani
1451 1646 1567 1676 nobilis
1598 1648 1646 1677 vir
1674 1648 1786 1678 Fride-

146 1693 229 1724 ricus
253 1693 443 1734 burgravius
469 1694 508 1724 de
532 1693 727 1734 Nurenberg
758 1695 1027 1734 consaugwineus
1057 1698 1089 1724 et
1120 1694 1223 1724 fidelis
1255 1699 1364 1726 noster
1396 1696 1533 1727 dilectus
1563 1709 1640 1739 erga
1668 1710 1725 1729 nos
1756 1703 1788 1729 et

146 1744 322 1776 Romanum
348 1746 432 1786 gerit
459 1745 642 1787 imperium,
674 1745 919 1776 considerantes
951 1756 1077 1786 quoque
1101 1749 1194 1786 grata
1224 1746 1332 1777 tidelia
1365 1751 1397 1777 et
1425 1748 1588 1779 laboriosa
1618 1760 1679 1790 quc
1710 1761 1786 1791 sepe

146 1796 238 1826 nobis
262 1800 294 1827 et
317 1796 378 1838 ipsi
403 1797 538 1837 imperio
564 1796 727 1826 fructuose
753 1797 898 1837 inpendit
915 1797 1079 1838 obsequia,
1105 1797 1164 1838 ipsi
1183 1797 1218 1829 F.
1238 1799 1401 1829 comiciam
1421 1799 1594 1840 burgravie
1613 1802 1642 1831 in
1661 1801 1785 1832 Nuren-

148 1847 234 1888 berg,
258 1851 396 1879 castrum
421 1848 505 1889 quod
530 1850 620 1878 tenet
645 1848 774 1886 ibidem,
800 1848 976 1879 custodiam
1002 1853 1093 1889 porte
1119 1849 1209 1879 iuxta
1233 1849 1350 1880 dictum
1377 1855 1517 1882 castrum
1541 1853 1610 1889 site„
1635 1853 1786 1883 iudicium

146 1899 340 1940 provinciale
365 1900 396 1930 in
420 1899 622 1940 Nurenberg,
647 1900 698 1930 cui
723 1900 825 1930 eciam
850 1900 918 1931 vice
942 1900 1144 1941 imperatoris
1169 1911 1327 1931 exercens
1354 1913 1447 1933 omne
1473 1903 1623 1934 iudicium
1650 1907 1681 1934 et
1706 1905 1786 1934 iudi-

148 1960 222 1980 cans
251 1950 450 1987 exercebit⁸3
486 1951 562 1981 item
589 1951 672 1991 quod
697 1951 844 1981 officialis
876 1951 1021 1982 eiusdem
1051 1951 1213 1992 burgravii
1251 1963 1314 1983 una
1350 1964 1420 1984 cum
1450 1954 1587 1985 sculteto
1615 1959 1723 1985 nostro
1757 1956 1786 1986 in

148 2001 272 2033 civitate
305 2001 498 2043 Nurenberg
533 2001 651 2032 iudicio
686 2002 851 2043 presideat
881 2006 913 2033 et
944 2002 1093 2044 quicquid
1125 2003 1321 2034 emolimenti
1355 2005 1386 2034 in
1419 2016 1516 2036 causa
1547 2006 1702 2037 criminali
1736 2008 1786 2037 vel

148 2053 229 2083 civili
252 2053 302 2084 vel
327 2054 501 2094 sangwinis
526 2057 581 2084 aut
598 2053 662 2084 alia
687 2064 877 2094 quecunque
902 2053 1080 2093 obvenerit,
1106 2053 1185 2084 duas
1211 2058 1320 2096 partes
1347 2056 1490 2087 eiusdem
1509 2057 1587 2087 lucri
1608 2057 1691 2087 idem
1716 2058 1785 2088 offi-

148 2103 235 2134 cialis
265 2105 414 2146 recipiat;
439 2105 514 2135 item
538 2104 620 2146 quod
645 2115 770 2146 queque
795 2105 918 2135 fabrica
941 2104 1016 2135 ferri
1042 2104 1126 2135 dicte
1151 2105 1293 2137 civitatis
1318 2106 1600 2148 Nurenbergensis
1618 2109 1786 2140 duodecim

148 2153 294 2186 denarios
317 2156 451 2197 singulis
475 2156 566 2187 annis
591 2156 675 2187 dicto
699 2156 872 2197 burgravio
898 2156 1002 2186 solvat
1027 2158 1058 2186 et
1083 2156 1168 2197 quod
1197 2156 1236 2188 de
1269 2157 1402 2198 singulis
1435 2160 1518 2190 areis
1548 2160 1628 2190 citra
1657 2164 1786 2201 pontem

148 2205 179 2236 in
201 2206 321 2238 diocesi
338 2206 532 2249 Eystedensi
556 2218 688 2238 censum
712 2210 744 2237 et
772 2211 917 2249 tempore
937 2208 1090 2238 messium
1110 2207 1149 2238 de
1168 2208 1311 2248 qualibet
1328 2220 1425 2240 unum
1443 2221 1619 2242 messorem
1638 2212 1785 2252 recipiat:

148 2257 277 2299 insuper
300 2258 384 2299 quod
408 2259 542 2290 terciam
565 2258 683 2299 feram,
708 2259 842 2290 terciam
867 2259 1015 2290 arborem
1041 2258 1080 2288 de
1111 2258 1231 2290 foresto
1261 2271 1297 2290 ac
1328 2262 1436 2292 omnia
1465 2262 1553 2303 ligna
1583 2263 1725 2293 iacencia
1755 2264 1785 2293 in

149 2308 257 2340 eodem
280 2310 379 2351 possit
402 2310 532 2349 tollere,
555 2320 670 2351 capere
696 2314 728 2341 et
758 2311 894 2343 habere:
926 2311 1059 2352 insuper
1090 2310 1231 2341 officium
1263 2311 1373 2343 foresti
1402 2313 1442 2343 ab
1472 2314 1526 2344 illa
1558 2318 1649 2355 parte
1681 2316 1785 2355 pontis

151 2370 260 2392 versus
285 2364 423 2392 castrum
448 2362 594 2402 dyocesis
619 2362 902 2403 Babenbergensis
928 2372 999 2392 cum
1024 2362 1172 2392 omnibus
1196 2363 1377 2394 attinenciis
1402 2365 1477 2403 suis,
1504 2369 1536 2395 et
1560 2365 1643 2406 quod
1668 2365 1784 2396 ibidem

150 2411 349 2443 forestarium
384 2414 487 2454 possit
517 2422 638 2455 ponere
669 2424 726 2444 seu
762 2414 885 2453 locare,
922 2413 1031 2444 villam
1055 2413 1192 2453 XVerde,
1222 2415 1329 2445 villam
1354 2413 1455 2455 Bfich,
1491 2416 1641 2457 oppidum
1668 2416 1785 2449 Swantv

150 2466 286 2495 castrum
311 2464 447 2499 Crusen:
471 2465 546 2496 item
572 2465 683 2496 decem
700 2465 853 2496 librarum
870 2465 1074 2496 denariorum
1092 2464 1235 2496 redditus
1261 2466 1300 2497 de
1325 2467 1431 2498 officio
1457 2468 1583 2498 sculteti
1608 2469 1638 2498 in
1656 2468 1784 2498 Nuren-

150 2513 228 2556 berg
251 2519 283 2546 et
306 2515 417 2547 decem
442 2516 596 2547 librarum
621 2516 660 2547 de
678 2516 818 2547 thelonio
843 2517 959 2547 ibidem
986 2527 1057 2546 cum
1083 2516 1155 2546 aliis
1181 2517 1295 2553 feodis,
1321 2528 1382 2559 que
1408 2519 1569 2559 predictus
1594 2520 1784 2559 burgravius

149 2569 180 2596 et
203 2567 251 2597 sui
280 2568 503 2608 progenitores
537 2568 576 2598 ab
607 2568 715 2598 inclite
747 2568 981 2599 recordacionis
1012 2568 1259 2608 imperatoribus
1292 2572 1324 2599 ct
1352 2570 1481 2610 regibus
1518 2571 1635 2600 nostris
1672 2570 1784 2611 prede-

151 2618 328 2649 cessoribus
354 2619 469 2650 feodali
502 2620 594 2650 titulo
625 2623 798 2651 tenuerunt
830 2623 861 2650 et
892 2620 1087 2658 habuerunt⁷
1119 2620 1201 2650 sicut
1231 2620 1310 2650 alias
1341 2620 1379 2651 dc
1413 2631 1570 2652 consensu
1603 2626 1784 2651 nostrornm

151 2669 327 2711 principum
351 2670 546 2711 Aquisgrani
571 2672 677 2701 onmia
702 2670 886 2712 supradicta
910 2671 968 2701 sub
994 2681 1086 2701 cereo
1112 2674 1220 2701 nostro
1245 2672 1348 2711 sigillo
1372 2673 1430 2703 sibi
1461 2673 1708 2706 concessimus²w
1740 2672 1783 2701 sic

249 2737 313 2764 286.
333 2740 355 2771 ²)
374 2741 409 2764 sie
428 2749 480 2768 oin:
499 2741 634 2772 presidebit
655 2740 707 2765 Vlf.

251 2790 274 2822 1)
295 2790 384 2822 Supra
402 2799 443 2816 nr.
458 2795 493 2817 17.
