2259 3116
419 156 480 185 228
790 153 1071 180 RUDOLF1REGIS
1090 153 1409 181 consriro'rionns.
1447 152 1522 179 1279.
1559 151 1679 179 Nr-23T.

340 236 395 282 Ῑὲζῑξζ
530 243 578 272 15.
604 242 678 279 (13.)
703 240 786 272 Item
810 241 968 272 vassallos
994 252 1067 272 suos
1093 245 1204 273 contra
1228 241 1443 284 predictorum
1469 239 1598 281 aliquod
1615 239 1772 270 facientes
1790 250 1845 282 pro
1862 251 1958 282 posse
1975 240 2059 273 bona

421 292 481 323 fide
506 295 689 334 compescet
713 295 745 323 ct
769 293 890 334 puniet.
938 293 1043 324 Salvis
1067 294 1098 324 in
1122 294 1288 336 premissis
1314 303 1374 334 que
1398 292 1430 323 in
1454 291 1514 322 hoc
1539 291 1674 322 articulo
1700 292 1903 323 continentur
1919 293 2058 325 auctori-

420 348 487 375 tate
513 348 544 375 et
568 344 718 375 mandato
743 343 881 375 Romani
905 345 1062 386 pontificis
1087 346 1137 376 vel
1161 345 1337 387 apostolice
1361 343 1454 375 sedis.

344 394 397 441 ᾆὶῖιὲ
532 406 578 435 16.
604 407 679 443 (14.)
704 405 787 436 Item
811 406 837 436 si
862 416 919 436 rex
942 406 1113 437 Alamanic
1139 409 1248 437 contra
1272 406 1418 448 predicta
1442 405 1493 435 vel
1524 404 1653 445 aliquod
1682 403 1912 446 predictorum,
1944 415 2005 447 que
2029 405 2062 436 in

421 456 609 497 precedenti
634 457 768 488 articulo
792 457 847 488 ubi
872 458 1010 499 loquitur
1034 458 1073 489 de
1098 469 1197 499 regno
1216 458 1325 489 Sicilie
1343 457 1557 493 continentur.
1582 456 1716 495 faceret,
1739 456 1836 487 liceat
1860 456 2006 488 omnibus
2031 460 2062 488 et
2101 467 2111 485 5

422 508 558 548 singulis
576 508 782 549 principibus,
800 508 983 547 baronibus,
1003 510 1150 541 vassallis
1168 514 1200 541 et
1218 509 1497 541 communitatibus
1514 508 1650 549 imperii,
1667 507 1708 539 ad
1725 507 1910 539 mandatum
1926 508 2064 540 Romani

422 560 581 601 pontificis
605 560 656 590 vel
681 560 766 591 sedis
791 550 965 602 apostolic-e
991 562 1100 592 iuvare
1126 572 1234 603 regen]
1260 561 1369 592 Sicilie
1399 563 1431 592 et
1455 560 1593 591 heredes
1618 570 1694 591 suos
1720 563 1830 591 contra
1853 569 1961 601 regem
1986 561 2064 592 Ala-

421 612 528 642 manie
561 615 592 642 et
620 612 847 653 imperatorem
876 613 1095 644 Romanorum
1127 613 1168 644 ad
1199 613 1420 644 defensionem
1460 612 1549 653 regni
1575 611 1684 643 Sicilie
1717 615 1750 642 et
1773 614 1874 651 terre,
1908 622 2002 654 quam
2030 615 2065 643 ut

422 664 597 705 predicitur
621 675 639 694 a
663 663 811 695 Romana
834 667 924 695 tenet
948 665 1096 697 ecclesia.
1142 664 1183 696 Et
1212 675 1268 706 pro
1296 675 1333 695 eo
1366 664 1448 706 quod
1483 663 1637 694 iuvabunt
1666 674 1777 704 regem
1802 663 1909 694 Sicilie
1933 664 1984 695 vel
2008 664 2064 695 he-

422 716 516 747 redes
542 727 615 747 suos
640 715 680 746 ad
705 716 943 747 defendendum
968 728 1101 758 regnum
1128 716 1237 748 Sicilie
1263 720 1294 748 et
1319 720 1447 755 terram,
1472 726 1566 757 quam
1592 726 1611 746 a
1633 714 1779 746 Romana
1802 718 1891 746 tenet
1915 716 2062 755 ecclesia,
2091 729 2114 747 10

423 771 533 798 contra
565 768 792 809 imperatorem
822 768 872 798 vel
902 778 1010 809 regem
1043 768 1241 810 predictum,
1276 779 1339 798 non
1369 771 1559 810 reputentur
1589 766 1710 808 aliquid
1740 767 1847 808 egisse
1882 767 1933 798 vel
1968 778 2064 809 agere

424 823 535 850 contra
569 820 750 861 homagium
781 820 832 850 vel
861 819 1049 851 fidelitatem
1084 820 1123 851 ab
1158 820 1236 862 ipsis
1267 820 1401 861 prestita
1433 820 1484 850 vel
1514 818 1688 860 prestanda
1719 819 1788 860 regi
1811 818 1981 850 Alamanie
2014 820 2065 851 vel

423 872 610 912 imperatori
627 871 856 902 Romanorum.
903 870 945 901 Et
970 871 1053 912 quod
1078 876 1211 913 propter
1235 872 1390 902 auxilium
1415 871 1465 902 vel
1491 872 1651 910 iuvamen,
1676 870 1761 911 quod
1785 870 1816 901 in
1840 870 1900 901 hoc
1925 881 2002 902 casu
2025 871 2064 902 ad

423 922 611 954 mandatum
637 922 773 953 Romani
798 922 958 964 pontificis
984 923 1033 953 vel
1060 923 1145 953 sedis
1171 923 1347 964 apostolice
1372 923 1562 964 prestabunt
1588 923 1656 963 regi
1679 921 1788 953 Sicilie
1820 922 1871 953 vel
1895 922 2065 954 heredibus

424 975 498 1010 suis,
517 974 637 1005 nullum
652 974 836 1016 dampnum7
855 974 1082 1005 detrimentum
1098 975 1147 1006 vel
1162 975 1319 1005 iacturam
1334 975 1393 1016 ipsi
1409 975 1458 1005 vol
1473 985 1582 1005 eorum
1597 973 1735 1005 heredes
1749 974 1780 1004 in
1795 973 1898 1005 feudis
1916 977 1948 1005 et
1963 975 2065 1014 terris,
2094 988 2115 1007 ιε,

424 1037 484 1068 que
508 1027 539 1057 in
565 1027 698 1068 imperio
724 1030 845 1063 tenent.
870 1027 1031 1057 incurrent
1049 1027 1099 1057 vel
1124 1027 1293 1068 accipient.
1331 1026 1373 1057 Et
1397 1026 1479 1067 quod
1504 1026 1652 1057 homines
1678 1036 1735 1057 seu
1752 1026 1866 1057 vasalli
1884 1027 1970 1068 regis
1987 1026 2066 1057 Ala-

428 1078 534 1108 manie
567 1078 618 1109 vel
653 1078 855 1119 imperatoris
889 1077 1105 1109 Romanorum
1146 1088 1209 1108 non
1243 1081 1415 1109 teneantur
1444 1077 1573 1109 obedire
1607 1078 1670 1119 ipsi
1701 1078 1771 1119 regi
1801 1078 1852 1109 vel
1882 1077 2067 1119 imperatori

428 1130 548 1160 volenti
572 1140 630 1170 per
654 1140 688 1159 se
713 1129 763 1160 vel
796 1139 852 1170 per
881 1129 978 1160 alium
1012 1140 1146 1170 regnum
1173 1130 1283 1161 Sicilie
1314 1140 1370 1160 seu
1401 1133 1534 1166 terram,
1567 1140 1627 1171 que
1653 1132 1687 1160 ut
1712 1140 1808 1171 supra
1832 1129 1951 1160 dictum
1977 1132 2026 1161 est
2050 1140 2068 1160 a

426 1181 573 1212 Romana
608 1184 696 1211 tenet
732 1181 886 1219 ecclesia,
923 1186 956 1212 ut
987 1181 1106 1211 dictum
1133 1185 1195 1219 est.
1233 1192 1404 1223 occupare.
1440 1181 1593 1212 invadere
1627 1191 1683 1212 seu
1708 1182 1739 1212 in
1764 1182 1870 1223 aliquo
1896 1181 2068 1213 offendere.

430 1233 534 1264 Salvis
563 1233 593 1263 in
622 1233 786 1274 premissis
817 1243 878 1274 que
911 1232 941 1262 in
975 1233 1034 1263 hoc
1065 1233 1199 1264 articulo
1232 1234 1435 1264 continentur
1464 1233 1655 1264 auctoritate
1692 1236 1724 1264 et
1752 1233 1902 1264 mandato
1932 1232 2068 1264 Romani
2094 1245 2117 1264 20

430 1285 589 1326 pontificis
614 1285 665 1315 vel
689 1284 775 1315 sedis
800 1284 985 1326 apostolice.

351 1338 406 1385 {¹³¹2
546 1346 593 1378 17,
618 1347 694 1383 (15.)
725 1345 805 1376 Item
839 1356 896 1376 rex
928 1346 1098 1377 Alamauie
1136 1356 1197 1376 non
1232 1346 1354 1377 iuvabit
1389 1346 1533 1377 inimicos
1566 1346 1649 1387 regis
1680 1345 1788 1377 Sicilie
1823 1349 1935 1377 contra
1966 1346 2069 1388 ipsum

437 1409 496 1429 nco
531 1408 587 1428 rcx
613 1397 720 1428 Sicilie
756 1398 899 1428 inimicos
935 1398 1020 1438 regis
1044 1397 1214 1429 Alamanie
1244 1402 1355 1429 contra
1388 1399 1503 1439 ipsum.
1561 1397 1665 1428 Salvis
1696 1398 1728 1428 in
1756 1398 1921 1439 premissis
1950 1408 2010 1439 que
2039 1398 2069 1428 in

426 1450 486 1480 hoc
514 1449 648 1480 articulo
675 1449 879 1479 continentur
903 1450 1093 1480 auctoritate
1119 1454 1150 1480 et
1174 1450 1324 1481 mamiato
1348 1449 1484 1481 Romani
1509 1449 1668 1491 pontificis
1698 1449 1750 1480 vel
1775 1449 1860 1480 sedis
1885 1449 2068 1491 apostolice.

427 1502 468 1532 Et
504 1504 640 1542 excepto
670 1500 755 1542 quod
793 1501 818 1531 si
850 1512 907 1531 rex
932 1501 1101 1532 Alamanie
1138 1502 1271 1533 haberet
1311 1512 1459 1543 guerram
1493 1504 1603 1533 contra
1640 1501 1810 1533 ecclesiam
1850 1501 1900 1532 vel
1935 1501 2070 1533 ecclesia
2094 1510 2117 1531 25

428 1557 538 1584 contra
564 1553 678 1594 ipsum,
704 1553 807 1593 possit
832 1563 888 1583 rex
915 1552 1023 1583 Sicilie
1048 1553 1226 1584 Romanam
1251 1554 1423 1585 ecclesiam
1448 1554 1550 1585 libere
1575 1554 1740 1593 adiuvare⁷
1774 1557 1806 1585 et
1830 1554 1856 1584 si
1880 1564 1937 1584 rex
1963 1553 2069 1584 Sicilie

429 1605 565 1635 haberet
600 1615 748 1646 guerram
786 1607 897 1634 contra
932 1605 1101 1635 ecclesiam
1138 1606 1188 1636 vel
1218 1606 1355 1636 ccclesia
1385 1609 1494 1636 contra
1527 1606 1644 1648 ipsum,
1683 1606 1787 1648 possit
1814 1616 1872 1637 rex
1902 1605 2070 1636 Alamanie

430 1656 607 1686 Romanam
634 1656 802 1686 ecclesiam
829 1656 928 1687 libere
954 1656 1116 1688 adiuvare.
1163 1657 1273 1688 Possit
1302 1659 1399 1688 etiam
1428 1669 1486 1689 rex
1512 1657 1620 1689 Sicilie
1653 1668 1761 1699 regem
1787 1657 1931 1699 Ungarie
1962 1657 2070 1688 iuvare

431 1708 461 1737 in
491 1707 693 1738 defendendo
730 1711 762 1738 ct
794 1718 901 1748 rcgcm
932 1707 1078 1743 Francie,
1110 1712 1144 1739 ut
1173 1713 1310 1740 tenetur.
1357 1709 1399 1740 Et
1430 1710 1655 1740 nichilominus
1685 1714 1835 1741 teneatur
1863 1709 1979 1740 servire
2008 1719 2069 1740 non

432 1759 645 1800 personaliter
670 1759 737 1800 regi
765 1759 947 1799 Alamanic,
973 1763 1008 1790 ut
1031 1763 1170 1791 tenetur.
1218 1761 1275 1792 Set
1298 1772 1357 1792 nec
1383 1761 1421 1792 de
1453 1761 1635 1792 hominibus
1664 1761 1789 1803 imperii
1819 1761 1921 1803 possit
1949 1761 2068 1792 servire
2095 1768 2118 1788 ³⁰

433 1811 527 1841 alicui
565 1814 675 1841 contra
709 1821 817 1851 regem
843 1811 1063 1842 Romanorum
1103 1813 1153 1843 vel
1190 1813 1417 1854 imperatorem
1454 1824 1513 1844 nec
1548 1813 1587 1844 de
1616 1813 1798 1844 hominibus
1829 1813 1912 1854 regis
1936 1812 2069 1843 Francie

434 1863 536 1903 possit
564 1863 685 1893 servire
718 1863 812 1893 alicui
844 1867 955 1893 contra
984 1874 1094 1904 regem
1119 1863 1263 1894 Prancic.
1311 1864 1416 1895 Salvis
1444 1865 1474 1895 in
1506 1865 1672 1906 premissis
1702 1875 1764 1906 que
1794 1865 1825 1895 in
1857 1864 1915 1895 hoc
1939 1864 2070 1895 articulo

435 1914 638 1944 continentur
662 1915 855 1945 auctoritate
880 1919 911 1945 ct
936 1916 1084 1945 mandato
1109 1915 1244 1946 Romani
1270 1916 1429 1957 pontificis
1454 1917 1504 1947 vcl
1527 1916 1705 1958 apostolico
1730 1916 1825 1948 sedis.

345 1968 410 2014 clm&
548 1976 593 2006 18.
619 1977 691 2013 (lo.)
722 1975 802 2006 Item
838 1976 862 2005 si
893 1976 1000 2017 aliqua
1029 1976 1187 2007 discordia
1217 1977 1352 2008 oriretur
1383 1978 1465 2008 inter
1494 1977 1656 2019 predictos
1685 1989 1779 2019 reges
1805 1977 1912 2009 Sicilie
1938 1981 1969 2008 et
1991 1976 2069 2007 Ala-

437 2026 554 2059 mauie.
580 2037 662 2056 unus
687 2037 748 2057 uon
775 2027 914 2057 movebit
938 2032 1069 2069 propter
1093 2028 1152 2059 hoc
1176 2039 1323 2069 guerram
1360 2029 1411 2060 alii
1441 2039 1499 2060 nec
1529 2033 1646 2060 terram
1678 2030 1730 2061 vel
1758 2029 1914 2061 vassallos
1941 2029 2069 2060 alterius
2094 2038 2118 2058 ³5

436 2078 619 2108 molestabit
650 2089 706 2119 per
736 2090 769 2109 sc
797 2079 847 2109 vcl
876 2090 932 2120 per
960 2080 1049 2111 alios.
1098 2080 1202 2111 Salvis
1230 2080 1382 2111 mandato
1412 2085 1444 2112 ct
1472 2082 1661 2112 auctoritate
1692 2082 1806 2112 summi
1835 2081 1991 2123 pontificis
2019 2077 2069 2111 vel

435 2129 519 2159 sedis
544 2130 730 2170 apostolice.
779 2130 842 2160 Sed
868 2134 1031 2161 recurrent
1055 2131 1094 2161 ad
1114 2131 1294 2162 Romanum
1319 2133 1503 2173 pontificem
1529 2136 1561 2163 et
1585 2143 1681 2174 super
1705 2132 1886 2164 huiusmodi
1902 2131 2068 2163 discordiis

434 2180 565 2210 stabunt
590 2180 672 2211 (licto
699 2182 796 2222 ipsius
822 2181 957 2212 Romani
983 2183 1152 2223 pontificis,
1179 2183 1203 2213 si
1229 2184 1289 2224 ipsi
1314 2184 1396 2214 iuter
1420 2195 1454 2214 se
1479 2195 1541 2215 non
1565 2188 1716 2225 poterunt
1740 2184 1942 2216 concordare.

547 2243 592 2272 19.
618 2244 694 2279 (17.)
713 2242 793 2271 Item
813 2252 908 2283 super
925 2242 1076 2283 predictis
1095 2247 1125 2273 ct
1144 2243 1358 2284 predictorum
1378 2244 1538 2285 quolibete
1555 2246 1633 2276 fiant
1649 2246 1891 2287 p1·omissioneS‚
1909 2244 2070 2276 cautiones

435 2296 465 2322 et
491 2292 660 2333 privilegia
685 2294 876 2324 sufficientia
901 2295 1103 2325 firmitatibus
1134 2296 1401 2326 convenientibus
1429 2301 1460 2327 et
1492 2298 1581 2338 penis
1612 2297 1745 2329 adiectis
1777 2308 1832 2339 per
1860 2307 1968 2338 regem
1987 2295 2064 2327 Ala·
2093 2304 2117 2323 ⁴⁰

435 2345 538 2374 manie
564 2345 645 2374 sieut
669 2355 726 2385 per
750 2356 856 2385 regem
882 2349 913 2375 ct
939 2350 1009 2386 post
1034 2347 1100 2377 eius
1125 2348 1366 2378 coronationem
1391 2352 1541 2389 tanquam
1568 2360 1625 2391 per
1648 2349 1906 2390 imperatorem¹.

542 2406 590 2435 20.
617 2407 690 2442 (ΙΝ.)
719 2404 797 2434 ltem
823 2405 900 2435 satis
928 2406 1051 2436 videtur
1074 2406 1193 2437 decens
1219 2412 1251 2437 ct
1276 2408 1465 2449 expediens,
1491 2410 1516 2439 si
1535 2409 1640 2451 placet
1658 2420 1781 2440 summo
1800 2409 1951 2451 pontifici,
1969 2417 2064 2448 super

435 2456 511 2496 ipsis
537 2456 703 2499 privilegia
726 2466 784 2486 sua
809 2456 911 2486 facer(
942 2457 971 2487 iu
997 2458 1099 2488 forma
1123 2460 1337 2489 convenienti.
1385 2461 1490 2501 Super
1522 2461 1580 2491 hoc
1609 2462 1705 2492 saciet
1728 2461 1891 2492 Romanus
1916 2459 2068 2502 pontifex,

435 2507 515 2537 sicut
540 2507 597 2537 sibi
625 2507 814 2537 videbitur-2.

538 2635 601 2661 237-
622 2641 644 2657 ¹⁸>
664 2637 780 2667 quodlib-3
800 2646 817 2660 ι’.
2094 2647 2116 2666 ⁴5

542 2731 564 2756 1,
586 2730 764 2755 Articulorum
785 2740 805 2755 «J.
823 2736 848 2756 let
862 2732 917 2756 ilem
938 2741 968 2755 m·
986 2737 1052 2758 1:2¹5}
1071 2734 1178 2765 saepius
1198 2734 1222 2757 [ιι
1243 2734 1295 2757 illis
1311 2734 1455 2766 pririlrgliis
1469 2734 1594 2768 efficitur,
1615 2734 1705 2759 scilice!
1724 2742 1765 2760 nr.
1780 2738 1830 2760 240·
1847 2742 1867 2760 c.
1881 2736 1896 2759 3
1916 2733 1952 2759 vel
1968 2735 2067 2758 mum?

435 2780 455 2799 c.
470 2776 492 2798 3,
508 2777 521 2798 -1
541 2776 561 2797 cl
581 2773 698 2805 ‹Inita-eps
715 2774 823 2805 passim,
842 2775 912 2806 qum!
932 2779 1009 2800 elium
1029 2779 1103 2808 «tque
1122 2778 1196 2801 ctiam
1217 2785 1318 2801 utonem·
1338 2777 1541 2809 xttpcrscaelintas.
1630 2780 1656 2811 2)
1684 2777 1710 2804 V.
1732 2778 1803 2810 infru
1823 2785 1862 2803 nr.
1877 2781 1923 2803 257
1939 2784 1958 2802 c.
1975 2779 1994 2802 Τ.
