2259 3116
459 102 517 131 114
796 98 953 126 RUDOLFI
973 98 1078 125 REGIS
1097 98 1416 125 CONSTITUTIONES.
1454 99 1528 125 1276.
1564 98 1610 124 Nr.
1626 97 1682 124 120.
1698 97 1754 123 121.

458 187 656 229 predictam,
688 186 831 228 prefatus
856 186 1069 228 predecessor
1092 187 1118 218 I.
1142 187 1300 217 laboravit
1324 186 1461 217 sollicite
1490 197 1527 217 ac
1561 185 1731 226 diligenter
1760 185 1953 226 interposuit
1980 187 2088 226 partes

457 250 541 279 suas,
564 241 599 269 ut
614 241 769 270 tractatus
792 238 975 269 huiusmodi
992 241 1137 280 optatum
1155 239 1277 269 exitum
1295 238 1489 269 sortirentur.
1558 239 1604 277 (3)
1625 236 1689 268 Sed
1706 236 1819 267 eodem
1841 236 1986 278 predicto
2008 236 2090 266 sicut

457 291 496 322 de
521 291 731 333 dispositione
756 291 913 332 processit
936 290 1109 328 Altissimi,
1134 301 1206 321 eum
1232 291 1413 321 incurrente
1438 289 1632 321 infirmitatis
1657 288 1841 325 articulum,
1865 288 1896 318 in
1921 298 1982 329 quo
2007 290 2088 319 tem-

456 343 576 385 poralis
601 353 728 374 cursum
759 343 824 373 vite
855 342 966 381 finivit,
990 345 1146 373 tractatus
1184 343 1242 384 ipsi
1271 342 1453 373 desiderate
1485 341 1734 373 consumationis
1760 340 1912 371 effectum
1937 340 2090 381 consequi

456 394 586 426 minime
610 397 794 436 potuerunt.
836 394 1044 425 Postmodum
1069 394 1172 425 felicis
1197 394 1429 425 recordationis
1454 394 1615 424 Adrianus
1640 403 1724 434 papa
1747 392 1957 434 predecessor
1979 395 2089 423 noster

459 446 564 477 eidem
588 446 810 488 predecessori
833 446 858 477 I.
882 446 913 477 in
938 446 1137 488 apostolatus
1161 446 1336 477 succedens
1361 446 1465 477 officio
1489 446 1598 484 voluit,
1624 448 1658 476 ut
1682 444 1767 476 idem
1791 455 1850 476 rex
1874 454 1907 475 se
1932 443 2091 475 conferret

456 498 638 529 Viterbium
672 508 729 540 pro
761 498 945 529 memoratis
975 498 1164 529 tractatibus
1194 497 1443 540 prosequendis,
1476 498 1530 528 ubi
1564 497 1783 528 venerabilem
1818 496 1968 527 fratrem*³
2001 495 2091 527 Sabi-

460 560 591 581 nensem
622 551 808 592 episcopum
833 553 863 581 et
887 550 1041 581 dilectum
1065 550 1165 581 filium
1190 554 1333 581 nostrum
1358 550 1383 581 I.
1409 550 1518 580 Sancti
1537 549 1659 580 Nicolai
1684 550 1715 580 in
1733 548 1871 579 Carcere
1888 548 2034 579 Tulliano
2059 550 2092 579 et

459 601 484 632 Ι.
511 601 628 633 Sancte
653 601 754 633 Marie
779 602 811 632 in
834 601 1006 643 Cosmydin
1031 602 1183 633 diaconos
1209 602 1389 634 cardinales
1413 613 1509 644 super
1533 602 1758 644 prosecutione
1782 600 1965 632 huiusmodi
1990 599 2088 641 depu-

457 654 547 684 tavit.
608 653 656 695 (4)
675 653 737 684 Sed
755 654 828 695 quia
845 654 1006 696 predictus
1024 654 1236 696 predecessor
1253 654 1414 685 Adrianus
1433 658 1505 696 post
1523 654 1761 695 promotionem
1784 663 1884 691 suam,
1902 652 1984 683 sicut
1996 652 2088 683 intel-

458 706 579 737 lexisse
609 709 640 736 te
665 705 836 744 credimus,
861 706 1052 737 brevissimo
1076 709 1222 748 tempore
1247 707 1440 748 supervixit,
1472 709 1637 748 assumpta
1661 705 1842 747 prosecutio
1867 704 1907 736 ad
1930 704 1976 745 id,
2007 703 2092 745 quod

460 758 721 799 prosequentium
752 757 940 789 intendebat
963 758 1133 795 instantia,
1158 769 1221 789 non
1245 758 1399 800 pervenit.
1446 758 1585 789 Demum
1609 757 1817 799 dispositione
1842 756 1948 787 divina
1971 767 2029 787 nos
2053 756 2093 787 ad

459 809 584 851 apicem
612 810 787 851 apostolice
818 809 983 851 dignitatis
1011 810 1166 851 assumpti
1207 810 1345 841 libenter
1377 821 1473 851 super
1502 809 1683 840 huiusmodi
1707 809 1896 840 tractatibus
1920 807 2094 850 predeces-

460 870 567 891 sorum
592 861 732 902 ipsorum
759 862 921 903 prosecuti
951 861 1056 892 studia
1083 861 1268 898 fuissemus,
1293 862 1319 892 si
1342 862 1487 903 prefatus
1511 861 1701 892 Basiliensis
1724 862 1894 903 episcopus
1914 864 1968 892 aut
1992 860 2093 901 quivis

459 912 540 943 alius
557 912 596 943 ad
614 913 673 944 hoc
692 913 898 944 transmissus
923 917 954 944 et
979 923 997 943 a
1020 916 1052 944 te
1071 913 1233 944 sufficiens
1251 913 1373 944 habens
1399 913 1436 944 ad
1461 914 1620 955 premissa
1644 913 1829 944 mandatum
1859 916 1913 944 tuo
1937 912 2093 944 firmanda

458 965 596 1003 nomine,
620 976 676 1007 pro
699 968 791 1007 parte
817 968 871 996 tua
895 976 1029 1007 presens
1054 965 1138 1007 apud
1162 965 1271 996 sedem
1296 966 1506 1007 apostolicam
1532 965 1702 997 extitisset.
1743 965 1822 996 Cum
1847 966 1956 1006 itaque
1980 964 2094 1006 grandi

461 1016 620 1047 desiderio
652 1017 832 1058 cupiamus,
862 1020 897 1048 ut
920 1017 1101 1048 huiusmodi
1135 1018 1301 1058 negotium
1339 1017 1497 1048 scandalis
1522 1020 1553 1048 et
1577 1017 1815 1059 impedimentis
1840 1017 2093 1059 quibuscumque

459 1068 613 1099 submotis
646 1069 780 1111 pacifice
813 1069 1018 1107 terminetur,
1054 1072 1089 1100 ut
1112 1080 1283 1111 processus
1316 1072 1389 1100 tuus
1414 1070 1553 1111 quietior
1579 1080 1650 1101 csse
1674 1070 1793 1111 possit,
1826 1072 1858 1100 et
1880 1071 2011 1110 propter
2033 1068 2094 1099 hoc

460 1119 499 1150 ad
524 1121 796 1151 consumationem
821 1124 1013 1152 tractatuum
1038 1121 1255 1162 predictorum
1280 1121 1484 1152 intendamus
1513 1132 1606 1164 opem
1631 1124 1662 1152 et
1685 1132 1816 1163 operam
1841 1121 2010 1152 sollicitam
2033 1121 2092 1151 im-

460 1172 582 1213 pertiri,
607 1173 833 1204 excellentiam
851 1174 973 1214 regiam
992 1184 1142 1214 rogamus
1167 1176 1199 1204 et
1216 1173 1381 1204 hortamur
1406 1174 1436 1205 in
1462 1173 1589 1205 domino
1614 1174 1689 1205 Iesu
1707 1174 1835 1205 Christo
1859 1173 1980 1215 tibique
2004 1175 2092 1204 recto

462 1224 594 1255 consilio
618 1225 801 1262 suademus,
827 1228 985 1266 quatenus
1011 1235 1082 1255 cum
1107 1225 1209 1263 omni,
1236 1226 1317 1256 sicut
1341 1226 1549 1267 premittitur,
1573 1226 1778 1257 festinatione
1803 1236 1865 1267 qua
1887 1225 2010 1267 poteris
2034 1225 2092 1255 ali-

461 1286 539 1317 quos
564 1277 647 1307 viros
664 1276 805 1318 ydoneos
830 1278 918 1319 pacis
943 1280 974 1307 ct
992 1276 1162 1307 concordie
1180 1280 1339 1307 amatores
1365 1280 1396 1308 et
1419 1288 1437 1308 a
1460 1280 1514 1308 tua
1533 1277 1774 1319 magnificentia
1790 1277 1919 1319 plenum
1936 1277 2093 1308 habentes

460 1327 500 1359 ad
524 1328 682 1369 premissa
704 1328 889 1360 mandatum
917 1329 956 1359 ad
990 1328 1102 1359 eadem
1132 1331 1186 1359 tuo
1216 1329 1372 1361 firmanda
1402 1329 1530 1360 nomine
1562 1340 1598 1360 ac
1627 1329 1764 1361 feliciter
1793 1332 1924 1360 auctore
1955 1328 2092 1360 Domino

462 1380 678 1411 consumanda
702 1391 853 1422 procures
885 1380 923 1411 ad
949 1384 1090 1411 nostram
1115 1381 1308 1421 presentiam
1332 1381 1524 1419 destinare1,
1555 1392 1626 1413 cum
1650 1392 1779 1423 prorsus
1813 1381 1966 1423 expediat
1994 1383 2026 1411 et
2053 1379 2093 1410 ad

460 1431 519 1462 hoc
541 1432 688 1463 voluntas
712 1436 819 1463 nostra
841 1436 1012 1474 propterea
1034 1432 1200 1473 dirigatur,
1225 1436 1259 1463 ut
1283 1433 1342 1464 iter
1367 1433 1406 1464 ad
1431 1433 1625 1464 veniendum
1651 1434 1682 1464 in
1699 1434 1827 1465 Italiam
1851 1444 1913 1464 non
1937 1443 2092 1471 assumas,
2120 1441 2130 1459 2

461 1486 493 1514 et
517 1484 543 1515 si
567 1484 700 1515 forsitan
718 1485 930 1526 assumpsisti,
956 1495 1159 1526 nequaquam
1177 1486 1381 1527 prosequaris
1400 1489 1609 1527 assumptum,
1634 1485 1737 1517 donec
1762 1496 1780 1516 a
1803 1485 1894 1516 nobis
1911 1484 2094 1516 huiusmodi

460 1528 653 1567 tractatuum
680 1537 770 1568 exitu
796 1537 940 1577 cognito,
974 1537 1031 1567 tibi
1061 1547 1157 1578 super
1190 1537 1331 1568 adventu
1360 1541 1414 1568 tuo
1441 1540 1583 1568 nostrum
1615 1541 1647 1569 et
1676 1538 1854 1579 apostolice
1882 1537 1966 1568 sedis
1994 1537 2093 1568 bene-

460 1588 614 1629 placitum
638 1599 696 1630 per
719 1588 841 1619 litteras
876 1589 1034 1630 speciales
1065 1591 1097 1619 et
1123 1590 1250 1619 nuntios
1275 1589 1544 1621 certitudinaliter
1573 1589 1763 1622 innotescat,
1809 1589 1951 1631 Expedit
1975 1592 2092 1626 autem,

460 1642 494 1670 ut
518 1639 608 1670 nobis
631 1640 830 1681 prenunties,
857 1651 918 1682 quo
944 1644 1088 1682 tempore
1114 1641 1332 1672 verisimiliter
1349 1641 1513 1673 arbitreris
1537 1652 1593 1673 nos
1613 1642 1799 1674 eorumdem
1816 1642 1955 1673 virorum
1971 1641 2091 1672 habere

460 1702 557 1732 posse
581 1692 794 1733 presentiam,
824 1696 860 1723 ut
883 1693 1010 1724 interim
1034 1703 1260 1735 procuremus,
1292 1693 1377 1734 quod
1408 1696 1440 1724 et
1462 1694 1605 1735 prefatus
1637 1705 1695 1725 rex
1727 1694 1766 1726 de
1791 1695 1857 1726 suis
1881 1697 2010 1736 propter
2033 1693 2093 1724 hoc

461 1744 581 1774 nuntiis
605 1744 773 1785 provideat
796 1744 1012 1785 destinandis,
1037 1745 1089 1786 qui
1114 1756 1185 1776 cum
1209 1746 1285 1776 viris
1311 1745 1434 1777 eisdem
1458 1746 1497 1777 ad
1522 1746 1733 1788 apostolicam
1759 1746 1867 1778 sedem
1892 1748 2092 1783 concurrant,

2118 662 2142 681 10

2120 924 2143 943 15

2120 1181 2144 1200 20

2120 1704 2143 1723 30

462 1798 494 1826 et
524 1796 666 1837 utrisque
701 1797 906 1838 presentibus
930 1798 962 1828 in
999 1797 1174 1828 eorundem
1203 1798 1429 1839 prosecutione
1465 1801 1658 1829 tractatuum
1697 1798 1858 1830 efficacius
1890 1797 2092 1840 procedatur.
2139 1794 2141 1797 ⁸

462 1847 504 1878 Et
529 1858 605 1879 ecce
630 1848 782 1879 dilectum
807 1849 904 1880 filium
929 1844 1058 1880 fratrem
1082 1849 1376 1891 Bar(tholomeun1)
1401 1849 1440 1880 de
1463 1849 1591 1881 Amelia
1615 1850 1654 1881 de
1685 1850 1795 1881 ordine
1826 1849 1985 1880 Minorum
2012 1850 2093 1880 lato-

462 1909 529 1929 rem
547 1901 755 1941 presentium,
773 1900 812 1932 de
831 1901 925 1932 cuius?
940 1901 1095 1932 industria
1112 1904 1145 1932 et
1162 1904 1298 1943 experta
1317 1902 1472 1933 fidelitate
1491 1902 1691 1942 confidimus,
1708 1903 1747 1934 ad
1765 1905 1852 1934 tuam
1870 1901 2093 1933 celsitudinem

462 1951 660 1982 destinamus
689 1952 784 1984 utiles
815 1956 847 1983 et
878 1953 1079 1984 necessarias
1105 1964 1238 1993 causas,
1263 1957 1394 1995 propter
1418 1965 1495 1995 quas
1525 1954 1564 1985 ad
1590 1955 1650 1985 ista
1675 1965 1739 1985 non
1762 1955 1892 1996 indigne
1917 1965 2092 1995 movemur,

463 2006 494 2034 ct
518 2006 659 2034 nostram
685 2014 782 2046 super
805 2004 865 2036 hiis
882 2005 1081 2036 voluntatem
1100 2005 1246 2046 apertius
1272 2016 1511 2047 expressurum,
1536 2016 1630 2047 quam
1655 2016 1695 2037 ex
1713 2006 1831 2038 affectu
1856 2017 1935 2048 puro
1957 2006 2093 2037 consuli-

464 2066 532 2086 mus
558 2058 589 2086 ct
613 2066 685 2086 cum
708 2056 858 2087 fratribus
882 2057 1000 2087 nostris
1025 2056 1170 2087 consulta
1198 2056 1430 2089 deliberatione
1454 2058 1623 2099 prchabita
1647 2059 1794 2090 volumus
1819 2058 1998 2101 adimpleri.

568 2106 641 2139 Dat.
665 2110 700 2138 ut
724 2107 851 2149 supra?

643 2294 724 2344 1:21.
764 2291 1299 2346 OONsTlTUTIO
1338 2292 1735 2347 REGTOfflS
1769 2294 1919 2347 PER

467 2368 861 2421 AUS'FRlAlNI
898 2370 990 2422 ET
1020 2369 1333 2423 STtI-UAM
1364 2370 1685 2425 IMPERIO
1717 2371 2089 2426 VAOANTE.

550 2460 564 2472 “
962 2464 1087 2507 (mo.
1125 2465 1460 2501 Novar—1281.
1494 2466 1591 2510 Mai.)

579 2554 774 2585 Conlulz'nms
799 2556 925 2586 anisum
948 2557 1078 2588 eadivam
1098 2558 1293 2588 notissimum
1310 2557 1460 2588 {abulat-ii
1483 2558 1724 2589 l'indobmzeusis
1748 2558 2092 2599 561(Ieeiclas-Saclwn

471 2607 505 2635 71
517 2606 562 2646 A)
585 2617 661 2637 save.
683 2606 777 2645 XIII,
803 2608 858 2646 rsm'
873 2607 1074 2639 ccllccle‘omm
1096 2607 1274 2639 lla-manni
1295 2609 1414 2639 abluitis
1431 2609 1612 2641 rutenensis
1629 2611 1773 2648 confines,
1799 2611 1851 2649 sol.
1867 2612 1926 2649 99¹,
1950 2611 2004 2642 aba?
2026 2620 2092 2641 ‘etim

570 2674 632 2700 120.
655 2676 677 2705 ἐι)
697 2676 807 2706 sequitur
827 2685 920 2700 ras-nra
939 2686 958 2701 ‹·.

570 2736 594 2766 1)
617 2736 655 2770 (J's.
677 2736 742 2769 Rey,
758 2736 818 2771 imp.
836 2737 879 2769 VI,
895 2741 935 2763 731
945 2746 961 2763 α
980 2739 1002 2763 ct
1023 2737 1098 2771 infra
1118 2746 1158 2765 nr.
1175 2742 1224 2764 151.
1313 2740 1339 2773 2)
1360 2739 1460 2766 &ilicet
1480 2748 1518 2766 ην.
1533 2745 1579 2765 111⁵.

2120 1968 2142 1987 35

2118 2390 2142 2408 40

2116 2754 2139 2774 45
