<?xml version="1.0" encoding="UTF-8"?>
<!DOCTYPE html PUBLIC "-//W3C//DTD XHTML 1.0 Transitional//EN"
    "http://www.w3.org/TR/xhtml1/DTD/xhtml1-transitional.dtd">
<html xmlns="http://www.w3.org/1999/xhtml" xml:lang="en" lang="en">
 <head>
  <title>
</title>
<meta http-equiv="Content-Type" content="text/html;charset=utf-8" />
  <meta name='ocr-system' content='tesseract 3.04.00' />
  <meta name='ocr-capabilities' content='ocr_page ocr_carea ocr_par ocr_line ocrx_word'/>
</head>
<body>
  <div class='ocr_page' id='page_1' title='image "./monumentagelegum03geseuoft/monumentagelegum03geseuoft_0418.png"; bbox 0 0 2259 3116; ppageno 0'>
   <div class='ocr_carea' id='block_1_1' title="bbox 398 115 1708 149">
    <p class='ocr_par' dir='ltr' id='par_1_1' title="bbox 398 115 1708 149">
     <span class='ocr_line' id='line_1_1' title="bbox 398 115 1708 149; baseline 0.001 -6"><span class='ocrx_word' id='word_1_1' title='bbox 398 117 459 149; x_wconf 81' lang='lat'>380</span> <span class='ocrx_word' id='word_1_2' title='bbox 738 117 896 144; x_wconf 86' lang='lat' dir='ltr'><strong>RUDOLFI</strong></span> <span class='ocrx_word' id='word_1_3' title='bbox 918 115 1022 143; x_wconf 85' lang='lat' dir='ltr'>REGIS</span> <span class='ocrx_word' id='word_1_4' title='bbox 1042 116 1366 144; x_wconf 80' lang='lat' dir='ltr'>CONSTITUTIONES.</span> <span class='ocrx_word' id='word_1_5' title='bbox 1405 117 1478 143; x_wconf 79' lang='lat'>1287.</span> <span class='ocrx_word' id='word_1_6' title='bbox 1516 117 1562 142; x_wconf 85' lang='lat' dir='ltr'>Nr.</span> <span class='ocrx_word' id='word_1_7' title='bbox 1576 117 1634 143; x_wconf 83' lang='lat'>395.</span> <span class='ocrx_word' id='word_1_8' title='bbox 1649 117 1708 144; x_wconf 82' lang='lat'><strong>396.</strong></span> 
     </span>
    </p>
   </div>
   <div class='ocr_carea' id='block_1_2' title="bbox 398 204 2044 298">
    <p class='ocr_par' dir='ltr' id='par_1_2' title="bbox 398 204 2044 298">
     <span class='ocr_line' id='line_1_2' title="bbox 398 204 2044 247; baseline 0.002 -13"><span class='ocrx_word' id='word_1_9' title='bbox 398 204 476 235; x_wconf 91' lang='lat' dir='ltr'>nulli</span> <span class='ocrx_word' id='word_1_10' title='bbox 501 204 552 234; x_wconf 87' lang='lat' dir='ltr'>alii</span> <span class='ocrx_word' id='word_1_11' title='bbox 578 214 674 245; x_wconf 89' lang='lat' dir='ltr'>super</span> <span class='ocrx_word' id='word_1_12' title='bbox 698 204 759 234; x_wconf 90' lang='lat' dir='ltr'>hiis</span> <span class='ocrx_word' id='word_1_13' title='bbox 785 204 907 235; x_wconf 89' lang='lat' dir='ltr'>iuribus</span> <span class='ocrx_word' id='word_1_14' title='bbox 932 208 964 235; x_wconf 91' lang='lat' dir='ltr'>et</span> <span class='ocrx_word' id='word_1_15' title='bbox 988 205 1150 245; x_wconf 83' lang='lat' dir='ltr'>regalibus</span> <span class='ocrx_word' id='word_1_16' title='bbox 1176 204 1358 246; x_wconf 81' lang='lat' dir='ltr'>aliqualiter</span> <span class='ocrx_word' id='word_1_17' title='bbox 1382 204 1503 235; x_wconf 81' lang='lat' dir='ltr'>debeas</span> <span class='ocrx_word' id='word_1_18' title='bbox 1529 204 1738 247; x_wconf 90' lang='lat' dir='ltr'>respondere.</span> <span class='ocrx_word' id='word_1_19' title='bbox 1785 205 1879 237; x_wconf 82' lang='lat' dir='ltr'>Unde</span> <span class='ocrx_word' id='word_1_20' title='bbox 1904 207 1962 238; x_wconf 83' lang='lat' dir='ltr'>tibi</span> <span class='ocrx_word' id='word_1_21' title='bbox 1987 208 2044 239; x_wconf 80' lang='lat' dir='ltr'>has</span> 
     </span>
     <span class='ocr_line' id='line_1_3' title="bbox 398 255 1514 298; baseline 0.001 -12"><span class='ocrx_word' id='word_1_22' title='bbox 398 259 525 286; x_wconf 82' lang='lat' dir='ltr'>nostras</span> <span class='ocrx_word' id='word_1_23' title='bbox 550 255 798 286; x_wconf 79' lang='lat' dir='ltr'>transmittimus</span> <span class='ocrx_word' id='word_1_24' title='bbox 823 256 948 287; x_wconf 81' lang='lat' dir='ltr'>litteras</span> <span class='ocrx_word' id='word_1_25' title='bbox 974 256 1005 287; x_wconf 91' lang='lat' dir='ltr'>in</span> <span class='ocrx_word' id='word_1_26' title='bbox 1030 256 1249 287; x_wconf 85' lang='lat' dir='ltr'>testimonium</span> <span class='ocrx_word' id='word_1_27' title='bbox 1274 257 1514 298; x_wconf 80' lang='lat' dir='ltr'>premissorum.</span> 
     </span>
    </p>
   </div>
   <div class='ocr_carea' id='block_1_3' title="bbox 397 306 2045 401">
    <p class='ocr_par' dir='ltr' id='par_1_3' title="bbox 397 306 2045 401">
     <span class='ocr_line' id='line_1_4' title="bbox 506 306 2045 350; baseline 0.003 -13"><span class='ocrx_word' id='word_1_28' title='bbox 506 306 626 337; x_wconf 87' lang='lat' dir='ltr'>Datum</span> <span class='ocrx_word' id='word_1_29' title='bbox 661 307 847 349; x_wconf 89' lang='lat' dir='ltr'>Herbipoli,</span> <span class='ocrx_word' id='word_1_30' title='bbox 887 307 963 339; x_wconf 85' lang='lat' dir='ltr'><strong>VII.</strong></span> <span class='ocrx_word' id='word_1_31' title='bbox 992 307 1064 339; x_wconf 87' lang='lat' dir='ltr'>Kal.</span> <span class='ocrx_word' id='word_1_32' title='bbox 1101 308 1242 350; x_wconf 89' lang='lat' dir='ltr'>Aprilis,</span> <span class='ocrx_word' id='word_1_33' title='bbox 1281 308 1455 340; x_wconf 83' lang='lat' dir='ltr'>indictione</span> <span class='ocrx_word' id='word_1_34' title='bbox 1494 308 1751 350; x_wconf 79' lang='lat' dir='ltr'>quintadecima,</span> <span class='ocrx_word' id='word_1_35' title='bbox 1790 320 1874 342; x_wconf 88' lang='lat' dir='ltr'>anno</span> <span class='ocrx_word' id='word_1_36' title='bbox 1915 310 2045 342; x_wconf 91' lang='lat' dir='ltr'>Domini</span> 
     </span>
     <span class='ocr_line' id='line_1_5' title="bbox 397 358 1378 401; baseline 0.003 -12"><span class='ocrx_word' id='word_1_37' title='bbox 397 358 617 389; x_wconf 85' lang='lat' dir='ltr'>MCCLXXX</span> <span class='ocrx_word' id='word_1_38' title='bbox 643 359 790 401; x_wconf 87' lang='lat' dir='ltr'>septimo,</span> <span class='ocrx_word' id='word_1_39' title='bbox 816 360 906 401; x_wconf 87' lang='lat' dir='ltr'>regni</span> <span class='ocrx_word' id='word_1_40' title='bbox 932 370 1006 391; x_wconf 88' lang='lat' dir='ltr'>vero</span> <span class='ocrx_word' id='word_1_41' title='bbox 1030 360 1131 391; x_wconf 81' lang='lat' dir='ltr'>nostri</span> <span class='ocrx_word' id='word_1_42' title='bbox 1156 371 1239 392; x_wconf 82' lang='lat' dir='ltr'>anno</span> <span class='ocrx_word' id='word_1_43' title='bbox 1264 360 1378 393; x_wconf 86' lang='lat' dir='ltr'><strong>XIIII.</strong></span> 
     </span>
    </p>
   </div>
   <div class='ocr_carea' id='block_1_4' title="bbox 505 503 1947 590">
    <p class='ocr_par' dir='ltr' id='par_1_4' title="bbox 505 503 1947 590">
     <span class='ocr_line' id='line_1_6' title="bbox 505 503 1947 539; baseline 0.003 -5"><span class='ocrx_word' id='word_1_44' title='bbox 505 503 582 535; x_wconf 72' lang='lat'><strong>395.</strong></span> <span class='ocrx_word' id='word_1_45' title='bbox 607 504 871 536; x_wconf 78' lang='lat' dir='ltr'><em>SENTENTIA</em></span> <span class='ocrx_word' id='word_1_46' title='bbox 897 504 965 536; x_wconf 82' lang='lat' dir='ltr'>DE</span> <span class='ocrx_word' id='word_1_47' title='bbox 986 505 1291 537; x_wconf 77' lang='lat' dir='ltr'><strong><em>PROSCRIPTIS</em></strong></span> <span class='ocrx_word' id='word_1_48' title='bbox 1315 506 1543 537; x_wconf 75' lang='lat' dir='ltr'>CENSURIS</span> <span class='ocrx_word' id='word_1_49' title='bbox 1566 506 1947 539; x_wconf 79' lang='lat' dir='ltr'>EGCLESIASTICIS</span> 
     </span>
     <span class='ocr_line' id='line_1_7' title="bbox 924 557 1520 590; baseline 0.002 -2"><span class='ocrx_word' id='word_1_50' title='bbox 924 557 1311 590; x_wconf 71' lang='lat' dir='ltr'><em>DISTRJNGENDJS.</em></span> <span class='ocrx_word' id='word_1_51' title='bbox 1351 558 1452 589; x_wconf 75' lang='lat' dir='ltr'>Mart.</span> <span class='ocrx_word' id='word_1_52' title='bbox 1469 559 1520 589; x_wconf 75' lang='lat'>27.</span> 
     </span>
    </p>
   </div>
   <div class='ocr_carea' id='block_1_5' title="bbox 397 616 2046 761">
    <p class='ocr_par' dir='ltr' id='par_1_5' title="bbox 397 616 2046 761">
     <span class='ocr_line' id='line_1_8' title="bbox 503 616 2045 657; baseline 0.003 -10"><span class='ocrx_word' id='word_1_53' title='bbox 503 616 645 648; x_wconf 72' lang='lat' dir='ltr'>Litteras</span> <span class='ocrx_word' id='word_1_54' title='bbox 668 618 749 657; x_wconf 66' lang='lat' dir='ltr'>reglis</span> <span class='ocrx_word' id='word_1_55' title='bbox 771 617 869 657; x_wconf 69' lang='lat' dir='ltr'>legyato</span> <span class='ocrx_word' id='word_1_56' title='bbox 892 617 1059 656; x_wconf 71' lang='lat' dir='ltr'>apostolico</span> <span class='ocrx_word' id='word_1_57' title='bbox 1083 617 1219 648; x_wconf 74' lang='lat' dir='ltr'>directas</span> <span class='ocrx_word' id='word_1_58' title='bbox 1241 617 1402 656; x_wconf 78' lang='lat' dir='ltr'>hueusque</span> <span class='ocrx_word' id='word_1_59' title='bbox 1428 618 1563 648; x_wconf 67' lang='lat' dir='ltr'>ineditas</span> <span class='ocrx_word' id='word_1_60' title='bbox 1579 618 1664 648; x_wconf 74' lang='lat' dir='ltr'>dedit</span> <span class='ocrx_word' id='word_1_61' title='bbox 1689 618 1752 648; x_wconf 80' lang='lat' dir='ltr'>iam</span> <span class='ocrx_word' id='word_1_62' title='bbox 1776 618 1847 650; x_wconf 73' lang='lat' dir='ltr'>olim</span> <span class='ocrx_word' id='word_1_63' title='bbox 1863 619 2045 652; x_wconf 77' lang='lat' dir='ltr'>Betlzmann</span> 
     </span>
     <span class='ocr_line' id='line_1_9' title="bbox 397 668 2046 707; baseline 0.003 -9"><span class='ocrx_word' id='word_1_64' title='bbox 397 679 434 699; x_wconf 66' lang='lat' dir='ltr'>ea:</span> <span class='ocrx_word' id='word_1_65' title='bbox 457 668 651 707; x_wconf 58' lang='lat' dir='ltr'>autom-apim</span> <span class='ocrx_word' id='word_1_66' title='bbox 675 669 829 699; x_wconf 64' lang='lat' dir='ltr'>tabularii?</span> <span class='ocrx_word' id='word_1_67' title='bbox 852 669 1030 700; x_wconf 72' lang='lat' dir='ltr'>Illontensi&#39;s</span> <span class='ocrx_word' id='word_1_68' title='bbox 1054 669 1240 700; x_wconf 68' lang='lat' dir='ltr'>‘Ti-esorerie</span> <span class='ocrx_word' id='word_1_69' title='bbox 1263 669 1315 699; x_wconf 75' lang='lat' dir='ltr'>(les</span> <span class='ocrx_word' id='word_1_70' title='bbox 1338 669 1468 700; x_wconf 73' lang='lat' dir='ltr'>elearfes⁷</span> <span class='ocrx_word' id='word_1_71' title='bbox 1493 680 1541 702; x_wconf 69' lang='grc' dir='ltr'>ην.</span> <span class='ocrx_word' id='word_1_72' title='bbox 1560 670 1631 700; x_wconf 77' lang='grc'><em>138.</em></span> <span class='ocrx_word' id='word_1_73' title='bbox 1679 669 1791 701; x_wconf 77' lang='lat' dir='ltr'>Denuo</span> <span class='ocrx_word' id='word_1_74' title='bbox 1820 681 1848 701; x_wconf 82' lang='lat' dir='ltr'>a.</span> <span class='ocrx_word' id='word_1_75' title='bbox 1874 672 1965 704; x_wconf 76' lang='lat'><strong><em>1903.</em></strong></span> <span class='ocrx_word' id='word_1_76' title='bbox 1989 683 2046 703; x_wconf 67' lang='lat' dir='ltr'>izos</span> 
     </span>
     <span class='ocr_line' id='line_1_10' title="bbox 399 719 2045 761; baseline 0.003 -11"><span class='ocrx_word' id='word_1_77' title='bbox 399 720 460 759; x_wconf 74' lang='lat' dir='ltr'>ipsi</span> <span class='ocrx_word' id='word_1_78' title='bbox 484 719 682 751; x_wconf 50' lang='lat' dir='ltr'>eont&#39;zclinms.</span> <span class='ocrx_word' id='word_1_79' title='bbox 718 720 862 759; x_wconf 29' lang='lat' dir='ltr'>Siyillnmv</span> <span class='ocrx_word' id='word_1_80' title='bbox 888 720 950 750; x_wconf 73' lang='lat' dir='ltr'>lanz</span> <span class='ocrx_word' id='word_1_81' title='bbox 967 720 1057 758; x_wconf 76' lang='lat' dir='ltr'>deest,</span> <span class='ocrx_word' id='word_1_82' title='bbox 1083 720 1147 751; x_wconf 80' lang='lat' dir='ltr'>Zoro</span> <span class='ocrx_word' id='word_1_83' title='bbox 1163 720 1395 751; x_wconf 68' lang='lat' dir='ltr'>membranaceo</span> <span class='ocrx_word' id='word_1_84' title='bbox 1418 720 1532 751; x_wconf 69' lang='lat' dir='ltr'>relicto.</span> <span class='ocrx_word' id='word_1_85' title='bbox 1569 721 1611 751; x_wconf 73' lang='lat' dir='ltr'>In</span> <span class='ocrx_word' id='word_1_86' title='bbox 1627 721 1717 751; x_wconf 75' lang='lat' dir='ltr'>dorso</span> <span class='ocrx_word' id='word_1_87' title='bbox 1733 721 1898 761; x_wconf 71' lang='lat' dir='ltr'>leyzmtnr:</span> <span class='ocrx_word' id='word_1_88' title='bbox 1922 723 2045 755; x_wconf 84' lang='lat' dir='ltr'>Littera</span> 
     </span>
    </p>
   </div>
   <div class='ocr_carea' id='block_1_6' title="bbox 398 771 2043 917">
    <p class='ocr_par' dir='ltr' id='par_1_6' title="bbox 398 771 2043 917">
     <span class='ocr_line' id='line_1_11' title="bbox 398 771 2043 815; baseline 0.003 -13"><span class='ocrx_word' id='word_1_89' title='bbox 398 772 517 802; x_wconf 87' lang='lat' dir='ltr'>domini</span> <span class='ocrx_word' id='word_1_90' title='bbox 541 771 579 804; x_wconf 84' lang='lat' dir='ltr'>R.</span> <span class='ocrx_word' id='word_1_91' title='bbox 605 772 690 813; x_wconf 82' lang='lat' dir='ltr'>regis</span> <span class='ocrx_word' id='word_1_92' title='bbox 717 771 935 802; x_wconf 80' lang='lat' dir='ltr'>Romanorum</span> <span class='ocrx_word' id='word_1_93' title='bbox 962 783 1061 814; x_wconf 88' lang='lat' dir='ltr'>super</span> <span class='ocrx_word' id='word_1_94' title='bbox 1085 772 1321 814; x_wconf 81' lang='lat' dir='ltr'>supplicatione</span> <span class='ocrx_word' id='word_1_95' title='bbox 1346 772 1474 803; x_wconf 90' lang='lat' dir='ltr'>domino</span> <span class='ocrx_word' id='word_1_96' title='bbox 1500 772 1685 803; x_wconf 89' lang='lat' dir='ltr'>Tusculano</span> <span class='ocrx_word' id='word_1_97' title='bbox 1711 774 1819 815; x_wconf 88' lang='lat' dir='ltr'>legato</span> <span class='ocrx_word' id='word_1_98' title='bbox 1846 774 1885 806; x_wconf 88' lang='lat' dir='ltr'>de</span> <span class='ocrx_word' id='word_1_99' title='bbox 1910 786 2043 807; x_wconf 83' lang='lat' dir='ltr'>excom-</span> 
     </span>
     <span class='ocr_line' id='line_1_12' title="bbox 400 823 2043 867; baseline 0.002 -13"><span class='ocrx_word' id='word_1_100' title='bbox 400 823 592 854; x_wconf 83' lang='lat' dir='ltr'>municando</span> <span class='ocrx_word' id='word_1_101' title='bbox 622 823 778 864; x_wconf 84' lang='lat' dir='ltr'>quosdam</span> <span class='ocrx_word' id='word_1_102' title='bbox 808 825 1018 865; x_wconf 85' lang='lat' dir='ltr'>proscriptos.</span> <span class='ocrx_word' id='word_1_103' title='bbox 1074 823 1124 865; x_wconf 80' lang='lat' dir='ltr'>Cf.</span> <span class='ocrx_word' id='word_1_104' title='bbox 1149 823 1271 854; x_wconf 63' lang='lat' dir='ltr'>lutei-as</span> <span class='ocrx_word' id='word_1_105' title='bbox 1300 823 1394 864; x_wconf 67' lang='lat' dir='ltr'>Iegyati</span> <span class='ocrx_word' id='word_1_106' title='bbox 1426 825 1515 862; x_wconf 53' lang='lat' dir='ltr'>‘infra</span> <span class='ocrx_word' id='word_1_107' title='bbox 1545 824 1683 856; x_wconf 58' lang='lat'>2272402.</span> <span class='ocrx_word' id='word_1_108' title='bbox 1714 843 1755 848; x_wconf 84' lang='lat'>—</span> <span class='ocrx_word' id='word_1_109' title='bbox 1787 825 1937 865; x_wconf 69' lang='lat' dir='ltr'>Bb&#39;hmer,</span> <span class='ocrx_word' id='word_1_110' title='bbox 1969 827 2043 867; x_wconf 68' lang='lat' dir='ltr'>Ray.</span> 
     </span>
     <span class='ocr_line' id='line_1_13' title="bbox 400 874 1936 917; baseline 0.004 -14"><span class='ocrx_word' id='word_1_111' title='bbox 400 875 472 913; x_wconf 73' lang='lat' dir='ltr'>imp.</span> <span class='ocrx_word' id='word_1_112' title='bbox 493 874 546 911; x_wconf 84' lang='lat' dir='ltr'>VI,</span> <span class='ocrx_word' id='word_1_113' title='bbox 562 875 652 905; x_wconf 79' lang='lat'><em>2076.</em></span> <span class='ocrx_word' id='word_1_114' title='bbox 1751 876 1803 916; x_wconf 92' lang='lat' dir='ltr'>(P.</span> <span class='ocrx_word' id='word_1_115' title='bbox 1828 877 1936 917; x_wconf 77' lang='lat' dir='ltr'>deest.)</span> 
     </span>
    </p>
   </div>
   <div class='ocr_carea' id='block_1_7' title="bbox 398 969 2046 2357">
    <p class='ocr_par' dir='ltr' id='par_1_7' title="bbox 398 969 2045 1115">
     <span class='ocr_line' id='line_1_14' title="bbox 505 969 2045 1015; baseline 0.003 -15"><span class='ocrx_word' id='word_1_116' title='bbox 505 969 700 1001; x_wconf 81' lang='lat' dir='ltr'>Reverendo</span> <span class='ocrx_word' id='word_1_117' title='bbox 725 971 756 1000; x_wconf 93' lang='lat' dir='ltr'>in</span> <span class='ocrx_word' id='word_1_118' title='bbox 776 970 905 1002; x_wconf 82' lang='lat' dir='ltr'>Christo</span> <span class='ocrx_word' id='word_1_119' title='bbox 930 970 1013 1011; x_wconf 82' lang='lat' dir='ltr'>patri</span> <span class='ocrx_word' id='word_1_120' title='bbox 1037 969 1190 1000; x_wconf 66' lang='lat' dir='ltr'>dominoa</span> <span class='ocrx_word' id='word_1_121' title='bbox 1213 969 1238 1000; x_wconf 87' lang='grc' dir='ltr'>Ι.</span> <span class='ocrx_word' id='word_1_122' title='bbox 1265 969 1327 1000; x_wconf 92' lang='lat' dir='ltr'>Dei</span> <span class='ocrx_word' id='word_1_123' title='bbox 1351 970 1463 1010; x_wconf 79' lang='lat' dir='ltr'>gracia</span> <span class='ocrx_word' id='word_1_124' title='bbox 1480 969 1664 1001; x_wconf 85' lang='lat' dir='ltr'>Tusculano</span> <span class='ocrx_word' id='word_1_125' title='bbox 1690 971 1842 1013; x_wconf 89' lang='lat' dir='ltr'>episcopo</span> <span class='ocrx_word' id='word_1_126' title='bbox 1867 973 2045 1015; x_wconf 86' lang='lat' dir='ltr'>apostolice</span> 
     </span>
     <span class='ocr_line' id='line_1_15' title="bbox 399 1020 2044 1064; baseline 0.003 -13"><span class='ocrx_word' id='word_1_127' title='bbox 399 1021 485 1052; x_wconf 89' lang='lat' dir='ltr'>sedis</span> <span class='ocrx_word' id='word_1_128' title='bbox 518 1022 625 1063; x_wconf 87' lang='lat' dir='ltr'>legato</span> <span class='ocrx_word' id='word_1_129' title='bbox 650 1021 809 1052; x_wconf 85' lang='lat' dir='ltr'>Rudolfus</span> <span class='ocrx_word' id='word_1_130' title='bbox 836 1021 897 1052; x_wconf 84' lang='lat' dir='ltr'>Dei</span> <span class='ocrx_word' id='word_1_131' title='bbox 927 1022 1037 1062; x_wconf 82' lang='lat' dir='ltr'>gracia</span> <span class='ocrx_word' id='word_1_132' title='bbox 1061 1020 1277 1052; x_wconf 83' lang='lat' dir='ltr'>Romanorum</span> <span class='ocrx_word' id='word_1_133' title='bbox 1311 1032 1368 1052; x_wconf 88' lang='lat' dir='ltr'>rex</span> <span class='ocrx_word' id='word_1_134' title='bbox 1398 1032 1527 1063; x_wconf 84' lang='lat' dir='ltr'>semper</span> <span class='ocrx_word' id='word_1_135' title='bbox 1551 1026 1706 1064; x_wconf 84' lang='lat' dir='ltr'>augustus</span> <span class='ocrx_word' id='word_1_136' title='bbox 1736 1023 1874 1055; x_wconf 88' lang='lat' dir='ltr'>salutem</span> <span class='ocrx_word' id='word_1_137' title='bbox 1906 1028 1938 1056; x_wconf 91' lang='lat' dir='ltr'>et</span> <span class='ocrx_word' id='word_1_138' title='bbox 1961 1025 2044 1056; x_wconf 87' lang='lat' dir='ltr'>inte-</span> 
     </span>
     <span class='ocr_line' id='line_1_16' title="bbox 398 1074 989 1115; baseline 0 -11"><span class='ocrx_word' id='word_1_139' title='bbox 398 1074 536 1114; x_wconf 86' lang='lat' dir='ltr'>gerrime</span> <span class='ocrx_word' id='word_1_140' title='bbox 562 1074 744 1104; x_wconf 76' lang='lat' dir='ltr'>dilectionis</span> <span class='ocrx_word' id='word_1_141' title='bbox 768 1078 989 1115; x_wconf 81' lang='lat' dir='ltr'>augmentum.</span> 
     </span>
    </p>

    <p class='ocr_par' dir='ltr' id='par_1_8' title="bbox 399 1125 2046 2255">
     <span class='ocr_line' id='line_1_17' title="bbox 506 1125 2046 1169; baseline 0.002 -13"><span class='ocrx_word' id='word_1_142' title='bbox 506 1125 577 1156; x_wconf 79' lang='lat' dir='ltr'>Etsi</span> <span class='ocrx_word' id='word_1_143' title='bbox 596 1126 742 1167; x_wconf 89' lang='lat' dir='ltr'>perversi</span> <span class='ocrx_word' id='word_1_144' title='bbox 761 1125 890 1156; x_wconf 87' lang='lat' dir='ltr'>difficile</span> <span class='ocrx_word' id='word_1_145' title='bbox 909 1126 1144 1166; x_wconf 43' lang='lat' dir='ltr'>corrigantur&amp;</span> <span class='ocrx_word' id='word_1_146' title='bbox 1170 1136 1208 1156; x_wconf 85' lang='lat' dir='ltr'>eo</span> <span class='ocrx_word' id='word_1_147' title='bbox 1227 1125 1311 1167; x_wconf 89' lang='lat' dir='ltr'>quod</span> <span class='ocrx_word' id='word_1_148' title='bbox 1330 1126 1474 1168; x_wconf 88' lang='lat' dir='ltr'>percussi</span> <span class='ocrx_word' id='word_1_149' title='bbox 1499 1137 1561 1157; x_wconf 92' lang='lat' dir='ltr'>non</span> <span class='ocrx_word' id='word_1_150' title='bbox 1580 1126 1690 1158; x_wconf 89' lang='lat' dir='ltr'>dolent</span> <span class='ocrx_word' id='word_1_151' title='bbox 1714 1130 1747 1158; x_wconf 92' lang='lat' dir='ltr'>et</span> <span class='ocrx_word' id='word_1_152' title='bbox 1764 1128 1889 1169; x_wconf 86' lang='lat' dir='ltr'>pertriti</span> <span class='ocrx_word' id='word_1_153' title='bbox 1907 1132 2046 1160; x_wconf 85' lang='lat' dir='ltr'>renuunt</span> 
     </span>
     <span class='ocr_line' id='line_1_18' title="bbox 400 1176 2044 1220; baseline 0.002 -12"><span class='ocrx_word' id='word_1_154' title='bbox 400 1178 548 1218; x_wconf 85' lang='lat' dir='ltr'>accipere</span> <span class='ocrx_word' id='word_1_155' title='bbox 573 1178 776 1219; x_wconf 83' lang='lat' dir='ltr'>disciplinam</span> <span class='ocrx_word' id='word_1_156' title='bbox 788 1176 810 1214; x_wconf 82' lang='lat'>2,</span> <span class='ocrx_word' id='word_1_157' title='bbox 836 1188 875 1208; x_wconf 91' lang='lat' dir='ltr'>ne</span> <span class='ocrx_word' id='word_1_158' title='bbox 900 1180 1020 1212; x_wconf 82' lang='lat' dir='ltr'>tamen,</span> <span class='ocrx_word' id='word_1_159' title='bbox 1045 1177 1070 1207; x_wconf 87' lang='lat' dir='ltr'>si</span> <span class='ocrx_word' id='word_1_160' title='bbox 1096 1177 1310 1208; x_wconf 87' lang='lat' dir='ltr'>remanserint</span> <span class='ocrx_word' id='word_1_161' title='bbox 1335 1178 1524 1218; x_wconf 84' lang='lat' dir='ltr'>incorrecti,</span> <span class='ocrx_word' id='word_1_162' title='bbox 1549 1179 1633 1209; x_wconf 85' lang='lat' dir='ltr'>viam</span> <span class='ocrx_word' id='word_1_163' title='bbox 1658 1178 1829 1220; x_wconf 84' lang='lat' dir='ltr'>apperiant</span> <span class='ocrx_word' id='word_1_164' title='bbox 1853 1181 2044 1211; x_wconf 84' lang='lat' dir='ltr'>excessibus</span> 
     </span>
     <span class='ocr_line' id='line_1_19' title="bbox 400 1228 2044 1274; baseline 0.002 -15"><span class='ocrx_word' id='word_1_165' title='bbox 400 1229 600 1270; x_wconf 78' lang='lat' dir='ltr'>corrigendis</span> <span class='ocrx_word' id='word_1_166' title='bbox 632 1228 837 1271; x_wconf 76' lang='lat' dir='ltr'>provocando</span> <span class='ocrx_word' id='word_1_167' title='bbox 863 1229 942 1259; x_wconf 84' lang='lat' dir='ltr'>alios</span> <span class='ocrx_word' id='word_1_168' title='bbox 968 1229 1015 1259; x_wconf 88' lang='lat' dir='ltr'>sui</span> <span class='ocrx_word' id='word_1_169' title='bbox 1040 1229 1181 1270; x_wconf 80' lang='lat' dir='ltr'>exempli</span> <span class='ocrx_word' id='word_1_170' title='bbox 1207 1229 1345 1271; x_wconf 87' lang='lat' dir='ltr'>pernitie</span> <span class='ocrx_word' id='word_1_171' title='bbox 1370 1229 1410 1259; x_wconf 85' lang='lat' dir='ltr'>ad</span> <span class='ocrx_word' id='word_1_172' title='bbox 1435 1229 1648 1271; x_wconf 75' lang='lat' dir='ltr'>peccandum,</span> <span class='ocrx_word' id='word_1_173' title='bbox 1680 1231 1711 1261; x_wconf 92' lang='lat' dir='ltr'>in</span> <span class='ocrx_word' id='word_1_174' title='bbox 1743 1231 1932 1272; x_wconf 88' lang='lat' dir='ltr'>castigando</span> <span class='ocrx_word' id='word_1_175' title='bbox 1957 1232 2044 1274; x_wconf 89' lang='lat' dir='ltr'>ipsos</span> 
     </span>
     <span class='ocr_line' id='line_1_20' title="bbox 399 1280 2044 1323; baseline 0.002 -12"><span class='ocrx_word' id='word_1_176' title='bbox 399 1292 461 1311; x_wconf 93' lang='lat' dir='ltr'>non</span> <span class='ocrx_word' id='word_1_177' title='bbox 488 1285 615 1322; x_wconf 82' lang='lat' dir='ltr'>oportet</span> <span class='ocrx_word' id='word_1_178' title='bbox 640 1292 706 1315; x_wconf 72' lang='lat' dir='ltr'>eos,</span> <span class='ocrx_word' id='word_1_179' title='bbox 732 1282 784 1322; x_wconf 86' lang='lat' dir='ltr'>qui</span> <span class='ocrx_word' id='word_1_180' title='bbox 810 1285 1003 1323; x_wconf 81' lang='lat' dir='ltr'>acceperunt</span> <span class='ocrx_word' id='word_1_181' title='bbox 1027 1292 1046 1311; x_wconf 87' lang='lat' dir='ltr'>a</span> <span class='ocrx_word' id='word_1_182' title='bbox 1063 1280 1202 1311; x_wconf 86' lang='lat' dir='ltr'>Domino</span> <span class='ocrx_word' id='word_1_183' title='bbox 1226 1280 1325 1322; x_wconf 84' lang='lat' dir='ltr'>gladii</span> <span class='ocrx_word' id='word_1_184' title='bbox 1349 1284 1552 1322; x_wconf 86' lang='lat' dir='ltr'>potestatem,</span> <span class='ocrx_word' id='word_1_185' title='bbox 1578 1282 1782 1313; x_wconf 87' lang='lat' dir='ltr'>considerare</span> <span class='ocrx_word' id='word_1_186' title='bbox 1808 1283 1962 1321; x_wconf 84' lang='lat' dir='ltr'>laborem,</span> <span class='ocrx_word' id='word_1_187' title='bbox 1987 1284 2044 1315; x_wconf 90' lang='lat' dir='ltr'>sed</span> 
     </span>
     <span class='ocr_line' id='line_1_21' title="bbox 401 1332 2043 1376; baseline 0.002 -13"><span class='ocrx_word' id='word_1_188' title='bbox 401 1333 497 1363; x_wconf 86' lang='lat' dir='ltr'>duros</span> <span class='ocrx_word' id='word_1_189' title='bbox 522 1333 704 1363; x_wconf 87' lang='lat' dir='ltr'>durioribus</span> <span class='ocrx_word' id='word_1_190' title='bbox 730 1333 880 1363; x_wconf 84' lang='lat' dir='ltr'>convenit</span> <span class='ocrx_word' id='word_1_191' title='bbox 904 1333 1092 1363; x_wconf 85' lang='lat' dir='ltr'>verberibus</span> <span class='ocrx_word' id='word_1_192' title='bbox 1117 1333 1292 1373; x_wconf 80' lang='lat' dir='ltr'>flagellare.</span> <span class='ocrx_word' id='word_1_193' title='bbox 1340 1332 1420 1363; x_wconf 84' lang='lat' dir='ltr'>Cum</span> <span class='ocrx_word' id='word_1_194' title='bbox 1446 1333 1529 1364; x_wconf 90' lang='lat' dir='ltr'>enim</span> <span class='ocrx_word' id='word_1_195' title='bbox 1554 1334 1723 1365; x_wconf 91' lang='lat' dir='ltr'>nonnullos</span> <span class='ocrx_word' id='word_1_196' title='bbox 1747 1334 1787 1365; x_wconf 87' lang='lat' dir='ltr'>de</span> <span class='ocrx_word' id='word_1_197' title='bbox 1812 1345 1912 1376; x_wconf 88' lang='lat' dir='ltr'>regno</span> <span class='ocrx_word' id='word_1_198' title='bbox 1936 1339 2043 1367; x_wconf 84' lang='lat' dir='ltr'>nostro</span> 
     </span>
     <span class='ocr_line' id='line_1_22' title="bbox 399 1384 2043 1426; baseline 0.001 -11"><span class='ocrx_word' id='word_1_199' title='bbox 399 1390 508 1415; x_wconf 86' lang='lat' dir='ltr'>nostre</span> <span class='ocrx_word' id='word_1_200' title='bbox 540 1385 708 1426; x_wconf 83' lang='lat' dir='ltr'>temporali</span> <span class='ocrx_word' id='word_1_201' title='bbox 740 1384 960 1415; x_wconf 73' lang='lat' dir='ltr'>iurisdieionib</span> <span class='ocrx_word' id='word_1_202' title='bbox 991 1385 1154 1415; x_wconf 85' lang='lat' dir='ltr'>subiectos</span> <span class='ocrx_word' id='word_1_203' title='bbox 1190 1388 1322 1426; x_wconf 87' lang='lat' dir='ltr'>propter</span> <span class='ocrx_word' id='word_1_204' title='bbox 1357 1395 1467 1415; x_wconf 88' lang='lat' dir='ltr'>eorum</span> <span class='ocrx_word' id='word_1_205' title='bbox 1503 1385 1712 1416; x_wconf 88' lang='lat' dir='ltr'>rebellionem</span> <span class='ocrx_word' id='word_1_206' title='bbox 1746 1389 1777 1416; x_wconf 89' lang='lat' dir='ltr'>et</span> <span class='ocrx_word' id='word_1_207' title='bbox 1811 1387 2043 1418; x_wconf 83' lang='lat' dir='ltr'>contumaciam</span> 
     </span>
     <span class='ocr_line' id='line_1_23' title="bbox 399 1436 2044 1481; baseline 0.002 -15"><span class='ocrx_word' id='word_1_208' title='bbox 399 1437 545 1478; x_wconf 84' lang='lat' dir='ltr'>aliosque</span> <span class='ocrx_word' id='word_1_209' title='bbox 571 1437 711 1478; x_wconf 81' lang='lat' dir='ltr'>ipsorum</span> <span class='ocrx_word' id='word_1_210' title='bbox 737 1447 892 1467; x_wconf 87' lang='lat' dir='ltr'>excessus</span> <span class='ocrx_word' id='word_1_211' title='bbox 917 1437 1059 1467; x_wconf 78' lang='lat' dir='ltr'>notorios</span> <span class='ocrx_word' id='word_1_212' title='bbox 1081 1436 1255 1467; x_wconf 85' lang='lat' dir='ltr'>iandudum</span> <span class='ocrx_word' id='word_1_213' title='bbox 1283 1436 1568 1478; x_wconf 87' lang='lat' dir='ltr'>proscripserimus</span> <span class='ocrx_word' id='word_1_214' title='bbox 1593 1437 1720 1468; x_wconf 87' lang='lat' dir='ltr'>iusticia</span> <span class='ocrx_word' id='word_1_215' title='bbox 1742 1437 1898 1470; x_wconf 88' lang='lat' dir='ltr'>suadente</span> <span class='ocrx_word' id='word_1_216' title='bbox 1923 1449 1959 1470; x_wconf 85' lang='lat' dir='ltr'>ac</span> <span class='ocrx_word' id='word_1_217' title='bbox 1983 1440 2044 1481; x_wconf 92' lang='lat' dir='ltr'>ipsi</span> 
     </span>
     <span class='ocr_line' id='line_1_24' title="bbox 400 1488 2044 1533; baseline 0.002 -15"><span class='ocrx_word' id='word_1_218' title='bbox 400 1499 463 1518; x_wconf 90' lang='lat' dir='ltr'>non</span> <span class='ocrx_word' id='word_1_219' title='bbox 489 1489 552 1518; x_wconf 89' lang='lat' dir='ltr'>sint</span> <span class='ocrx_word' id='word_1_220' title='bbox 577 1489 724 1519; x_wconf 85' lang='lat' dir='ltr'>conversi</span> <span class='ocrx_word' id='word_1_221' title='bbox 749 1488 788 1519; x_wconf 82' lang='lat' dir='ltr'>ad</span> <span class='ocrx_word' id='word_1_222' title='bbox 814 1489 1048 1530; x_wconf 84' lang='lat' dir='ltr'>percutientem</span> <span class='ocrx_word' id='word_1_223' title='bbox 1073 1500 1106 1519; x_wconf 91' lang='lat' dir='ltr'>se</span> <span class='ocrx_word' id='word_1_224' title='bbox 1117 1488 1139 1527; x_wconf 80' lang='lat'>³,</span> <span class='ocrx_word' id='word_1_225' title='bbox 1174 1488 1230 1519; x_wconf 91' lang='lat' dir='ltr'>sed</span> <span class='ocrx_word' id='word_1_226' title='bbox 1260 1489 1291 1519; x_wconf 92' lang='lat' dir='ltr'>in</span> <span class='ocrx_word' id='word_1_227' title='bbox 1322 1499 1380 1519; x_wconf 87' lang='lat' dir='ltr'>sua</span> <span class='ocrx_word' id='word_1_228' title='bbox 1403 1488 1514 1530; x_wconf 87' lang='lat' dir='ltr'>pocius</span> <span class='ocrx_word' id='word_1_229' title='bbox 1543 1488 1722 1520; x_wconf 87' lang='lat' dir='ltr'>rebellione</span> <span class='ocrx_word' id='word_1_230' title='bbox 1753 1489 1918 1531; x_wconf 86' lang='lat' dir='ltr'>obstinati,</span> <span class='ocrx_word' id='word_1_231' title='bbox 1943 1501 2044 1533; x_wconf 89' lang='lat' dir='ltr'>nuper</span> 
     </span>
     <span class='ocr_line' id='line_1_25' title="bbox 399 1540 2042 1583; baseline 0.002 -13"><span class='ocrx_word' id='word_1_232' title='bbox 399 1540 430 1570; x_wconf 90' lang='lat' dir='ltr'>in</span> <span class='ocrx_word' id='word_1_233' title='bbox 456 1540 625 1581; x_wconf 87' lang='lat' dir='ltr'>sollempni</span> <span class='ocrx_word' id='word_1_234' title='bbox 651 1541 738 1571; x_wconf 86' lang='lat' dir='ltr'>curia</span> <span class='ocrx_word' id='word_1_235' title='bbox 763 1544 882 1580; x_wconf 86' lang='lat' dir='ltr'>nostra,</span> <span class='ocrx_word' id='word_1_236' title='bbox 907 1551 1002 1581; x_wconf 86' lang='lat' dir='ltr'>quam</span> <span class='ocrx_word' id='word_1_237' title='bbox 1028 1540 1200 1582; x_wconf 89' lang='lat' dir='ltr'>Herbipoli</span> <span class='ocrx_word' id='word_1_238' title='bbox 1225 1540 1476 1579; x_wconf 76' lang='lat' dir='ltr'>celebravimus,</span> <span class='ocrx_word' id='word_1_239' title='bbox 1511 1544 1543 1571; x_wconf 90' lang='lat' dir='ltr'>ut</span> <span class='ocrx_word' id='word_1_240' title='bbox 1567 1541 1748 1582; x_wconf 84' lang='lat' dir='ltr'>pertinaces</span> <span class='ocrx_word' id='word_1_241' title='bbox 1772 1542 1909 1583; x_wconf 89' lang='lat' dir='ltr'>predicti</span> <span class='ocrx_word' id='word_1_242' title='bbox 1934 1553 1952 1573; x_wconf 82' lang='lat' dir='ltr'>a</span> <span class='ocrx_word' id='word_1_243' title='bbox 1977 1543 2042 1574; x_wconf 91' lang='lat' dir='ltr'>suis</span> 
     </span>
     <span class='ocr_line' id='line_1_26' title="bbox 400 1592 2042 1634; baseline 0.002 -12"><span class='ocrx_word' id='word_1_244' title='bbox 400 1596 534 1633; x_wconf 88' lang='lat' dir='ltr'>possent</span> <span class='ocrx_word' id='word_1_245' title='bbox 559 1593 720 1623; x_wconf 84' lang='lat' dir='ltr'>erroribus</span> <span class='ocrx_word' id='word_1_246' title='bbox 744 1592 900 1629; x_wconf 79' lang='lat' dir='ltr'>revocari,</span> <span class='ocrx_word' id='word_1_247' title='bbox 926 1603 983 1634; x_wconf 85' lang='lat' dir='ltr'>per</span> <span class='ocrx_word' id='word_1_248' title='bbox 1007 1602 1207 1622; x_wconf 83' lang='lat' dir='ltr'>communem</span> <span class='ocrx_word' id='word_1_249' title='bbox 1231 1593 1421 1634; x_wconf 72' lang='lat' dir='ltr'>principum,</span> <span class='ocrx_word' id='word_1_250' title='bbox 1445 1593 1610 1629; x_wconf 87' lang='lat' dir='ltr'>comitum,</span> <span class='ocrx_word' id='word_1_251' title='bbox 1636 1593 1806 1631; x_wconf 83' lang='lat' dir='ltr'>baronum,</span> <span class='ocrx_word' id='word_1_252' title='bbox 1832 1594 1984 1625; x_wconf 90' lang='lat' dir='ltr'>nobilium</span> <span class='ocrx_word' id='word_1_253' title='bbox 2010 1598 2042 1626; x_wconf 78' lang='lat' dir='ltr'>et</span> 
     </span>
     <span class='ocr_line' id='line_1_27' title="bbox 400 1644 2042 1687; baseline 0.001 -12"><span class='ocrx_word' id='word_1_254' title='bbox 400 1645 534 1675; x_wconf 87' lang='lat' dir='ltr'>aliorum</span> <span class='ocrx_word' id='word_1_255' title='bbox 559 1644 695 1675; x_wconf 68' lang='lat' dir='ltr'>Romani</span> <span class='ocrx_word' id='word_1_256' title='bbox 726 1645 852 1686; x_wconf 75' lang='lat' dir='ltr'>imperii</span> <span class='ocrx_word' id='word_1_257' title='bbox 883 1645 1026 1675; x_wconf 87' lang='lat' dir='ltr'>fidelium</span> <span class='ocrx_word' id='word_1_258' title='bbox 1060 1645 1112 1686; x_wconf 91' lang='lat' dir='ltr'>qui</span> <span class='ocrx_word' id='word_1_259' title='bbox 1138 1651 1213 1676; x_wconf 87' lang='lat' dir='ltr'>tunc</span> <span class='ocrx_word' id='word_1_260' title='bbox 1238 1645 1328 1675; x_wconf 90' lang='lat' dir='ltr'>fuere</span> <span class='ocrx_word' id='word_1_261' title='bbox 1352 1649 1524 1687; x_wconf 88' lang='lat' dir='ltr'>presentes</span> <span class='ocrx_word' id='word_1_262' title='bbox 1549 1645 1749 1676; x_wconf 88' lang='lat' dir='ltr'>sentenciam</span> <span class='ocrx_word' id='word_1_263' title='bbox 1775 1645 1957 1676; x_wconf 88' lang='lat' dir='ltr'>ordinatum</span> <span class='ocrx_word' id='word_1_264' title='bbox 1981 1646 2042 1676; x_wconf 83' lang='lat' dir='ltr'>fuit</span> 
     </span>
     <span class='ocr_line' id='line_1_28' title="bbox 400 1696 2041 1738; baseline 0.001 -11"><span class='ocrx_word' id='word_1_265' title='bbox 400 1700 432 1727; x_wconf 87' lang='lat' dir='ltr'>ct</span> <span class='ocrx_word' id='word_1_266' title='bbox 457 1698 554 1727; x_wconf 88' lang='lat' dir='ltr'>ctiam</span> <span class='ocrx_word' id='word_1_267' title='bbox 581 1697 765 1735; x_wconf 80' lang='lat' dir='ltr'>iudicatum,</span> <span class='ocrx_word' id='word_1_268' title='bbox 791 1701 825 1727; x_wconf 90' lang='lat' dir='ltr'>nt</span> <span class='ocrx_word' id='word_1_269' title='bbox 849 1701 959 1727; x_wconf 89' lang='lat' dir='ltr'>contra</span> <span class='ocrx_word' id='word_1_270' title='bbox 984 1697 1067 1737; x_wconf 87' lang='lat' dir='ltr'>illos,</span> <span class='ocrx_word' id='word_1_271' title='bbox 1092 1698 1144 1738; x_wconf 91' lang='lat' dir='ltr'>qui</span> <span class='ocrx_word' id='word_1_272' title='bbox 1171 1708 1226 1738; x_wconf 91' lang='lat' dir='ltr'>per</span> <span class='ocrx_word' id='word_1_273' title='bbox 1251 1708 1369 1728; x_wconf 89' lang='lat' dir='ltr'>annum</span> <span class='ocrx_word' id='word_1_274' title='bbox 1395 1700 1427 1728; x_wconf 88' lang='lat' dir='ltr'>et</span> <span class='ocrx_word' id='word_1_275' title='bbox 1451 1696 1589 1738; x_wconf 86' lang='lat' dir='ltr'>amplius</span> <span class='ocrx_word' id='word_1_276' title='bbox 1615 1697 1646 1727; x_wconf 90' lang='lat' dir='ltr'>in</span> <span class='ocrx_word' id='word_1_277' title='bbox 1671 1697 1907 1738; x_wconf 89' lang='lat' dir='ltr'>proscriptione</span> <span class='ocrx_word' id='word_1_278' title='bbox 1930 1697 2041 1728; x_wconf 79' lang='lat' dir='ltr'>huius-</span> 
     </span>
     <span class='ocr_line' id='line_1_29' title="bbox 400 1749 2042 1790; baseline 0 -11"><span class='ocrx_word' id='word_1_279' title='bbox 400 1749 483 1779; x_wconf 88' lang='lat' dir='ltr'>modi</span> <span class='ocrx_word' id='word_1_280' title='bbox 508 1754 764 1790; x_wconf 86' lang='lat' dir='ltr'>pcrmanserunt,</span> <span class='ocrx_word' id='word_1_281' title='bbox 789 1749 982 1780; x_wconf 77' lang='lat' dir='ltr'>deberemus</span> <span class='ocrx_word' id='word_1_282' title='bbox 1008 1749 1224 1780; x_wconf 85' lang='lat' dir='ltr'>ecclesiastici</span> <span class='ocrx_word' id='word_1_283' title='bbox 1250 1749 1373 1780; x_wconf 88' lang='lat' dir='ltr'>brachii</span> <span class='ocrx_word' id='word_1_284' title='bbox 1399 1749 1557 1780; x_wconf 85' lang='lat' dir='ltr'>auxilium</span> <span class='ocrx_word' id='word_1_285' title='bbox 1582 1749 1742 1788; x_wconf 83' lang='lat' dir='ltr'>invocare,</span> <span class='ocrx_word' id='word_1_286' title='bbox 1766 1753 1801 1779; x_wconf 91' lang='lat' dir='ltr'>ut</span> <span class='ocrx_word' id='word_1_287' title='bbox 1826 1759 1881 1780; x_wconf 87' lang='lat' dir='ltr'>eos</span> <span class='ocrx_word' id='word_1_288' title='bbox 1899 1749 2042 1780; x_wconf 89' lang='lat' dir='ltr'>severior</span> 
     </span>
     <span class='ocr_line' id='line_1_30' title="bbox 400 1800 2042 1843; baseline 0.001 -12"><span class='ocrx_word' id='word_1_289' title='bbox 400 1812 483 1842; x_wconf 73' lang='lat' dir='ltr'>pena</span> <span class='ocrx_word' id='word_1_290' title='bbox 513 1806 649 1842; x_wconf 81' lang='lat' dir='ltr'>pungat,</span> <span class='ocrx_word' id='word_1_291' title='bbox 686 1812 766 1842; x_wconf 86' lang='lat' dir='ltr'>quos</span> <span class='ocrx_word' id='word_1_292' title='bbox 796 1801 949 1842; x_wconf 81' lang='lat' dir='ltr'>penitudo</span> <span class='ocrx_word' id='word_1_293' title='bbox 984 1801 1141 1831; x_wconf 84' lang='lat' dir='ltr'>hactenus</span> <span class='ocrx_word' id='word_1_294' title='bbox 1174 1812 1235 1831; x_wconf 91' lang='lat' dir='ltr'>non</span> <span class='ocrx_word' id='word_1_295' title='bbox 1267 1801 1455 1843; x_wconf 80' lang='lat' dir='ltr'>conpunxit.</span> <span class='ocrx_word' id='word_1_296' title='bbox 1503 1800 1584 1836; x_wconf 86' lang='lat' dir='ltr'>Quia</span> <span class='ocrx_word' id='word_1_297' title='bbox 1609 1811 1685 1832; x_wconf 87' lang='lat' dir='ltr'>vero</span> <span class='ocrx_word' id='word_1_298' title='bbox 1710 1801 1881 1842; x_wconf 86' lang='lat' dir='ltr'>proscripti</span> <span class='ocrx_word' id='word_1_299' title='bbox 1906 1801 2042 1843; x_wconf 87' lang='lat' dir='ltr'>predicti</span> 
     </span>
     <span class='ocr_line' id='line_1_31' title="bbox 400 1852 2038 1894; baseline 0 -11"><span class='ocrx_word' id='word_1_300' title='bbox 400 1853 504 1883; x_wconf 86' lang='lat' dir='ltr'>redire</span> <span class='ocrx_word' id='word_1_301' title='bbox 531 1853 569 1883; x_wconf 81' lang='lat' dir='ltr'>ad</span> <span class='ocrx_word' id='word_1_302' title='bbox 595 1852 746 1883; x_wconf 75' lang='lat' dir='ltr'>mandata</span> <span class='ocrx_word' id='word_1_303' title='bbox 771 1858 889 1888; x_wconf 83' lang='lat' dir='ltr'>nostra,</span> <span class='ocrx_word' id='word_1_304' title='bbox 915 1853 941 1883; x_wconf 88' lang='lat' dir='ltr'>si</span> <span class='ocrx_word' id='word_1_305' title='bbox 966 1853 1049 1883; x_wconf 84' lang='lat' dir='ltr'>forte</span> <span class='ocrx_word' id='word_1_306' title='bbox 1067 1853 1208 1894; x_wconf 87' lang='lat' dir='ltr'>ipsorum</span> <span class='ocrx_word' id='word_1_307' title='bbox 1233 1852 1333 1883; x_wconf 83' lang='lat' dir='ltr'>facies</span> <span class='ocrx_word' id='word_1_308' title='bbox 1358 1853 1480 1894; x_wconf 86' lang='lat' dir='ltr'>replete</span> <span class='ocrx_word' id='word_1_309' title='bbox 1499 1852 1618 1883; x_wconf 88' lang='lat' dir='ltr'>fuerint</span> <span class='ocrx_word' id='word_1_310' title='bbox 1635 1852 1820 1893; x_wconf 78' lang='lat' dir='ltr'>ignominia,</span> <span class='ocrx_word' id='word_1_311' title='bbox 1846 1853 2038 1894; x_wconf 86' lang='lat' dir='ltr'>compellen-</span> 
     </span>
     <span class='ocr_line' id='line_1_32' title="bbox 400 1904 2040 1946; baseline 0.001 -12"><span class='ocrx_word' id='word_1_312' title='bbox 400 1908 459 1941; x_wconf 82' lang='lat' dir='ltr'>tur,</span> <span class='ocrx_word' id='word_1_313' title='bbox 487 1905 582 1935; x_wconf 86' lang='lat' dir='ltr'>vestri</span> <span class='ocrx_word' id='word_1_314' title='bbox 609 1905 784 1946; x_wconf 81' lang='lat' dir='ltr'>spiritualis</span> <span class='ocrx_word' id='word_1_315' title='bbox 810 1904 907 1945; x_wconf 85' lang='lat' dir='ltr'>gladii</span> <span class='ocrx_word' id='word_1_316' title='bbox 933 1905 1088 1935; x_wconf 83' lang='lat' dir='ltr'>auxilium</span> <span class='ocrx_word' id='word_1_317' title='bbox 1113 1904 1307 1934; x_wconf 84' lang='lat' dir='ltr'>fiducialiter</span> <span class='ocrx_word' id='word_1_318' title='bbox 1331 1904 1518 1935; x_wconf 87' lang='lat' dir='ltr'>invocamus</span> <span class='ocrx_word' id='word_1_319' title='bbox 1534 1905 1762 1946; x_wconf 83' lang='lat' dir='ltr'>paternitatem</span> <span class='ocrx_word' id='word_1_320' title='bbox 1780 1910 1919 1935; x_wconf 86' lang='lat' dir='ltr'>vestram</span> <span class='ocrx_word' id='word_1_321' title='bbox 1943 1904 2040 1935; x_wconf 83' lang='lat' dir='ltr'>affec-</span> 
     </span>
     <span class='ocr_line' id='line_1_33' title="bbox 401 1955 2040 1998; baseline 0 -12"><span class='ocrx_word' id='word_1_322' title='bbox 401 1960 492 1986; x_wconf 86' lang='lat' dir='ltr'>tuose</span> <span class='ocrx_word' id='word_1_323' title='bbox 519 1961 680 1997; x_wconf 74' lang='lat' dir='ltr'>rogantes,</span> <span class='ocrx_word' id='word_1_324' title='bbox 708 1957 857 1998; x_wconf 86' lang='lat' dir='ltr'>quatinus</span> <span class='ocrx_word' id='word_1_325' title='bbox 883 1957 1073 1998; x_wconf 76' lang='lat' dir='ltr'>proscriptos</span> <span class='ocrx_word' id='word_1_326' title='bbox 1099 1956 1283 1986; x_wconf 87' lang='lat' dir='ltr'>huiusmodi</span> <span class='ocrx_word' id='word_1_327' title='bbox 1308 1956 1399 1987; x_wconf 84' lang='lat' dir='ltr'>iuxta</span> <span class='ocrx_word' id='word_1_328' title='bbox 1417 1956 1515 1987; x_wconf 89' lang='lat' dir='ltr'>vestri</span> <span class='ocrx_word' id='word_1_329' title='bbox 1540 1956 1636 1986; x_wconf 79' lang='lat' dir='ltr'>officii</span> <span class='ocrx_word' id='word_1_330' title='bbox 1654 1955 1808 1993; x_wconf 87' lang='lat' dir='ltr'>debitum,</span> <span class='ocrx_word' id='word_1_331' title='bbox 1832 1960 1927 1998; x_wconf 91' lang='lat' dir='ltr'>prout</span> <span class='ocrx_word' id='word_1_332' title='bbox 1950 1956 2040 1987; x_wconf 90' lang='lat' dir='ltr'>nobis</span> 
     </span>
     <span class='ocr_line' id='line_1_34' title="bbox 400 2007 2039 2049; baseline 0.001 -12"><span class='ocrx_word' id='word_1_333' title='bbox 400 2013 432 2037; x_wconf 83' lang='lat' dir='ltr'>et</span> <span class='ocrx_word' id='word_1_334' title='bbox 456 2018 554 2048; x_wconf 76' lang='lat' dir='ltr'>regno</span> <span class='ocrx_word' id='word_1_335' title='bbox 580 2011 687 2038; x_wconf 79' lang='lat' dir='ltr'>nostro</span> <span class='ocrx_word' id='word_1_336' title='bbox 714 2009 866 2038; x_wconf 82' lang='lat' dir='ltr'>tenemini</span> <span class='ocrx_word' id='word_1_337' title='bbox 892 2008 1049 2038; x_wconf 76' lang='lat' dir='ltr'>auxilium</span> <span class='ocrx_word' id='word_1_338' title='bbox 1076 2008 1248 2047; x_wconf 79' lang='lat' dir='ltr'>exhibere,</span> <span class='ocrx_word' id='word_1_339' title='bbox 1274 2007 1313 2038; x_wconf 87' lang='lat' dir='ltr'>ad</span> <span class='ocrx_word' id='word_1_340' title='bbox 1339 2008 1517 2049; x_wconf 86' lang='lat' dir='ltr'>parendum</span> <span class='ocrx_word' id='word_1_341' title='bbox 1542 2007 1636 2038; x_wconf 87' lang='lat' dir='ltr'>nobis</span> <span class='ocrx_word' id='word_1_342' title='bbox 1666 2011 1698 2037; x_wconf 85' lang='lat' dir='ltr'>et</span> <span class='ocrx_word' id='word_1_343' title='bbox 1722 2008 1808 2038; x_wconf 87' lang='lat' dir='ltr'>curie</span> <span class='ocrx_word' id='word_1_344' title='bbox 1833 2013 1942 2039; x_wconf 88' lang='lat' dir='ltr'>nostre</span> <span class='ocrx_word' id='word_1_345' title='bbox 1968 2018 2039 2038; x_wconf 88' lang='lat' dir='ltr'>sen-</span> 
     </span>
     <span class='ocr_line' id='line_1_35' title="bbox 401 2059 2040 2100; baseline 0.001 -11"><span class='ocrx_word' id='word_1_346' title='bbox 401 2060 514 2089; x_wconf 81' lang='lat' dir='ltr'>tenciis</span> <span class='ocrx_word' id='word_1_347' title='bbox 540 2070 636 2100; x_wconf 74' lang='lat' dir='ltr'>super</span> <span class='ocrx_word' id='word_1_348' title='bbox 660 2059 730 2097; x_wconf 83' lang='lat' dir='ltr'>liiis,</span> <span class='ocrx_word' id='word_1_349' title='bbox 755 2070 811 2100; x_wconf 88' lang='lat' dir='ltr'>pro</span> <span class='ocrx_word' id='word_1_350' title='bbox 836 2060 950 2100; x_wconf 83' lang='lat' dir='ltr'>quibus</span> <span class='ocrx_word' id='word_1_351' title='bbox 975 2060 1216 2090; x_wconf 78' lang='lat' dir='ltr'>sentencialiter</span> <span class='ocrx_word' id='word_1_352' title='bbox 1240 2063 1313 2090; x_wconf 91' lang='lat' dir='ltr'>sunt</span> <span class='ocrx_word' id='word_1_353' title='bbox 1336 2060 1520 2100; x_wconf 85' lang='lat' dir='ltr'>proscripti,</span> <span class='ocrx_word' id='word_1_354' title='bbox 1546 2070 1603 2100; x_wconf 88' lang='lat' dir='ltr'>per</span> <span class='ocrx_word' id='word_1_355' title='bbox 1627 2059 1860 2090; x_wconf 86' lang='lat' dir='ltr'>districtionem</span> <span class='ocrx_word' id='word_1_356' title='bbox 1886 2060 2040 2090; x_wconf 84' lang='lat' dir='ltr'>ecclesia-</span> 
     </span>
     <span class='ocr_line' id='line_1_36' title="bbox 401 2110 2037 2152; baseline 0 -11"><span class='ocrx_word' id='word_1_357' title='bbox 401 2112 512 2141; x_wconf 78' lang='lat' dir='ltr'>sticam</span> <span class='ocrx_word' id='word_1_358' title='bbox 538 2111 738 2152; x_wconf 65' lang='lat' dir='ltr'>compellatis</span> <span class='ocrx_word' id='word_1_359' title='bbox 764 2117 795 2141; x_wconf 87' lang='lat' dir='ltr'>ct</span> <span class='ocrx_word' id='word_1_360' title='bbox 821 2122 876 2152; x_wconf 85' lang='lat' dir='ltr'>per</span> <span class='ocrx_word' id='word_1_361' title='bbox 899 2111 1041 2142; x_wconf 83' lang='lat' dir='ltr'>locorum</span> <span class='ocrx_word' id='word_1_362' title='bbox 1067 2111 1282 2152; x_wconf 77' lang='lat' dir='ltr'>(lyocesianos</span> <span class='ocrx_word' id='word_1_363' title='bbox 1307 2111 1390 2142; x_wconf 80' lang='lat' dir='ltr'>infra</span> <span class='ocrx_word' id='word_1_364' title='bbox 1415 2111 1587 2151; x_wconf 89' lang='lat' dir='ltr'>legationis</span> <span class='ocrx_word' id='word_1_365' title='bbox 1613 2115 1718 2141; x_wconf 88' lang='lat' dir='ltr'>vestre</span> <span class='ocrx_word' id='word_1_366' title='bbox 1743 2111 1896 2141; x_wconf 87' lang='lat' dir='ltr'>terminos</span> <span class='ocrx_word' id='word_1_367' title='bbox 1920 2110 2037 2141; x_wconf 83' lang='lat' dir='ltr'>consti-</span> 
     </span>
     <span class='ocr_line' id='line_1_37' title="bbox 400 2162 2042 2204; baseline -0.001 -12"><span class='ocrx_word' id='word_1_368' title='bbox 400 2167 486 2192; x_wconf 81' lang='lat' dir='ltr'>tutos</span> <span class='ocrx_word' id='word_1_369' title='bbox 517 2163 664 2203; x_wconf 79' lang='lat' dir='ltr'>compelli</span> <span class='ocrx_word' id='word_1_370' title='bbox 695 2163 790 2192; x_wconf 80' lang='lat' dir='ltr'>ctiam</span> <span class='ocrx_word' id='word_1_371' title='bbox 823 2163 964 2202; x_wconf 84' lang='lat' dir='ltr'>faciatis,</span> <span class='ocrx_word' id='word_1_372' title='bbox 1000 2167 1033 2193; x_wconf 89' lang='lat' dir='ltr'>ut</span> <span class='ocrx_word' id='word_1_373' title='bbox 1067 2163 1112 2192; x_wconf 84' lang='lat' dir='ltr'>sic</span> <span class='ocrx_word' id='word_1_374' title='bbox 1146 2163 1367 2204; x_wconf 87' lang='lat' dir='ltr'>temporaliter</span> <span class='ocrx_word' id='word_1_375' title='bbox 1401 2166 1432 2192; x_wconf 90' lang='lat' dir='ltr'>et</span> <span class='ocrx_word' id='word_1_376' title='bbox 1462 2162 1674 2204; x_wconf 85' lang='lat' dir='ltr'>spiritualiter</span> <span class='ocrx_word' id='word_1_377' title='bbox 1704 2162 1854 2203; x_wconf 86' lang='lat' dir='ltr'>castigati</span> <span class='ocrx_word' id='word_1_378' title='bbox 1887 2166 2042 2204; x_wconf 84' lang='lat' dir='ltr'>cogantur</span> 
     </span>
     <span class='ocr_line' id='line_1_38' title="bbox 401 2214 992 2255; baseline 0.003 -12"><span class='ocrx_word' id='word_1_379' title='bbox 401 2214 583 2244; x_wconf 74' lang='lat' dir='ltr'>obedientie</span> <span class='ocrx_word' id='word_1_380' title='bbox 609 2214 783 2244; x_wconf 79' lang='lat' dir='ltr'>1·‹·m‹=dium</span> <span class='ocrx_word' id='word_1_381' title='bbox 810 2214 992 2255; x_wconf 84' lang='lat' dir='ltr'>implorare.</span> 
     </span>
    </p>

    <p class='ocr_par' dir='ltr' id='par_1_9' title="bbox 400 2264 2041 2357">
     <span class='ocr_line' id='line_1_39' title="bbox 508 2264 2041 2307; baseline -0.001 -11"><span class='ocrx_word' id='word_1_382' title='bbox 508 2265 627 2296; x_wconf 85' lang='lat' dir='ltr'>Datum</span> <span class='ocrx_word' id='word_1_383' title='bbox 655 2265 839 2307; x_wconf 85' lang='lat' dir='ltr'>Herbipoli,</span> <span class='ocrx_word' id='word_1_384' title='bbox 865 2265 921 2297; x_wconf 81' lang='lat' dir='ltr'>VI.</span> <span class='ocrx_word' id='word_1_385' title='bbox 940 2265 1013 2297; x_wconf 71' lang='lat' dir='ltr'>Kal.</span> <span class='ocrx_word' id='word_1_386' title='bbox 1039 2266 1180 2307; x_wconf 86' lang='lat' dir='ltr'>Aprilis,</span> <span class='ocrx_word' id='word_1_387' title='bbox 1205 2265 1267 2296; x_wconf 88' lang='lat' dir='ltr'>ind.</span> <span class='ocrx_word' id='word_1_388' title='bbox 1287 2265 1359 2303; x_wconf 88' lang='lat' dir='ltr'>XV,</span> <span class='ocrx_word' id='word_1_389' title='bbox 1388 2276 1472 2296; x_wconf 86' lang='lat' dir='ltr'>anno</span> <span class='ocrx_word' id='word_1_390' title='bbox 1498 2265 1628 2296; x_wconf 88' lang='lat' dir='ltr'>Domini</span> <span class='ocrx_word' id='word_1_391' title='bbox 1653 2264 1871 2296; x_wconf 82' lang='lat' dir='ltr'>MCCLXXX</span> <span class='ocrx_word' id='word_1_392' title='bbox 1896 2265 2041 2306; x_wconf 83' lang='lat' dir='ltr'>septimo,</span> 
     </span>
     <span class='ocr_line' id='line_1_40' title="bbox 400 2317 956 2357; baseline 0 -10"><span class='ocrx_word' id='word_1_393' title='bbox 400 2317 489 2357; x_wconf 79' lang='lat' dir='ltr'>regui</span> <span class='ocrx_word' id='word_1_394' title='bbox 516 2328 590 2347; x_wconf 84' lang='lat' dir='ltr'>vcro</span> <span class='ocrx_word' id='word_1_395' title='bbox 615 2318 712 2347; x_wconf 82' lang='lat' dir='ltr'>nostri</span> <span class='ocrx_word' id='word_1_396' title='bbox 739 2328 821 2347; x_wconf 83' lang='lat' dir='ltr'>anno</span> <span class='ocrx_word' id='word_1_397' title='bbox 847 2317 956 2347; x_wconf 80' lang='lat' dir='ltr'><strong>XIIII.</strong></span> 
     </span>
    </p>
   </div>
   <div class='ocr_carea' id='block_1_8' title="bbox 399 2463 2039 2702">
    <p class='ocr_par' dir='ltr' id='par_1_10' title="bbox 399 2463 2039 2702">
     <span class='ocr_line' id='line_1_41' title="bbox 472 2463 1972 2496; baseline 0.001 -4"><span class='ocrx_word' id='word_1_398' title='bbox 472 2463 548 2494; x_wconf 69' lang='lat'>390.</span> <span class='ocrx_word' id='word_1_399' title='bbox 573 2464 835 2494; x_wconf 73' lang='lat' dir='ltr'><em>SENTENTIA</em></span> <span class='ocrx_word' id='word_1_400' title='bbox 862 2463 928 2494; x_wconf 72' lang='lat' dir='ltr'>DE</span> <span class='ocrx_word' id='word_1_401' title='bbox 951 2464 1254 2495; x_wconf 67' lang='lat' dir='ltr'><em>PROSCRIPTJS</em></span> <span class='ocrx_word' id='word_1_402' title='bbox 1278 2463 1756 2496; x_wconf 72' lang='lat' dir='ltr'><em>EXCOMMUNJGANDIS.</em></span> <span class='ocrx_word' id='word_1_403' title='bbox 1804 2464 1903 2495; x_wconf 75' lang='lat' dir='ltr'>Mart.</span> <span class='ocrx_word' id='word_1_404' title='bbox 1920 2463 1972 2494; x_wconf 75' lang='lat'>27.</span> 
     </span>
     <span class='ocr_line' id='line_1_42' title="bbox 508 2522 2039 2563; baseline -0.001 -9"><span class='ocrx_word' id='word_1_405' title='bbox 508 2525 583 2554; x_wconf 56' lang='lat' dir='ltr'>Item</span> <span class='ocrx_word' id='word_1_406' title='bbox 618 2525 752 2554; x_wconf 61' lang='lat' dir='ltr'>inmlitas</span> <span class='ocrx_word' id='word_1_407' title='bbox 782 2525 866 2554; x_wconf 55' lang='lat' dir='ltr'>dedit</span> <span class='ocrx_word' id='word_1_408' title='bbox 890 2524 1068 2554; x_wconf 50' lang='lat' dir='ltr'>hullemann</span> <span class='ocrx_word' id='word_1_409' title='bbox 1100 2535 1137 2554; x_wconf 59' lang='lat' dir='ltr'>(nc</span> <span class='ocrx_word' id='word_1_410' title='bbox 1169 2524 1364 2563; x_wconf 63' lang='grc' dir='ltr'>(ιιιίιιῃναῃὴο</span> <span class='ocrx_word' id='word_1_411' title='bbox 1393 2525 1529 2563; x_wconf 64' lang='lat' dir='ltr'>eiusdem</span> <span class='ocrx_word' id='word_1_412' title='bbox 1558 2524 1710 2555; x_wconf 72' lang='lat' dir='ltr'>tabularii</span> <span class='ocrx_word' id='word_1_413' title='bbox 1740 2534 1788 2554; x_wconf 79' lang='lat' dir='ltr'>nr.</span> <span class='ocrx_word' id='word_1_414' title='bbox 1812 2526 1882 2555; x_wconf 74' lang='lat'><strong><em>137.</em></strong></span> <span class='ocrx_word' id='word_1_415' title='bbox 1928 2522 2039 2554; x_wconf 82' lang='lat' dir='ltr'>Denuo</span> 
     </span>
     <span class='ocr_line' id='line_1_43' title="bbox 399 2574 2038 2616; baseline -0.001 -9"><span class='ocrx_word' id='word_1_416' title='bbox 399 2587 428 2607; x_wconf 80' lang='grc' dir='ltr'>α.</span> <span class='ocrx_word' id='word_1_417' title='bbox 448 2577 539 2606; x_wconf 66' lang='grc'><em>1903.</em></span> <span class='ocrx_word' id='word_1_418' title='bbox 565 2588 620 2607; x_wconf 71' lang='lat' dir='ltr'>nos</span> <span class='ocrx_word' id='word_1_419' title='bbox 646 2577 705 2615; x_wconf 66' lang='lat' dir='ltr'>ipsi</span> <span class='ocrx_word' id='word_1_420' title='bbox 721 2575 919 2607; x_wconf 53' lang='lat' dir='ltr'>‹senledimns</span> <span class='ocrx_word' id='word_1_421' title='bbox 960 2575 1078 2606; x_wconf 54' lang='lat' dir='ltr'>Pendet</span> <span class='ocrx_word' id='word_1_422' title='bbox 1100 2575 1237 2615; x_wconf 73' lang='lat' dir='ltr'>siyillnm</span> <span class='ocrx_word' id='word_1_423' title='bbox 1262 2576 1379 2607; x_wconf 70' lang='lat' dir='ltr'>laesum</span> <span class='ocrx_word' id='word_1_424' title='bbox 1403 2576 1467 2607; x_wconf 78' lang='lat' dir='ltr'>loro</span> <span class='ocrx_word' id='word_1_425' title='bbox 1491 2577 1730 2608; x_wconf 66' lang='lat' dir='ltr'>wmbrccnaeco.</span> <span class='ocrx_word' id='word_1_426' title='bbox 1767 2576 1807 2607; x_wconf 78' lang='lat' dir='ltr'>In</span> <span class='ocrx_word' id='word_1_427' title='bbox 1830 2577 1920 2607; x_wconf 77' lang='lat' dir='ltr'>dorso</span> <span class='ocrx_word' id='word_1_428' title='bbox 1937 2574 2038 2616; x_wconf 77' lang='lat' dir='ltr'>Zeyzm-</span> 
     </span>
     <span class='ocr_line' id='line_1_44' title="bbox 501 2669 1085 2702; baseline 0 -6"><span class='ocrx_word' id='word_1_429' title='bbox 501 2670 565 2697; x_wconf 71' lang='lat'>395.</span> <span class='ocrx_word' id='word_1_430' title='bbox 586 2675 608 2699; x_wconf 79' lang='lat'>¹¹)</span> <span class='ocrx_word' id='word_1_431' title='bbox 629 2691 654 2696; x_wconf 90' lang='lat'>..</span> <span class='ocrx_word' id='word_1_432' title='bbox 674 2671 785 2702; x_wconf 64' lang='lat' dir='ltr'>sequitur</span> <span class='ocrx_word' id='word_1_433' title='bbox 805 2679 841 2695; x_wconf 76' lang='lat' dir='ltr'>or,</span> <span class='ocrx_word' id='word_1_434' title='bbox 929 2669 953 2702; x_wconf 83' lang='lat' dir='ltr'>b)</span> <span class='ocrx_word' id='word_1_435' title='bbox 973 2671 1029 2696; x_wconf 61' lang='lat'>«1562</span> <span class='ocrx_word' id='word_1_436' title='bbox 1048 2680 1085 2696; x_wconf 81' lang='lat' dir='ltr'>or.</span> 
     </span>
    </p>
   </div>
   <div class='ocr_carea' id='block_1_9' title="bbox 503 2738 1322 2774">
    <p class='ocr_par' dir='ltr' id='par_1_11' title="bbox 503 2738 1322 2774">
     <span class='ocr_line' id='line_1_45' title="bbox 503 2738 1322 2774; baseline 0.001 -9"><span class='ocrx_word' id='word_1_437' title='bbox 503 2740 528 2772; x_wconf 78' lang='lat'>1)</span> <span class='ocrx_word' id='word_1_438' title='bbox 547 2738 627 2765; x_wconf 76' lang='lat' dir='ltr'>Eceli.</span> <span class='ocrx_word' id='word_1_439' title='bbox 649 2743 669 2772; x_wconf 73' lang='lat'>1,</span> <span class='ocrx_word' id='word_1_440' title='bbox 685 2743 719 2766; x_wconf 72' lang='lat'>15.</span> <span class='ocrx_word' id='word_1_441' title='bbox 807 2740 833 2771; x_wconf 74' lang='lat'>2)</span> <span class='ocrx_word' id='word_1_442' title='bbox 854 2738 939 2765; x_wconf 81' lang='lat' dir='ltr'>Ierem.</span> <span class='ocrx_word' id='word_1_443' title='bbox 954 2743 1009 2771; x_wconf 75' lang='lat'>5,:;.</span> <span class='ocrx_word' id='word_1_444' title='bbox 1097 2740 1122 2771; x_wconf 85' lang='grc'>3)</span> <span class='ocrx_word' id='word_1_445' title='bbox 1145 2739 1184 2774; x_wconf 75' lang='lat' dir='ltr'>Cf.</span> <span class='ocrx_word' id='word_1_446' title='bbox 1206 2739 1238 2765; x_wconf 84' lang='lat' dir='ltr'>Is.</span> <span class='ocrx_word' id='word_1_447' title='bbox 1252 2744 1274 2773; x_wconf 73' lang='lat'>9,</span> <span class='ocrx_word' id='word_1_448' title='bbox 1287 2742 1322 2766; x_wconf 82' lang='lat'>13.</span> 
     </span>
    </p>
   </div>
   <div class='ocr_carea' id='block_1_10' title="bbox 2075 788 2096 806">
    <p class='ocr_par' dir='ltr' id='par_1_12' title="bbox 2075 788 2096 806">
     <span class='ocr_line' id='line_1_46' title="bbox 2075 788 2096 806; baseline -0.048 0"><span class='ocrx_word' id='word_1_449' title='bbox 2075 788 2096 806; x_wconf 85' lang='lat'>10</span> 
     </span>
    </p>
   </div>
   <div class='ocr_carea' id='block_1_11' title="bbox 2074 1085 2095 1103">
    <p class='ocr_par' dir='ltr' id='par_1_13' title="bbox 2074 1085 2095 1103">
     <span class='ocr_line' id='line_1_47' title="bbox 2074 1085 2095 1103; baseline -0.048 0"><span class='ocrx_word' id='word_1_450' title='bbox 2074 1085 2095 1103; x_wconf 81' lang='lat'>15</span> 
     </span>
    </p>
   </div>
   <div class='ocr_carea' id='block_1_12' title="bbox 2071 1345 2095 1364">
    <p class='ocr_par' dir='ltr' id='par_1_14' title="bbox 2071 1345 2095 1364">
     <span class='ocr_line' id='line_1_48' title="bbox 2071 1345 2095 1364; baseline -0.042 0"><span class='ocrx_word' id='word_1_451' title='bbox 2071 1345 2095 1364; x_wconf 72' lang='lat'>20</span> 
     </span>
    </p>
   </div>
   <div class='ocr_carea' id='block_1_13' title="bbox 2069 1604 2091 1622">
    <p class='ocr_par' dir='ltr' id='par_1_15' title="bbox 2069 1604 2091 1622">
     <span class='ocr_line' id='line_1_49' title="bbox 2069 1604 2091 1622; baseline 0 0"><span class='ocrx_word' id='word_1_452' title='bbox 2069 1604 2091 1622; x_wconf 84' lang='lat'>25</span> 
     </span>
    </p>
   </div>
   <div class='ocr_carea' id='block_1_14' title="bbox 2067 1864 2091 1883">
    <p class='ocr_par' dir='ltr' id='par_1_16' title="bbox 2067 1864 2091 1883">
     <span class='ocr_line' id='line_1_50' title="bbox 2067 1864 2091 1883; baseline -0.042 0"><span class='ocrx_word' id='word_1_453' title='bbox 2067 1864 2091 1883; x_wconf 80' lang='lat'>³0</span> 
     </span>
    </p>
   </div>
   <div class='ocr_carea' id='block_1_15' title="bbox 2066 2120 2089 2138">
    <p class='ocr_par' dir='ltr' id='par_1_17' title="bbox 2066 2120 2089 2138">
     <span class='ocr_line' id='line_1_51' title="bbox 2066 2120 2089 2138; baseline 0 0"><span class='ocrx_word' id='word_1_454' title='bbox 2066 2120 2089 2138; x_wconf 74' lang='lat'>³5</span> 
     </span>
    </p>
   </div>
   <div class='ocr_carea' id='block_1_16' title="bbox 2066 2468 2089 2487">
    <p class='ocr_par' dir='ltr' id='par_1_18' title="bbox 2066 2468 2089 2487">
     <span class='ocr_line' id='line_1_52' title="bbox 2066 2468 2089 2487; baseline 0 0"><span class='ocrx_word' id='word_1_455' title='bbox 2066 2468 2089 2487; x_wconf 65' lang='lat'>⁴0</span> 
     </span>
    </p>
   </div>
   <div class='ocr_carea' id='block_1_17' title="bbox 2212 551 2232 1264">
    <p class='ocr_par' dir='ltr' id='par_1_19' title="bbox 2212 551 2232 1264">
     <span class='ocr_line' id='line_1_53' title="bbox 2212 551 2232 1264; baseline 0 0"><span class='ocrx_word' id='word_1_456' title='bbox 2212 551 2232 1264; x_wconf 95' lang='lat' dir='ltr'> </span> 
     </span>
    </p>
   </div>
   <div class='ocr_carea' id='block_1_18' title="bbox 2206 216 2241 1519">
    <p class='ocr_par' dir='ltr' id='par_1_20' title="bbox 2206 216 2241 1519">
     <span class='ocr_line' id='line_1_54' title="bbox 2206 216 2241 1519; baseline 0 0"><span class='ocrx_word' id='word_1_457' title='bbox 2206 216 2241 1519; x_wconf 95' lang='lat' dir='ltr'> </span> 
     </span>
    </p>
   </div>
  </div>
 </body>
</html>
