2259 3164
100 744 122 762 1⁰

100 1004 122 1021 15

99 1270 125 1288 20

101 1524 123 1543 25

100 1793 123 1810 30

99 2050 122 2070 35

101 2311 124 2329 ⁴0

101 2599 124 2618 45

486 168 640 195 RUDOLFI
661 169 764 196 REGIS
784 169 1105 197 CONSTITUTIONES.
1144 173 1215 198 1290.
1253 173 1439 200 N1·.450.451.

149 259 179 287 et
203 255 441 287 successoribus
466 256 643 287 eorundem
661 256 822 298 predictas
840 257 936 288 liber-

150 311 234 339 tates
250 307 362 338 damus
387 310 420 338 et
436 307 642 339 concedimus
659 312 816 351 perpetue
833 308 935 350 possi-

150 359 270 391 dendas
295 370 331 390 ac
348 359 488 401 ipsorum
507 363 745 401 procuratorem
762 360 860 391 talem
878 370 935 390 no-

148 412 232 443 mine
273 411 491 453 procuratorio
530 412 748 442 universitatis
793 411 936 453 predicte

148 473 184 494 ac
215 463 299 504 ipsos
331 463 574 494 universitatem
606 467 638 494 et
665 463 750 494 cives
780 473 839 504 per
862 473 934 504 pre-

149 517 256 545 sentes
271 514 394 545 litteras
411 515 598 545 investimus
612 518 765 556 tanquam
783 514 866 553 ίΠοε,
883 514 934 554 qui

151 569 222 597 sunt
254 566 433 597 membrum
464 566 590 608 imperii
612 565 749 596 Romani
773 565 879 596 nobile
904 568 936 595 et

148 617 247 660 ipsius
272 618 353 649 sacri
375 618 501 660 imperii
526 628 653 649 camera
677 617 871 659 principalis.

214 679 261 710 16.
284 677 388 709 Item¹¹
404 677 517 709 damus
535 681 568 709 et
585 677 789 709 concedimus
807 677 934 719 predic-

149 730 189 762 tis
205 729 406 760 universitati
425 733 457 760 et
474 729 607 768 civibus,
632 733 666 760 ut
683 729 742 770 ipsi
759 729 841 759 infra
858 729 934 759 civi-

146 783 242 812 tatem
259 780 436 822 predictam
456 782 578 823 possint
594 781 701 812 facere
720 784 751 812 et
765 780 825 812 sibi
842 791 934 822 apro-

148 833 252 874 priare
269 832 379 863 furnos
403 836 435 863 et
451 833 647 870 molendina,
673 843 712 863 ex
730 832 844 874 quibus
862 832 934 863 red-

149 884 232 915 ditus
261 887 426 915 vertantur
453 884 483 914 in
514 884 685 915 utilitatem
716 884 935 914 universitatis

149 939 180 966 et
203 935 320 966 civium
344 935 575 977 predictorum,
604 939 754 976 tanquam
780 936 841 966 illis
866 936 933 976 qui-

148 987 207 1018 bus
245 986 391 1017 velumus
419 987 537 1023 >facere
576 988 715 1028 graciam
761 987 933 1028 specialem

150 1041 278 1081 propter
315 1039 453 1079 ipsorum
493 1039 710 1070 universitatis
750 1043 781 1069 et
819 1039 934 1069 civium

148 1100 242 1122 onera
266 1090 448 1121 relevanda.

214 1152 260 1182 17.
296 1150 379 1191 [Hec
409 1154 517 1181 autem
553 1151 704 1182 universa
743 1155 774 1182 et
809 1151 935 1191 singula

149 1202 295 1244 superius
319 1206 472 1233 annotata
489 1201 643 1244 predictis
661 1203 785 1233 civibus
810 1206 842 1233 et
857 1203 933 1233 civi-

151 1255 207 1285 tati
225 1253 440 1293 concedimus,
464 1253 560 1285 salvis
584 1257 616 1285 et
636 1254 769 1285 retentis
787 1254 878 1285 nobis
903 1258 935 1285 et

152 1306 390 1337 successoribus
421 1306 539 1337 nostris
569 1306 715 1336 omnibus
745 1308 777 1336 et
801 1306 934 1346 singulis

148 1357 282 1396 iuribus,
314 1357 461 1388 dominiis
485 1360 517 1388 et
541 1357 844 1395 consuetudinibus,
872 1367 934 1398 que

148 1409 358 1451 imperatores
388 1408 526 1440 Romani
557 1408 805 1450 predecessores
834 1409 934 1439 nostri

148 1461 180 1492 in
202 1461 332 1492 civitate
357 1463 389 1491 et
411 1459 533 1491 civibus
550 1459 756 1500 Bisunt(inis)
781 1464 812 1491 et
836 1460 933 1491 rebus

149 1522 255 1543 eorum
279 1512 445 1543 retroactis
469 1511 669 1554 temporibus
698 1512 878 1543 habuerunt
902 1514 934 1542 et

148 1564 311 1606 percipere
336 1563 626 1604 consueverunt.]⁰.

213 1625 260 1656 18.
284 1623 390 1655 Itemn
413 1624 560 1655 volumus
584 1627 617 1655 et
633 1623 839 1655 concedimus
855 1624 933 1665 ipsis

148 1675 347 1707 universitati
371 1679 404 1707 et
427 1676 559 1715 civibus,
583 1675 667 1716 quod
691 1676 751 1716 ipsi
776 1679 933 1706 eteorum

148 1737 350 1758 successores
385 1730 540 1769 perpetuo
578 1730 708 1758 utantur
740 1727 872 1768 pacifice
902 1730 934 1757 et

149 1779 254 1820 quiete
279 1778 425 1809 omnibus
455 1779 527 1809 aliis
558 1779 622 1809 suis
646 1778 737 1809 bonis
763 1782 933 1809 eonsuetu-

149 1829 271 1861 dinibus
296 1834 328 1861 et
352 1831 480 1861 statutis
506 1830 661 1861 haetenus
686 1829 903 1871 approbatisv.

214 2097 260 2128 19.
284 2095 355 2127 Hec
378 2100 486 2128 autem
510 2096 615 2127 omnia
639 2099 670 2127 et
691 2096 819 2137 singula
842 2100 931 2127 ante-

150 2145 232 2177 dicta
247 2146 339 2178 dictis
356 2148 479 2179 civibus
497 2151 529 2178 et
546 2147 749 2178 universitati
767 2158 823 2189 pro
842 2148 932 2178 nobis

150 2201 182 2228 et
204 2199 440 2230 successoribus
458 2200 575 2230 nostris
593 2199 707 2230 damus
733 2202 767 2230 et
784 2199 933 2230 concedi-

149 2258 228 2289 mus,
252 2251 347 2281 salvis
365 2251 456 2282 nobis
481 2255 513 2282 et
531 2251 667 2282 retentis
685 2254 836 2292 tanquam
854 2251 933 2292 legi-

150 2300 223 2331 timo
257 2302 505 2333 administratori
534 2303 615 2333 sacri
644 2302 781 2334 Romani
811 2302 934 2344 imperii

150 2350 269 2383 iuribus
299 2357 331 2385 et
363 2353 648 2385 consuetudinibus
677 2354 842 2393 omnibus⁷
874 2364 935 2395 que

149 2401 281 2435 Romani
317 2405 528 2447 imperatores
564 2406 594 2436 in
624 2405 710 2436 (licta
744 2406 873 2436 civitate
903 2410 936 2437 ct

150 2453 271 2486 civibus
300 2455 456 2488 hactenus
486 2456 669 2488 habuerunt
702 2460 733 2487 et
757 2457 876 2488 habere
901 2461 934 2488 et

150 2507 312 2548 percipere
336 2511 572 2539 consueverunt
595 2508 635 2539 ab
661 2509 803 2550 antique.

249 2591 312 2618 450.
338 2595 361 2624 ¹¹)
380 2595 432 2620 sinc
455 2596 525 2626 siquo
547 2595 712 2626 paq-nymphi
738 2595 769 2619 ⁴l.

150 2633 174 2665 ¹¹)
193 2635 237 2659 Ιιοο
255 2637 308 2661 loco
325 2638 435 2669 sequitur
453 2643 528 2670 caput
548 2641 577 2663 10
599 2640 659 2663 [tem
670 2638 878 2670 —predictorum
899 2639 937 2665 A,·
955 2647 976 2661 r.
995 2646 1075 2668 supra
1098 2647 1122 2662 n.
1136 2646 1160 2669 g.

873 2593 897 2626 ⁰)
923 2600 998 2626 capnt
1026 2597 1058 2619 17.
1087 2595 1205 2619 cancellis
1232 2594 1445 2624 circumscriplum
1470 2598 1503 2617 est
1529 2594 1566 2621 .›1,-
1589 2595 1621 2624 ''l''

1713 177 1772 206 437

992 262 1024 289 et
1048 259 1287 290 successoribus
1312 260 1481 291 eorundem
1500 261 1660 302 predictas
1677 261 1773 292 liber-

990 313 1074 341 tates
1092 310 1204 340 damus
1229 314 1260 341 et
1278 312 1481 342 concedimus
1498 315 1653 354 perpetuo
1670 313 1772 354 possi-

990 360 1111 391 dendas
1136 372 1172 391 ac
1191 362 1330 403 ipsorum
1348 367 1583 404 procuratorem
1602 365 1697 395 talem
1717 374 1773 395 no-

990 413 1073 442 mine
1098 414 1315 454 procuratorio
1333 415 1547 446 universitatis
1573 416 1713 457 predicte
1737 426 1773 446 ae

989 464 1075 505 ipsos
1100 465 1339 496 universitatem
1366 470 1397 496 et
1422 467 1508 497 cives
1533 477 1590 508 per
1608 470 1774 508 presentes

990 515 1112 545 litteras
1142 516 1329 546 investimus
1368 516 1557 559 [tanquam]¹
1597 518 1682 556 illos,
1722 519 1773 559 qui

990 570 1064 596 sunt
1096 566 1272 597 membrum
1302 567 1438 599 Romani
1467 569 1590 611 imperii
1614 570 1719 600 nobile
1744 574 1774 600 et

990 618 1089 660 ipsius
1113 618 1194 649 sacri
1221 619 1343 660 imperii
1368 630 1493 651 camera.
1516 621 1709 662 principalis,

1057 680 1103 709 16.
1128 678 1209 709 Item
1227 678 1338 709 damus
1356 683 1388 710 et
1404 680 1606 711 concedimus
1623 680 1775 721 predictis

990 730 1191 761 universitati
1217 734 1248 761 et
1265 731 1397 769 civibus,
1422 735 1456 762 ut
1480 732 1539 772 ipsi
1563 732 1646 762 infra
1663 732 1774 762 civita-

989 786 1056 812 tem
1080 781 1256 823 predictam
1273 783 1398 823 possint
1419 783 1525 814 facere
1550 786 1581 813 ct
1606 783 1664 813 sibi
1682 794 1775 824 apro-

994 833 1098 874 priare
1117 832 1226 863 furnos
1251 836 1283 864 et
1299 834 1489 873 molendina,
1515 845 1555 865 ex
1573 834 1686 875 quibus
1705 834 1774 865 red-

989 884 1073 914 ditus
1100 882 1300 926 [vertanltur¹
1325 885 1354 915 in
1373 886 1543 916 utilitatem
1562 886 1776 916 universitatis

990 940 1023 966 et
1047 936 1164 966 civium
1188 935 1420 976 predictorum,
1445 941 1595 978 tanquam
1620 937 1683 967 illis
1708 938 1775 978 qui-

989 988 1049 1018 bus
1088 987 1195 1018 facere
1234 987 1381 1018 volumus
1424 989 1560 1028 gratiam
1603 989 1775 1030 specialem

990 1042 1118 1081 propter
1135 1040 1275 1080 ipsorum
1293 1040 1510 1071 universitatis
1532 1043 1563 1070 et
1581 1040 1694 1071 civium
1719 1041 1774 1071 lio-

990 1102 1067 1122 nera
1093 1089 1320 1132 [relev]anda¹.

1058 1153 1105 1183 17.
1136 1150 1219 1182 Item
1252 1152 1400 1182 volumus
1429 1155 1461 1182 et
1489 1152 1691 1183 concedimus
1717 1153 1775 1193 ipsi

989 1202 1193 1233 universitati
1218 1206 1249 1232 et
1266 1203 1400 1242 civibus,
1424 1203 1509 1244 quod
1534 1203 1593 1245 ipsi
1618 1208 1775 1234 eteorum

991 1264 1199 1284 successores
1225 1258 1382 1296 perpetuo
1411 1259 1566 1285 utanturm
1589 1255 1720 1296 pacifice
1745 1259 1776 1285 et

988 1306 1096 1347 quiete
1122 1305 1271 1336 omnibus
1295 1306 1365 1336 aliis
1392 1307 1459 1337 suis
1488 1306 1580 1337 bonis
1604 1310 1774 1337 consuetu-

988 1357 1114 1388 dinibus
1139 1360 1171 1387 et
1195 1357 1324 1387 statutis
1349 1357 1506 1388 hactenus
1531 1357 1726 1399 approbatis.

1055 1625 1101 1656 18.
1139 1622 1222 1666 [Hec
1258 1627 1365 1654 autem
1399 1624 1550 1655 universa
1583 1628 1614 1655 et
1649 1624 1773 1665 singula

988 1676 1136 1717 superius
1160 1675 1313 1706 adnotata
1330 1675 1482 1717 predictis
1499 1676 1620 1707 civibus
1646 1680 1678 1706 et
1695 1677 1771 1707 civi-

989 1727 1046 1757 tati
1064 1726 1280 1765 concedimus,
1304 1727 1401 1757 salvis
1426 1731 1458 1758 et
1475 1728 1608 1758 retentis
1626 1727 1717 1759 nobis
1742 1732 1772 1758 et

989 1779 1229 1809 successoribus
1259 1779 1378 1809 nostris
1406 1779 1552 1809 omnibus
1580 1783 1611 1810 et
1639 1779 1772 1820 singulis

990 1830 1127 1865 iuribus,
1152 1829 1300 1860 dominiis
1324 1834 1355 1860 ct
1379 1830 1676 1867 consuetudinibus,
1711 1841 1772 1871 que

992 1882 1201 1923 imperatores
1234 1881 1371 1912 Romani
1399 1881 1648 1922 predecessores
1672 1882 1771 1912 nostri

988 1934 1017 1963 in
1042 1933 1172 1963 civitate
1196 1936 1227 1962 ct
1251 1932 1372 1963 civibus
1389 1932 1596 1972 Bisuntin(is)
1621 1936 1653 1963 ct
1676 1932 1771 1963 rebus

987 1994 1095 2014 corum
1112 1983 1303 2023 habuerunt,
1328 1984 1446 2016 habere
1464 1987 1496 2015 et
1512 1985 1679 2026 percipere
1697 1995 1771 2015 con-

986 2038 1160 2067 sueverunt
1183 2035 1380 2077 temporibus
1403 2034 1614 2077 retroactis.]¹¹

1055 2097 1101 2126 10.
1126 2095 1197 2126 Hec
1222 2099 1329 2126 autem
1354 2096 1459 2126 omnia
1483 2099 1515 2126 et
1532 2096 1658 2137 singula
1682 2101 1771 2128 ante-

988 2147 1074 2178 dicta
1092 2147 1185 2177 dictis
1203 2146 1324 2177 civibus
1342 2150 1374 2177 et
1391 2147 1590 2178 universitati
1604 2158 1661 2189 pre
1680 2148 1771 2178 nobis

988 2202 1020 2230 et
1037 2198 1279 2229 successoribus
1304 2199 1420 2229 nostris
1437 2198 1549 2230 damus
1573 2204 1605 2230 et
1623 2198 1770 2230 concedi-

988 2261 1068 2289 mus,
1093 2251 1187 2281 salvis
1203 2250 1293 2280 nobis
1319 2253 1349 2280 et
1366 2250 1499 2280 retentis
1517 2254 1667 2291 tanquam
1692 2250 1771 2290 legi-

988 2303 1064 2333 timo
1093 2302 1342 2333 administratori
1371 2302 1452 2332 sacri
1483 2301 1619 2332 Romani
1649 2302 1771 2343 imperii

989 2354 1136 2384 omnibus
1165 2353 1287 2383 iuribus
1321 2357 1354 2384 et
1382 2352 1680 2390 consuetudinibus,
1711 2363 1771 2393 que

988 2405 1123 2436 Romani
1159 2405 1369 2446 imperatores
1405 2404 1435 2434 in
1463 2404 1548 2434 dicta
1579 2404 1707 2434 civitate
1741 2408 1771 2433 et

987 2457 1109 2488 civibus
1140 2456 1294 2487 hactenus
1328 2455 1509 2486 habuerunt
1540 2460 1571 2486 et
1599 2455 1714 2485 habt-re
1740 2460 1770 2484 et

987 2508 1153 2550 percipere
1178 2510 1414 2538 consueverunt
1438 2506 1476 2537 ab
1502 2507 1639 2548 antiquo.

1641 2597 1715 2623 calm!
1738 2596 1770 2616 11¹*

1201 2637 1257 2661 Pas-t
1275 2641 1349 2667 vaput
1370 2640 1406 2661 10.
1427 2637 1465 2659 lm·
1488 2636 1554 2659 linea
1574 2636 1668 2666 intem-a
1688 2636 1769 2657 malem

149 2678 221 2702 mode
240 2680 332 2703 calami
349 2680 461 2705 ductibus
479 2682 601 2713 expletur,
619 2690 666 2712 qun
686 2681 807 2704 librarius
824 2690 929 2704 vacuam
949 2681 1029 2704 lineae
1047 2684 1146 2711 partem
1165 2680 1263 2710 esplere
1282 2680 1355 2707 solem
1370 2680 1567 2710 imprimendum.

249 2736 312 2764 451.
332 2738 350 2771 ¹)
366 2741 438 2765 uncis
457 2741 555 2765 inclusa
575 2745 729 2765 evanuerunt
742 2739 773 2764 R.

150 2786 224 2803 mauu
242 2781 357 2814 scriplum
378 2783 407 2808 Β,

846 2740 876 2772 ¹¹¹)
896 2741 921 2764 [¹11
941 2741 994 2764 loco
1013 2749 1072 2763 raso
1091 2740 1165 2764 trium
1178 2740 1309 2763 verborum
1329 2740 1413 2763 latios-i
1432 2739 1506 2762 tlon-m
1528 2743 1552 2762 11!
1572 2739 1666 2761 vlrlclttr
1685 2738 1770 2761 eadm

496 2787 519 2812 Β)
540 2788 614 2815 capul
637 2786 671 2807 18.
691 2785 808 2807 cnm-dlis
825 2784 912 2815 positis
931 2783 1036 2807 deletum
1060 2783 1095 2807 lt:
1115 2784 1146 2813 vs.
1167 2786 1242 2812 eapte!
1262 2786 1296 2805 151.

1813 704 1817 708 .
1834 692 1864 709 13⁴}⁴
