2259 3164
285 163 377 190 ACTA
398 163 628 190 VICARIORL‘M
649 164 887 190 GENERALIUM
908 165 945 190 IN
967 165 1087 192 ITALIA
1109 167 1361 194 FUNoENTIUM.
1395 169 1466 194 less„
1497 169 1544 194 ΝΥ,
1559 171 1615 194 614.
1637 170 1693 195 615.
1746 171 1805 200 577

166 251 302 281 vicarius
326 261 383 290 per
407 261 440 281 se
464 250 515 281 vel
538 261 596 291 per
619 250 716 281 alium
740 251 859 281 nullam
883 260 992 282 contra
1016 262 1149 283 comune
1168 254 1321 285 Scnarum
1346 265 1403 285 nec
1428 256 1456 285 in
1482 256 1609 285 civitate
1634 255 1683 285 vel
1709 256 1806 285 comi-

168 306 235 333 tatu
259 301 443 342 Sen(arum)
468 301 518 331 vel
542 302 718 342 singulares
742 312 894 342 personas
918 302 1002 333 dicte
1027 304 1162 334 civitatis
1186 311 1218 335 ct
1242 307 1409 335 minuitatus
1434 306 1529 336 faciet
1554 307 1600 336 vel
1627 307 1693 337 ficri
1711 306 1807 337 faciet

168 354 342 384 novitatem
366 354 416 383 vel
441 363 625 393 processum
650 353 714 383 ullo
738 353 834 383 modo
859 353 909 384 vel
934 354 1045 385 forma.

273 413 356 443 Acta
380 416 451 443 sunt
474 412 533 442 hec
558 416 590 442 et
614 412 777 443 celebrata
802 412 892 443 Senis
916 414 947 443 in
971 414 1090 454 palatio
1116 416 1318 455 episcopatus
1337 414 1494 451 Senensis,
1519 418 1548 446 in
1573 428 1654 447 anno
1679 417 1807 448 Domini

136 473 147 490 ⁵
167 463 443 504 MCCLXXXVI,
467 464 639 494 indictione
663 464 780 503 XIIIL
810 464 861 495 die
886 466 1039 506 vigesimo
1071 477 1152 496 nono
1177 468 1294 497 mensis
1317 468 1415 508 Iunii,
1445 469 1475 498 in
1503 468 1583 498 festo
1609 468 1696 498 beati
1718 468 1807 498 Petri

167 515 313 557 apostoli.
363 515 481 546 Coram
511 516 686 557 magnificis
714 517 788 546 viris
819 516 953 547 dominis
981 517 1136 548 Nicholao
1169 522 1200 548 et
1229 518 1426 560 Fredcrigho
1459 519 1627 550 comitibus
1654 520 1807 555 Lavanie,

168 568 294 599 domino
318 567 561 598 Branchaleone
586 567 808 598 archidiacono
832 568 1009 608 Parmensi,
1034 569 1186 609 magistro
1210 569 1308 600 Petro
1334 570 1373 600 (lc
1398 570 1536 611 Piperno
1561 570 1750 600 cancellario
1777 574 1809 601 et

168 619 237 650 aliis
260 619 403 661 pluribus
427 619 561 649 testibus
586 619 787 659 presentibus
812 622 843 650 et
867 620 996 660 rogatis.

275 687 319 729 (S.
333 688 386 727 N.)
432 686 501 727 Ego
526 687 685 717 Iohannes
703 686 871 728 Paganelli
892 688 1033 718 notarius
1050 688 1201 728 predictis
1224 689 1369 718 omnibus
1391 689 1518 719 interfui
1535 697 1566 720 ct
1583 701 1621 720 ea
1638 690 1677 720 dc
1694 693 1809 730 rogatu

127 748 149 766 10
169 744 200 772 et
230 739 380 770 mandato
411 738 548 779 predicti
582 739 743 779 magnifici
775 743 807 769 et
839 739 1006 769 reverendi
1035 740 1092 770 viri
1126 739 1245 770 domini
1274 740 1463 778 Prccciualli
1500 743 1606 772 vicarii
1636 742 1666 772 in
1694 741 1809 772 Tuscia

167 792 326 832 generalis
351 794 383 821 et
407 790 524 821 domini
554 800 637 830 pape
666 790 852 820 subdiaconi
877 794 908 821 et
932 791 1112 831 cappellani
1137 791 1308 832 subscripsi
1340 795 1371 822 ct
1401 792 1559 832 publicavi
1587 796 1725 833 rogatus.
1772 792 1809 822 In

168 844 255 874 cuius
278 843 324 873 rei
349 842 565 873 testimonium
598 845 630 872 et
660 842 756 872 robur
785 843 924 872 omnium
953 842 1169 883 predictorum
1200 843 1363 873 mandavit
1392 843 1476 873 idem
1506 844 1650 874 dominus
1674 844 1809 873 vicarius

169 894 368 935 supradictus
392 897 558 935 presentes
582 904 638 924 suo
663 893 766 934 sigillo
792 894 944 934 pendenti
969 894 1092 925 muniri.

310 1047 386 1079 615.
421 1047 675 1078 PROJHSSJO
698 1047 766 1078 DE
789 1047 1115 1079 TRACTATIBUS
1136 1047 1409 1079 SERVANDIS.
1460 1048 1523 1078 Oet.
1542 1050 1590 1078 15¹.
1616 1050 1665 1078 15.

128 1115 150 1133 ¹⁵
273 1107 386 1139 Denuo
416 1108 604 1138 contulimus
630 1109 847 1148 autoyraphon
877 1109 1013 1139 eiusdem
1041 1108 1204 1146 tabularii,
1237 1109 1319 1148 qnod
1349 1109 1381 1138 ιἰι
1407 1119 1480 1139 suos
1503 1109 1595 1139 etiam
1621 1119 1696 1138 usus
1722 1108 1810 1138 vertit

167 1160 282 1192 Ficker
304 1159 322 1190 l.
340 1170 364 1190 c.
388 1160 451 1189 490
476 1170 522 1191 nr.
539 1161 612 1190 487.
1519 1160 1571 1195 (P.
1597 1160 1703 1199 deest.)

274 1264 311 1293 In
335 1264 462 1294 nomine
486 1263 615 1294 Domini
640 1274 744 1294 amen.

275 1325 366 1354 Anno
391 1323 519 1354 Domini
544 1324 713 1355 millesimo
738 1324 957 1355 ducentesimo
983 1325 1200 1364 octuagesimo
1226 1328 1327 1357 sexto,
1357 1324 1463 1354 indict.
1481 1323 1554 1354 XV.
1580 1323 1630 1353 die
1656 1323 1813 1354 dominico

168 1374 260 1405 XIII.
286 1374 444 1406 Ocmbris

126 1448 150 1467 20
275 1437 319 1475 (1)
353 1435 471 1466 Pateat
500 1436 681 1473 evidenter,
712 1436 796 1477 quod
824 1436 961 1466 Iacobus
993 1436 1154 1477 quondam
1184 1436 1301 1466 domini
1332 1435 1469 1465 Renaldi
1500 1435 1575 1465 Gilii
1610 1435 1747 1465 sindicus
1779 1439 1811 1466 et

168 1492 354 1528 procurator
387 1488 528 1518 comunis
559 1486 733 1527 Sen(ensis)
766 1491 798 1517 et
830 1488 998 1528 potestatis
1033 1491 1066 1517 et
1101 1487 1298 1517 dominorum
1337 1486 1517 1527 quindecim
1554 1490 1586 1516 et
1620 1486 1741 1516 consilii
1780 1490 1812 1517 et

169 1538 350 1569 officialium
375 1542 407 1569 et
428 1538 591 1569 hominum
616 1539 752 1569 civitatis
769 1538 957 1580 Sen(ensis)‚
982 1539 1170 1569 constitutus
1194 1539 1225 1568 in
1241 1539 1402 1578 presentia
1419 1538 1576 1578 magnifici
1596 1542 1627 1567 et
1642 1538 1810 1568 reverendi

167 1591 224 1621 viri
248 1590 366 1620 domini
382 1589 551 1628 Percivalli
576 1590 616 1620 de
634 1590 776 1620 Lavania
793 1590 999 1620 subdiac-honi
1025 1593 1057 1620 et
1074 1590 1253 1630 cappellani
1271 1589 1389 1619 domini
1413 1599 1496 1629 pape
1522 1592 1553 1619 et
1577 1589 1656 1619 sacri
1674 1588 1809 1619 Romani

167 1643 291 1683 imperii
315 1642 424 1672 vicarii
448 1642 476 1672 in
502 1642 617 1672 Tuscia
641 1642 801 1682 generalis
826 1641 921 1672 dixit:
946 1641 1037 1672 *Cum
1063 1652 1197 1671 comune
1223 1640 1393 1681 Sen(ense)
1414 1650 1514 1681 usquc
1536 1640 1632 1670 hodie
1658 1644 1690 1670 et
1713 1641 1810 1670 etiam

5 1713 8 1728 ι
127 1708 150 1727 25
168 1693 263 1724 hodie
287 1694 328 1724 sit
350 1695 381 1724 in
404 1694 539 1724 termino
565 1697 597 1724 et
620 1693 677 1724 sub
702 1695 837 1724 termino
862 1704 936 1724 vero
965 1704 1022 1734 pro
1048 1694 1132 1723 omui
1162 1696 1194 1723 et
1218 1692 1257 1723 dc
1283 1693 1366 1723 omni
1392 1696 1544 1732 precepto
1571 1696 1602 1721 et
1626 1692 1810 1727 monitionffi

170 1745 253 1786 quod
278 1748 310 1775 et
333 1750 448 1786 quam-³
470 1745 531 1785 ipsi
554 1746 681 1776 comuni
706 1750 738 1776 et
762 1745 815 1775 alii
839 1756 895 1785 pro
927 1746 1052 1775 comuni
1077 1748 1208 1775 actenus
1232 1745 1387 1774 fecissetis
1412 1744 1462 1773 vel
1486 1744 1605 1774 fecistis
1628 1744 1679 1773 vel
1703 1743 1809 1774 facere

170 1807 225 1827 seu
251 1797 320 1827 fieri
348 1796 455 1827 facere
480 1796 672 1827 debuissetis
696 1797 747 1827 vel
771 1796 926 1827 debuistis
961 1797 1026 1827 sive
1057 1796 1232 1826 mandastis
1263 1805 1451 1836 quocunque
1480 1794 1575 1825 modo
1605 1799 1637 1825 et
1661 1806 1701 1825 ex
1732 1805 1810 1835 qua-

171 1858 292 1889 cunque
322 1858 427 1888 causa,
453 1852 484 1878 et
506 1849 659 1889 precipue
683 1848 723 1878 de
747 1852 900 1889 precepto
926 1852 957 1878 et
976 1848 1161 1882 monitione„
1186 1847 1271 1888 quod
1289 1851 1321 1877 et
1345 1857 1405 1887 que
1431 1846 1514 1876 facta
1538 1846 1597 1876 fuit
1620 1847 1651 1876 in
1667 1848 1810 1887 generali

170 1899 366 1940 parlamento
391 1910 448 1930 seu
473 1900 632 1941 colloquio
657 1900 742 1941 apud
760 1900 910 1930 Sanctum
929 1900 1106 1935 Miniatunl,
1131 1899 1282 1929 videlicet
1306 1898 1391 1940 quod
1415 1909 1473 1939 per
1489 1909 1622 1929 comune
1641 1897 1809 1938 Scn(ense)

128 1968 152 1986 30
170 1954 201 1981 et
225 1951 291 1982 eius
314 1951 468 1982 sindicum
492 1951 635 1992 legitime
661 1951 840 1982 ordinatum
871 1951 960 1981 vobis
989 1962 1044 1991 pro
1072 1950 1218 1981 Romano
1250 1950 1384 1990 imperio
1414 1949 1641 1990 recipientibus
1663 1950 1755 1980 tieret
1779 1954 1811 1980 et

171 2006 365 2043 prestaretur
388 2002 550 2033 fidelitatis
575 2002 683 2033 debite
706 2003 919 2032 iuramentum
951 2006 982 2032 et
1006 2002 1157 2032 darentur
1181 2005 1212 2031 et
1236 2002 1473 2041 assignarentur
1498 2004 1529 2031 et
1552 2001 1811 2041 reasignarentur

170 2053 252 2084 bona
277 2058 308 2084 et
330 2055 399 2084 iura
422 2054 562 2095 imperii,
593 2064 653 2095 que
684 2054 787 2094 ipsum
812 2064 945 2084 comune
978 2053 1146 2093 semensa)
1171 2053 1270 2083 habet
1294 2058 1326 2082 et
1350 2055 1450 2091 tenet,
1484 2053 1509 2082 si
1539 2062 1601 2092 qua
1631 2052 1729 2082 habet
1759 2052 1810 2082 vel

172 2108 267 2145 tenet,
345 2116 404 2146 ego
436 2106 573 2136 Iacobus
609 2106 771 2146 predictus
800 2105 973 2135 sindicatus
1005 2109 1037 2135 et
1072 2105 1289 2145 procuratorio
1322 2104 1448 2134 nomine
1481 2114 1537 2143 pro
1569 2103 1652 2133 dicto
1684 2104 1810 2134 comuni

171 2160 318 2196 presento
342 2167 393 2187 me
419 2167 525 2188 coram
549 2157 639 2187 vobis
664 2160 696 2187 et
718 2156 847 2187 intendo
873 2161 904 2187 et
927 2156 999 2187 volo
1024 2156 1114 2186 vobis
1139 2155 1307 2186 ostendere
1333 2159 1365 2185 et
1389 2154 1503 2185 offerre
1528 2157 1560 2184 et
1583 2154 1677 2185 fidem
1703 2155 1809 2185 facere

129 2222 151 2241 35
171 2211 203 2237 et
225 2218 331 2239 coram
354 2208 444 2239 vobis
467 2209 512 2239 uti
535 2208 656 2239 iuribus
681 2208 755 2239 dicti
780 2207 942 2239 comunis'
1031 2208 1077 2248 (2)
1104 2207 1226 2242 Quibus
1250 2217 1307 2247 per
1325 2206 1461 2237 eundem
1479 2205 1641 2236 dominum
1658 2207 1809 2236 vicarium

171 2258 285 2289 auditis
310 2264 342 2290 et
364 2260 544 2299 intellectis³
570 2260 672 2290 dictus
697 2260 842 2290 dominus
866 2260 1001 2289 vicarius
1025 2259 1106 2289 dixit
1131 2262 1162 2289 et
1185 2258 1361 2299 respondit:
1388 2257 1541 2288 ‘comune
1560 2257 1726 2296 Sefflense)
1751 2268 1808 2287 nec

171 2313 205 2340 tu
227 2321 283 2351 pro
308 2322 345 2342 eo
371 2312 445 2341 estis
468 2322 549 2342 nunc
579 2312 610 2341 in
639 2313 773 2342 termino
798 2311 847 2342 vel
876 2311 933 2341 sub
965 2311 1114 2348 termino,
1146 2310 1231 2350 quod
1260 2311 1322 2340 iam
1352 2313 1401 2340 est
1431 2313 1462 2340 et
1495 2313 1566 2339 suut
1595 2309 1700 2349 plures
1730 2309 1807 2344 dios,

173 2361 257 2402 quod
291 2363 443 2394 terminus
478 2363 537 2393 fuit
569 2362 717 2403 elapsus.7
775 2362 919 2403 Cumque
955 2373 1012 2403 per
1047 2362 1166 2392 (lictum
1196 2361 1351 2392 sindicuni
1386 2362 1500 2391 iterato
1533 2360 1742 2400 replicarctur
1778 2364 1809 2389 et

172 2412 344 2445 diceretur:
369 2414 442 2452 ιδίο,
467 2425 584 2445 sumus.
623 2415 664 2445 Et
688 2415 783 2454 scitis,
808 2414 892 2455 quod
909 2414 1078 2444 terminum
1097 2414 1291 2454 prorogastis
1315 2423 1414 2453 usque
1439 2413 1469 2442 in
1486 2412 1671 2442 hodiernam
1698 2411 1807 2445 diem',

129 2476 154 2494 40
171 2463 305 2496 finaliter
333 2465 434 2496 dictus
463 2465 608 2496 dominus
640 2466 775 2496 vicarius
807 2465 902 2495 dixit:
939 2464 1038 2495 'Eatis
1072 2465 1103 2494 in
1134 2465 1261 2494 nomine
1289 2463 1433 2499 Domini,
1465 2466 1496 2493 ct
1531 2464 1559 2492 in
1591 2473 1628 2492 ρο
1663 2465 1746 2492 statu
1777 2466 1809 2492 et

27 2505 29 2538 l
173 2516 318 2556 termino,
342 2518 372 2547 in
398 2527 459 2557 quo
483 2528 565 2547 nunc
590 2527 724 2547 comune
750 2516 917 2556 Sen(ense)
942 2516 992 2547 vel
1016 2520 1049 2546 tu
1074 2527 1130 2556 pro
1156 2526 1193 2546 eo
1218 2517 1303 2551 estis,
1328 2515 1368 2545 de
1392 2515 1456 2545 mei
1480 2514 1641 2544 voluntate
1667 2513 1807 2544 concedo

29 2573 32 2628 1
173 2570 204 2596 et
226 2568 307 2607 volo⁷
332 2568 416 2609 quod
441 2569 518 2607 sitis,
543 2579 708 2609 quousque
733 2579 789 2608 pro
814 2568 903 2598 vobis
926 2568 1042 2597 misero
1067 2570 1099 2597 et
1125 2567 1285 2597 vobiscum
1310 2567 1432 2596 locutus
1457 2565 1566 2595 fuero*

276 2628 358 2658 Acta
382 2627 509 2658 fuerunt
533 2628 678 2669 predicta
701 2629 732 2658 in
756 2638 828 2658 arce
854 2628 947 2658 castri
972 2627 1079 2657 Sancti
1103 2627 1255 2659 Miniatis.
1289 2626 1339 2656 dic
1364 2625 1523 2666 predicta,
1549 2635 1653 2654 coram
1679 2623 1806 2653 domiuo

172 2676 395 2709 Bonaventura
418 2679 523 2709 iudice
549 2680 623 2709 olim
648 2679 857 2709 Bencivennis
881 2682 912 2708 et
936 2688 986 2708 me
1012 2678 1152 2708 Iohanne
1178 2678 1299 2707 notario
1324 2677 1510 2716 subscripto.

130 2785 154 2803 ⁴5
273 2772 335 2798 615.
356 2774 377 2804 a)
397 2782 472 2805 quem
492 2784 528 2798 or.

35 2784 40 2904 ix
273 2840 308 2857 LL.
329 2841 536 2859 coxsw'rurloms
556 2842 589 2859 ΙΙΙ.

38 2918 42 2934 Ι

1837 1382 1884 1402 Oct.
1900 1384 1931 1404 13.
