2259 3116
341 474 393 493 Dec-
409 476 440 494 25».

366 520 422 538 1277.

346 543 410 563 Febr.
421 546 439 564 9.

393 1718 411 1730 c.
424 1713 441 1731 3.

456 119 513 146 110
789 114 944 142 RUDOLFI
963 114 1069 141 REGIS
1089 113 1408 141 CONSTITUTIONES.
1447 115 1520 141 1276.
1557 114 1603 140 Nr.
1619 114 1675 140 116.
1691 113 1746 140 117.

453 203 632 241 commissa,
651 203 797 233 satisfieri
815 202 908 233 nobis
927 202 1034 239 faciat,
1053 203 1134 233 sicut
1151 202 1254 233 decet.
1291 202 1375 237 Quia
1392 212 1450 232 nos
1475 202 1519 232 ita
1535 201 1650 232 leviter
1668 211 1782 232 cavere
1800 201 2027 243 potuissemus,
2052 212 2092 233 ne

454 255 539 285 dieta
564 254 666 296 spolia
690 254 827 284 fuissent
850 254 946 292 facta,
971 255 1053 285 sicut
1076 254 1193 285 leviter
1216 254 1255 284 de
1280 264 1376 284 manu
1400 257 1511 284 nostra
1535 263 1707 295 possumus
1732 252 1860 284 deicere
1885 253 2091 289 eirothecam,

452 317 523 338 eum
549 316 693 337 essemus
718 307 903 348 premuniti,
937 306 1021 347 quod
1053 306 1122 336 fieri
1151 305 1265 336 eadem
1297 305 1459 336 debebant
1487 305 1605 347 spolia,
1637 308 1669 335 et
1693 304 1797 335 adhue
1820 307 1922 335 totum
1947 308 2092 335 nostrum

453 359 631 389 exereitum
650 358 856 390 haberemus
893 358 957 390 Sed
974 359 1119 389 volentes
1136 358 1221 389 idem
1241 358 1409 389 eiusdemb
1433 358 1551 388 domini
1569 358 1668 388 nostri
1694 357 1892 388 correccioni
1916 367 2093 396 reservare,

452 411 558 452 potius
583 411 739 451 elegimus
764 411 955 441 violenciam
986 411 1113 452 perpeti
1139 421 1234 451 quam
1259 410 1390 440 iniurias
1415 409 1597 440 huiusmodi
1623 409 1819 440 defensionis
1844 409 1936 439 obice
1963 409 2093 451 propul-

453 473 532 493 sare.
579 462 736 493 Preterea
766 463 848 493 sieut
871 463 1031 493 credimus
1055 473 1110 493 vos
1134 465 1208 492 ante
1232 462 1434 492 nativitatem
1458 461 1590 492 Domini
1615 460 1655 492 de
1680 461 1812 491 Austria
1835 471 1898 491 non
1922 461 2092 496 recedetis,

454 514 508 545 sed
540 514 565 544 si
596 517 668 556 post
691 514 892 545 nativitatem
906 516 949 545 ‘et
972 518 1046 545 ante
1072 514 1315 555 carnisprivium
1347 513 1384 544 ad
1414 513 1544 555 propria
1573 522 1717 544 remeare
1742 512 1921 549 intenditis,
1946 512 2038 543 nobis
2063 512 2095 543 id

455 567 593 608 petimus
620 566 788 598 declarari.
827 566 910 597 Nam
936 567 1074 597 libenter
1097 565 1263 596 vobiscum
1288 567 1319 596 in
1343 566 1438 596 metis
1464 565 1552 606 regni
1576 565 1677 595 nostri
1701 565 1859 595 vellemus
1882 565 2095 606 personaliter

453 619 633 655 convenire⁷
658 617 743 649 unde
767 622 937 660 postquam
963 618 1002 648 ad
1027 621 1135 659 partes
1158 617 1377 648 remeaveritis
1394 616 1541 656 Bavarie,
1566 619 1641 646 tunc
1665 616 1758 646 nobis
1777 616 1959 657 significare
1978 616 2093 656 velitis,

452 674 487 701 ut
510 670 722 711 postmodum,
748 671 773 700 si
799 670 889 701 vobis
914 670 1050 700 facultas
1075 670 1227 711 patuerit,
1252 669 1387 699 invicem
1413 668 1605 710 colloquium
1630 668 1821 700 habeamus.

814 789 888 822 117.
916 789 1250 821 TESTIMONIUM
1268 789 1543 821 PRINCIPFM.
1591 789 1665 820 Dec.
1683 791 1734 820 30.

561 851 793 891 Autogflwyzhon,
817 852 900 890 qnod
924 852 955 881 in
977 850 1133 881 tabulario
1164 850 1392 881 Is'im1071‹mmzs5
1415 853 1611 886 asservatur,
1635 849 1841 883 contulimus:
1861 850 1996 888 pendent
2020 849 2095 880 loris

452 904 695 934 »arnan-anaeeis
718 904 781 933 tria
803 903 907 942 siyilla
925 903 1001 943 plns
1022 903 1161 933 inlitusve
1182 902 1275 932 laesa.
1316 902 1356 932 In
1379 903 1517 941 mmyine
1534 902 1702 941 posumus
1726 902 1831 941 capim
1853 902 1980 932 arbitrii
2000 902 2091 942 prin-

453 956 555 994 cipum
579 966 677 994 supra
701 965 748 986 nr.
768 957 838 986 113.
864 974 903 977 ——
928 955 1073 993 Biilzntcr,
1099 954 1173 994 Rey.
1193 955 1264 992 imp.
1289 954 1431 991 Ima-13.
1819 953 1872 993 (Ρ.
1896 954 1985 993 409.)

560 1024 627 1054 Nos
652 1024 686 1055 L.
705 1024 952 1065 Ratisponensis
976 1025 1156 1066 episcopus,
1182 1024 1218 1055 L.
1243 1034 1349 1054 eomes
1367 1024 1550 1065 palantinus
1568 1023 1652 1053 Reni
1676 1022 1741 1053 dux
1759 1022 1918 1061 Bawarie,
1943 1022 1984 1055 II.
2008 1023 2092 1054 lant-

452 1077 580 1117 gravius
606 1076 725 1107 Ilassie
750 1077 910 1107 universis
934 1080 1100 1118 presentes
1124 1076 1249 1106 litteras
1275 1076 1468 1116 inspecturis
1496 1075 1644 1106 notitiam
1669 1074 1932 1116 subscriptorum.

563 1127 612 1169 (1)
630 1128 784 1159 Veritatis
809 1129 912 1159 amica
936 1129 1125 1170 simplicitas
1151 1127 1224 1158 dolo
1249 1131 1280 1158 et
1298 1127 1463 1158 fraudibus
1486 1127 1611 1158 inimica
1636 1137 1692 1157 nos
1718 1126 1849 1161 inducit,
1875 1129 1910 1156 ut
1934 1126 2097 1165 oblivioni,

453 1190 514 1220 que
537 1180 681 1210 veritatis
706 1183 815 1221 posset
839 1190 912 1210 esse
938 1179 1153 1217 obstaculum,
1180 1190 1238 1220 per
1262 1189 1300 1209 ea
1324 1189 1385 1219 que
1410 1178 1558 1214 vidimus,
1583 1178 1697 1219 quibus
1716 1178 1920 1208 interfuimus
1944 1181 1976 1209 et
2000 1178 2094 1209 nobis

452 1231 668 1262 mediantibus
694 1235 767 1262 sunt
788 1235 934 1265 tractata,
959 1231 1086 1262 cautela
1110 1230 1244 1273 provida
1269 1235 1302 1261 et
1325 1234 1483 1272 oportuno
1508 1230 1693 1261 testimonio
1719 1241 1935 1269 occurramus,
1961 1241 2000 1261 ne
2025 1231 2096 1272 ipsa

454 1284 573 1314 veritas
598 1294 653 1324 per
680 1284 777 1314 nostri
804 1284 989 1314 absenciam
1007 1284 1114 1314 valeat
1131 1283 1309 1313 absorberi.
1401 1282 1449 1323 (2)
1474 1282 1559 1313 Hinc
1584 1282 1734 1323 estquod
1759 1293 1829 1313 eum
1847 1282 1930 1313 inter
1957 1283 2095 1313 serenis-

453 1335 567 1365 simum
593 1335 756 1366 dominum
781 1339 923 1366 nostrum
943 1335 1119 1366 Rudolfum
1136 1335 1355 1365 Romanorum
1380 1345 1490 1375 regem
1516 1345 1643 1375 semper
1660 1338 1832 1375 augustum
1858 1345 1899 1365 ex
1922 1345 1986 1365 una
2003 1337 2095 1376 parte

454 1390 485 1417 et
510 1388 713 1428 magnificum
740 1387 790 1418 Ot.
816 1398 924 1429 regem
950 1388 1084 1418 Boemie
1111 1398 1151 1417 ex
1176 1391 1267 1428 parte
1292 1387 1393 1417 altera
1424 1397 1521 1428 super
1549 1387 1684 1417 diversis
1710 1386 1958 1428 principatibus,
1988 1386 2094 1423 terris,

453 1440 581 1477 castris,
612 1440 848 1470 municionibus
878 1443 910 1470 et
940 1439 1122 1470 hominibus
1148 1439 1323 1480 questionis
1354 1439 1490 1469 materia
1514 1442 1696 1469 verteretur
1730 1442 1762 1469 et
1790 1438 1949 1479 utrimque
1980 1438 2095 1469 fuisset

454 1495 588 1522 eatenus
620 1496 809 1532 aggravata,
842 1491 927 1532 quod
956 1503 1020 1522 non
1051 1495 1175 1522 tantum
1208 1502 1314 1522 rerum
1349 1491 1591 1532 temporalium,
1622 1491 1718 1521 immo
1751 1491 1928 1521 animarum
1954 1490 2096 1521 fidelium

454 1543 632 1585 periculum
657 1544 839 1582 timebatur,
865 1544 937 1574 talis
961 1544 1044 1574 inter
1068 1543 1170 1574 dictos
1196 1554 1289 1584 reges
1309 1543 1496 1584 compositio
1513 1543 1707 1579 intercessit,
1732 1542 1824 1573 nobis
1850 1546 1882 1573 et
1907 1541 2095 1573 reverendis

459 1595 605 1636 patribus
634 1595 708 1626 Ber.
733 1595 963 1637 Hei-bipolensi
988 1599 1018 1626 et
1036 1595 1072 1627 B.
1090 1595 1298 1626 Olomucensi
1316 1595 1476 1636 episcopis
1502 1598 1534 1625 et
1551 1594 1666 1625 illustri
1686 1594 1829 1636 principe
1856 1619 1863 1626 .
1882 1618 1888 1624 .
1913 1594 2097 1625 marchione

454 1646 754 1687 Brandinburgensi
778 1651 809 1677 et
827 1648 893 1677 viro
911 1648 1018 1678 nobile
1036 1647 1088 1678 Fr.
1107 1646 1279 1688 burgravio
1305 1647 1343 1677 (le
1366 1644 1551 1687 Nsirinberg
1569 1646 1796 1683 mediantibus,
1822 1644 1952 1687 [quod]a
1973 1647 2096 1687 magni-

454 1699 532 1729 ficus
557 1700 704 1740 princeps
730 1699 877 1729 dominus
909 1699 946 1729 Ο.
966 1709 1022 1729 rex
1040 1699 1173 1729 Boemic
1198 1699 1402 1729 renunciaret
1420 1699 1609 1739 simpliciter
1633 1701 1664 1728 et
1682 1699 1818 1740 precise,
1844 1699 1929 1729 sieut
1953 1701 1984 1728 et
2007 1701 2096 1739 post-

454 1751 584 1781 modum
615 1751 690 1781 feeit
714 1752 860 1793 publice,
890 1751 1121 1792 principatibus
1152 1754 1183 1782 et
1207 1751 1316 1783 terris.
1342 1751 1472 1785 castris,
1498 1750 1749 1787 municionibus,
1775 1749 2037 1790 possessionibus
2063 1753 2095 1781 et

456 1803 640 1833 hominibus
679 1805 910 1844 cuiuscumque
946 1803 1144 1833 condicionis
1181 1804 1325 1833 existunt
1361 1803 1506 1838 Austrie,
1553 1802 1676 1843 Styrie,
1710 1801 1895 1839 Karinthie,
1933 1801 2094 1839 Carniole,

455 1855 613 1889 Marchie,
639 1854 723 1895 Egre
747 1860 778 1885 et
803 1856 919 1886 Portus
944 1855 1113 1885 Nalionisb
1139 1858 1170 1885 et
1195 1856 1279 1885 omni
1305 1855 1380 1890 iuri,
1406 1855 1431 1885 si
1456 1853 1540 1896 qnod
1566 1855 1594 1884 ei
1624 1854 1655 1884 in
1682 1853 1835 1894 predictis
1868 1853 2117 1891 ventlieionis⁰‚’

456 1907 727 1948 perinutaeionis,
752 1907 839 1937 feudi
866 1902 925 1937 ves
945 1918 1146 1948 quocumque
1177 1908 1238 1937 alio
1272 1907 1364 1937 titulo
1396 1906 1602 1947 competebat
1627 1906 1677 1936 vel
1712 1908 1896 1947 competere
1922 1905 2102 1937 videbatur.

395 1960 503 1998 ‹-.1(33)
532 1958 569 1988 Et
599 1960 824 1989 serenissimus
855 1959 1001 1989 dominns
1031 1958 1069 1990 R.
1086 1958 1305 1988 Romanorum
1331 1969 1386 1988 rex
1411 1957 1607 1995 infeudaret,
1643 1958 1726 1988 sicut
1757 1961 1788 1988 et
1817 1957 1969 1998 hylariter
1998 1957 2099 1987 adim-

459 2010 573 2051 plevit,
604 2010 765 2040 dominum
792 2010 829 2040 0.
854 2010 999 2040 inclitum
1031 2021 1138 2051 regem
1163 2010 1297 2040 Boemie
1326 2020 1425 2051 regno
1459 2009 1608 2049 Boensse,
1638 2009 1861 2040 marchionatu
1890 2008 2033 2040 Moravie
2067 2011 2100 2040 et

459 2062 529 2092 aliis
555 2062 669 2095 feudis,
695 2073 755 2102 que
781 2063 1004 2102 progenitores
1031 2063 1078 2092 sui
1103 2062 1142 2092 ab
1161 2063 1292 2103 imperio
1311 2065 1484 2092 noscuntur
1501 2061 1659 2091 haetenus
1678 2062 1836 2097 tenuisse,
1861 2061 1933 2091 aliis
1958 2065 1991 2091 et
2015 2061 2098 2091 iuter

461 2114 547 2155 ipsos
574 2124 666 2153 reges
693 2114 794 2154 puetis
821 2118 851 2144 et
877 2114 1147 2144 conventionibus
1167 2113 1464 2151 intervenientilnis,
1490 2123 1550 2153 que
1576 2113 1606 2142 in
1625 2113 1740 2143 litteris
1765 2124 1862 2154 super
1879 2113 1925 2143 eis
1944 2113 2099 2143 confectis

459 2165 583 2205 plenius
602 2165 830 2195 eontinenlui·.¹
920 2165 966 2207 (4)
986 2165 1109 2200 Quibus
1135 2165 1282 2195 omnibus
1308 2176 1365 2195 nos
1390 2165 1575 2195 interfuisse
1600 2165 1806 2205 presentibus
1831 2165 1944 2195 litteris
1969 2164 2098 2206 profite-

462 2227 531 2246 mur
555 2220 586 2246 et
611 2217 831 2247 testimonium
858 2218 885 2247 in
913 2222 1039 2247 nostras
1064 2217 1281 2247 eonseiencias
1306 2217 1525 2257 perhibemus,
1551 2215 1695 2257 predicta
1719 2217 1825 2246 omnia
1849 2216 1893 2246 ita
1917 2226 1988 2246 esse
2012 2216 2098 2247 facta

461 2272 492 2297 et
517 2279 572 2309 per
597 2268 717 2298 dietum
742 2280 851 2309 regem
876 2268 1007 2299 Boeirie
1040 2268 1079 2299 ad
1104 2279 1216 2298 manus
1249 2268 1469 2309 gloriosissimi
1501 2267 1620 2298 domini
1649 2268 1748 2298 nostri
1773 2267 1855 2299 Rud.
1879 2267 2098 2298 Romanorum

460 2320 544 2359 regis
579 2321 757 2351 voluntarie
787 2324 1007 2351 eonsummata
1036 2324 1068 2350 et
1097 2320 1272 2350 liberaliter
1306 2320 1492 2361 approbata.
1544 2319 1576 2350 ln
1614 2320 1703 2350 cuius
1736 2320 1780 2350 rei
1811 2320 2029 2350 testimonium
2060 2319 2099 2350 ad

461 2376 605 2401 eternam
632 2372 675 2401 rei
701 2373 885 2402 memoriam
912 2376 1080 2413 presentes
1104 2372 1228 2402 litteras
1253 2372 1366 2411 sigillis
1392 2372 1508 2402 nostris
1534 2372 1653 2413 placuit
1678 2372 1880 2402 eonii-nunni.

552 2422 641 2473 *Dat
662 2423 810 2455 Wienne
835 2424 894 2456 ΙΙΙ.
915 2424 984 2454 Kal.
1013 2424 1161 2459 Ianuarii,
1188 2423 1360 2453 indictione
1386 2423 1424 2457 Y,
1450 2433 1531 2453 anne
1558 2423 1687 2454 Domini
1713 2423 1898 2454 MOCLXX
1923 2426 2026 2454 sexto.

568 2605 629 2631 llss-
650 2605 673 2633 ¹*)
693 2606 758 2629 :lsi-,sl
782 2605 807 2629 I'.
896 2606 919 2635 “’)
938 2606 1056 2635 eligimus
1077 2605 1101 2629 Γ.
1118 2606 1145 2629 J'.

568 2674 629 2699 ll?-
650 2679 674 2706 Π)
694 2675 760 2698 (ΙιωἸ
779 2684 816 2698 cfr.
904 2673 927 2705 ι’)
948 2675 1131 2698 l’ortinialionis
1151 2684 1186 2699 or.
1276 2675 1297 2703 c)
1319 2683 1332 2697 v
1352 2674 1376 2698 ιἰι
1398 2682 1491 2697 ιῚιεΗιιΎι
1511 2684 1547 2698 ω’.

568 2743 591 2774 l)
613 2742 703 2775 surpra
726 2750 764 2768 nr.
783 2745 831 2768 113.

2122 677 2147 694 10

2124 1035 2145 1052 15

2124 1297 2148 1315 20

2125 1816 2150 1835 30

2125 2074 2148 2092 3⁵

2127 2335 2151 2353 40

2125 2757 2149 2777 45
