<?xml version="1.0" encoding="UTF-8"?>
<!DOCTYPE html PUBLIC "-//W3C//DTD XHTML 1.0 Transitional//EN"
    "http://www.w3.org/TR/xhtml1/DTD/xhtml1-transitional.dtd">
<html xmlns="http://www.w3.org/1999/xhtml" xml:lang="en" lang="en">
 <head>
  <title>
</title>
<meta http-equiv="Content-Type" content="text/html;charset=utf-8" />
  <meta name='ocr-system' content='tesseract 3.04.00' />
  <meta name='ocr-capabilities' content='ocr_page ocr_carea ocr_par ocr_line ocrx_word'/>
</head>
<body>
  <div class='ocr_page' id='page_1' title='image "./monumentagelegum03geseuoft/monumentagelegum03geseuoft_0679.png"; bbox 0 0 2259 3164; ppageno 0'>
   <div class='ocr_carea' id='block_1_1' title="bbox 174 752 197 770">
    <p class='ocr_par' dir='ltr' id='par_1_1' title="bbox 174 752 197 770">
     <span class='ocr_line' id='line_1_1' title="bbox 174 752 197 770; baseline 0 0"><span class='ocrx_word' id='word_1_1' title='bbox 174 752 197 770; x_wconf 89' lang='lat'>10</span> 
     </span>
    </p>
   </div>
   <div class='ocr_carea' id='block_1_2' title="bbox 173 1009 195 1026">
    <p class='ocr_par' dir='ltr' id='par_1_2' title="bbox 173 1009 195 1026">
     <span class='ocr_line' id='line_1_2' title="bbox 173 1009 195 1026; baseline 0 0"><span class='ocrx_word' id='word_1_2' title='bbox 173 1009 195 1026; x_wconf 76' lang='lat'>15</span> 
     </span>
    </p>
   </div>
   <div class='ocr_carea' id='block_1_3' title="bbox 170 1264 194 1282">
    <p class='ocr_par' dir='ltr' id='par_1_3' title="bbox 170 1264 194 1282">
     <span class='ocr_line' id='line_1_3' title="bbox 170 1264 194 1282; baseline 0 0"><span class='ocrx_word' id='word_1_3' title='bbox 170 1264 194 1282; x_wconf 85' lang='lat'>20</span> 
     </span>
    </p>
   </div>
   <div class='ocr_carea' id='block_1_4' title="bbox 168 1523 192 1542">
    <p class='ocr_par' dir='ltr' id='par_1_4' title="bbox 168 1523 192 1542">
     <span class='ocr_line' id='line_1_4' title="bbox 168 1523 192 1542; baseline -0.042 0"><span class='ocrx_word' id='word_1_4' title='bbox 168 1523 192 1542; x_wconf 74' lang='lat'>25</span> 
     </span>
    </p>
   </div>
   <div class='ocr_carea' id='block_1_5' title="bbox 167 1780 193 1797">
    <p class='ocr_par' dir='ltr' id='par_1_5' title="bbox 167 1780 193 1797">
     <span class='ocr_line' id='line_1_5' title="bbox 167 1780 193 1797; baseline 0 0"><span class='ocrx_word' id='word_1_5' title='bbox 167 1780 193 1797; x_wconf 75' lang='lat'>30</span> 
     </span>
    </p>
   </div>
   <div class='ocr_carea' id='block_1_6' title="bbox 166 2046 193 2063">
    <p class='ocr_par' dir='ltr' id='par_1_6' title="bbox 166 2046 193 2063">
     <span class='ocr_line' id='line_1_6' title="bbox 166 2046 193 2063; baseline 0 0"><span class='ocrx_word' id='word_1_6' title='bbox 166 2046 193 2063; x_wconf 78' lang='lat'>35</span> 
     </span>
    </p>
   </div>
   <div class='ocr_carea' id='block_1_7' title="bbox 166 2302 196 2319">
    <p class='ocr_par' dir='ltr' id='par_1_7' title="bbox 166 2302 196 2319">
     <span class='ocr_line' id='line_1_7' title="bbox 166 2302 196 2319; baseline 0 0"><span class='ocrx_word' id='word_1_7' title='bbox 166 2302 196 2319; x_wconf 67' lang='lat'>40</span> 
     </span>
    </p>
   </div>
   <div class='ocr_carea' id='block_1_8' title="bbox 170 2557 196 2575">
    <p class='ocr_par' dir='ltr' id='par_1_8' title="bbox 170 2557 196 2575">
     <span class='ocr_line' id='line_1_8' title="bbox 170 2557 196 2575; baseline 0.038 -1"><span class='ocrx_word' id='word_1_8' title='bbox 170 2557 196 2575; x_wconf 69' lang='lat'>⁴5</span> 
     </span>
    </p>
   </div>
   <div class='ocr_carea' id='block_1_9' title="bbox 405 196 1862 233">
    <p class='ocr_par' dir='ltr' id='par_1_9' title="bbox 405 196 1862 233">
     <span class='ocr_line' id='line_1_9' title="bbox 405 196 1862 233; baseline 0.005 -12"><span class='ocrx_word' id='word_1_9' title='bbox 405 196 700 222; x_wconf 84' lang='lat' dir='ltr'>SUPPLEMENTUM</span> <span class='ocrx_word' id='word_1_10' title='bbox 722 198 769 222; x_wconf 77' lang='lat' dir='ltr'>AD</span> <span class='ocrx_word' id='word_1_11' title='bbox 790 197 945 223; x_wconf 69' lang='lat' dir='ltr'>RUDOLFI</span> <span class='ocrx_word' id='word_1_12' title='bbox 966 197 1069 224; x_wconf 71' lang='lat' dir='ltr'>REffls</span> <span class='ocrx_word' id='word_1_13' title='bbox 1089 199 1411 227; x_wconf 67' lang='lat' dir='ltr'>CONS&#39;rl&#39;rU&#39;rJONEs.</span> <span class='ocrx_word' id='word_1_14' title='bbox 1451 203 1524 227; x_wconf 74' lang='lat'><strong>1277.</strong></span> <span class='ocrx_word' id='word_1_15' title='bbox 1563 202 1610 228; x_wconf 84' lang='lat' dir='ltr'>Nr.</span> <span class='ocrx_word' id='word_1_16' title='bbox 1624 203 1682 229; x_wconf 84' lang='lat'>651.</span> <span class='ocrx_word' id='word_1_17' title='bbox 1805 206 1862 233; x_wconf 73' lang='lat'>641</span> 
     </span>
    </p>
   </div>
   <div class='ocr_carea' id='block_1_10' title="bbox 211 282 1868 1957">
    <p class='ocr_par' dir='ltr' id='par_1_10' title="bbox 211 282 1868 1957">
     <span class='ocr_line' id='line_1_10' title="bbox 222 282 1867 328; baseline 0.004 -16"><span class='ocrx_word' id='word_1_18' title='bbox 222 286 379 322; x_wconf 88' lang='lat' dir='ltr'>perpetuo</span> <span class='ocrx_word' id='word_1_19' title='bbox 405 282 607 322; x_wconf 89' lang='lat' dir='ltr'>possidenda.</span> <span class='ocrx_word' id='word_1_20' title='bbox 655 283 737 313; x_wconf 86' lang='lat' dir='ltr'>Item</span> <span class='ocrx_word' id='word_1_21' title='bbox 762 283 870 313; x_wconf 87' lang='lat' dir='ltr'>villam</span> <span class='ocrx_word' id='word_1_22' title='bbox 895 284 924 313; x_wconf 89' lang='lat' dir='ltr'>in</span> <span class='ocrx_word' id='word_1_23' title='bbox 949 282 1089 314; x_wconf 83' lang='lat' dir='ltr'>Gaizruk</span> <span class='ocrx_word' id='word_1_24' title='bbox 1113 296 1183 315; x_wconf 83' lang='lat' dir='ltr'>cum</span> <span class='ocrx_word' id='word_1_25' title='bbox 1209 287 1303 326; x_wconf 83' lang='lat' dir='ltr'>agris,</span> <span class='ocrx_word' id='word_1_26' title='bbox 1333 287 1427 325; x_wconf 89' lang='lat' dir='ltr'>silvis,</span> <span class='ocrx_word' id='word_1_27' title='bbox 1453 289 1586 327; x_wconf 81' lang='lat' dir='ltr'>pascuis.</span> <span class='ocrx_word' id='word_1_28' title='bbox 1613 289 1721 328; x_wconf 85' lang='lat' dir='ltr'>pratis,</span> <span class='ocrx_word' id='word_1_29' title='bbox 1744 289 1867 319; x_wconf 82' lang='lat' dir='ltr'>molen-</span> 
     </span>
     <span class='ocr_line' id='line_1_11' title="bbox 220 332 1868 374; baseline 0.004 -11"><span class='ocrx_word' id='word_1_30' title='bbox 220 332 312 371; x_wconf 72' lang='lat' dir='ltr'>dinis,</span> <span class='ocrx_word' id='word_1_31' title='bbox 337 333 574 373; x_wconf 83' lang='lat' dir='ltr'>piscationibus,</span> <span class='ocrx_word' id='word_1_32' title='bbox 599 334 699 374; x_wconf 77' lang='lat' dir='ltr'>aquis,</span> <span class='ocrx_word' id='word_1_33' title='bbox 724 344 879 374; x_wconf 84' lang='lat' dir='ltr'>aquarum</span> <span class='ocrx_word' id='word_1_34' title='bbox 904 334 1089 365; x_wconf 73' lang='lat' dir='ltr'>decursibus</span> <span class='ocrx_word' id='word_1_35' title='bbox 1114 339 1146 366; x_wconf 89' lang='lat' dir='ltr'>et</span> <span class='ocrx_word' id='word_1_36' title='bbox 1170 337 1255 366; x_wconf 84' lang='lat' dir='ltr'>omni</span> <span class='ocrx_word' id='word_1_37' title='bbox 1276 337 1412 368; x_wconf 89' lang='lat' dir='ltr'>utilitate</span> <span class='ocrx_word' id='word_1_38' title='bbox 1438 349 1473 368; x_wconf 87' lang='lat' dir='ltr'>ac</span> <span class='ocrx_word' id='word_1_39' title='bbox 1498 339 1565 369; x_wconf 90' lang='lat' dir='ltr'>iure</span> <span class='ocrx_word' id='word_1_40' title='bbox 1591 343 1623 369; x_wconf 89' lang='lat' dir='ltr'>et</span> <span class='ocrx_word' id='word_1_41' title='bbox 1643 339 1758 369; x_wconf 90' lang='lat' dir='ltr'>iudicio</span> <span class='ocrx_word' id='word_1_42' title='bbox 1784 340 1868 369; x_wconf 85' lang='lat' dir='ltr'>civili</span> 
     </span>
     <span class='ocr_line' id='line_1_12' title="bbox 219 384 1867 431; baseline 0.005 -18"><span class='ocrx_word' id='word_1_43' title='bbox 219 395 256 414; x_wconf 89' lang='lat' dir='ltr'>ac</span> <span class='ocrx_word' id='word_1_44' title='bbox 281 385 436 415; x_wconf 87' lang='lat' dir='ltr'>criminali</span> <span class='ocrx_word' id='word_1_45' title='bbox 460 394 496 414; x_wconf 85' lang='lat' dir='ltr'>ac</span> <span class='ocrx_word' id='word_1_46' title='bbox 521 384 590 414; x_wconf 90' lang='lat' dir='ltr'>aliis</span> <span class='ocrx_word' id='word_1_47' title='bbox 615 384 883 425; x_wconf 76' lang='lat' dir='ltr'>quibuscumque,</span> <span class='ocrx_word' id='word_1_48' title='bbox 921 396 982 425; x_wconf 90' lang='lat' dir='ltr'>que</span> <span class='ocrx_word' id='word_1_49' title='bbox 1007 386 1127 416; x_wconf 79' lang='lat' dir='ltr'>ibidem</span> <span class='ocrx_word' id='word_1_50' title='bbox 1152 387 1193 417; x_wconf 87' lang='lat' dir='ltr'>ad</span> <span class='ocrx_word' id='word_1_51' title='bbox 1217 391 1300 418; x_wconf 86' lang='lat' dir='ltr'>terre</span> <span class='ocrx_word' id='word_1_52' title='bbox 1326 390 1501 429; x_wconf 88' lang='lat' dir='ltr'>principem</span> <span class='ocrx_word' id='word_1_53' title='bbox 1526 391 1746 430; x_wconf 74' lang='lat' dir='ltr'>pertinebant,</span> <span class='ocrx_word' id='word_1_54' title='bbox 1772 402 1867 431; x_wconf 83' lang='lat' dir='ltr'>quam</span> 
     </span>
     <span class='ocr_line' id='line_1_13' title="bbox 219 435 1867 481; baseline 0.004 -16"><span class='ocrx_word' id='word_1_55' title='bbox 219 435 327 465; x_wconf 85' lang='lat' dir='ltr'>villam</span> <span class='ocrx_word' id='word_1_56' title='bbox 353 445 424 465; x_wconf 89' lang='lat' dir='ltr'>cum</span> <span class='ocrx_word' id='word_1_57' title='bbox 454 436 517 465; x_wconf 87' lang='lat' dir='ltr'>suis</span> <span class='ocrx_word' id='word_1_58' title='bbox 542 436 746 475; x_wconf 79' lang='lat' dir='ltr'>pertinenciis</span> <span class='ocrx_word' id='word_1_59' title='bbox 770 435 960 476; x_wconf 86' lang='lat' dir='ltr'>supradictis</span> <span class='ocrx_word' id='word_1_60' title='bbox 992 448 1049 477; x_wconf 89' lang='lat' dir='ltr'>pro</span> <span class='ocrx_word' id='word_1_61' title='bbox 1074 437 1252 469; x_wconf 84' lang='lat' dir='ltr'>redditibus</span> <span class='ocrx_word' id='word_1_62' title='bbox 1277 440 1388 469; x_wconf 79' lang='lat' dir='ltr'>annuis</span> <span class='ocrx_word' id='word_1_63' title='bbox 1418 441 1528 481; x_wconf 86' lang='lat' dir='ltr'>viginti</span> <span class='ocrx_word' id='word_1_64' title='bbox 1559 452 1674 471; x_wconf 86' lang='lat' dir='ltr'>novem</span> <span class='ocrx_word' id='word_1_65' title='bbox 1702 442 1867 481; x_wconf 85' lang='lat' dir='ltr'>librarum,</span> 
     </span>
     <span class='ocr_line' id='line_1_14' title="bbox 220 485 1866 532; baseline 0.004 -15"><span class='ocrx_word' id='word_1_66' title='bbox 220 485 363 527; x_wconf 87' lang='lat' dir='ltr'>predicto</span> <span class='ocrx_word' id='word_1_67' title='bbox 395 487 546 527; x_wconf 84' lang='lat' dir='ltr'>episcopo</span> <span class='ocrx_word' id='word_1_68' title='bbox 577 490 608 517; x_wconf 86' lang='lat' dir='ltr'>et</span> <span class='ocrx_word' id='word_1_69' title='bbox 636 487 772 517; x_wconf 72' lang='lat' dir='ltr'>ecclesie</span> <span class='ocrx_word' id='word_1_70' title='bbox 802 487 1000 518; x_wconf 84' lang='lat' dir='ltr'>Pattaviensi</span> <span class='ocrx_word' id='word_1_71' title='bbox 1028 490 1226 529; x_wconf 77' lang='lat' dir='ltr'>assignamus</span> <span class='ocrx_word' id='word_1_72' title='bbox 1257 494 1412 531; x_wconf 85' lang='lat' dir='ltr'>perpetuo</span> <span class='ocrx_word' id='word_1_73' title='bbox 1442 492 1677 532; x_wconf 86' lang='lat' dir='ltr'>possidendam.</span> <span class='ocrx_word' id='word_1_74' title='bbox 1726 493 1807 523; x_wconf 83' lang='lat' dir='ltr'>Item</span> <span class='ocrx_word' id='word_1_75' title='bbox 1838 495 1866 523; x_wconf 90' lang='lat' dir='ltr'>in</span> 
     </span>
     <span class='ocr_line' id='line_1_15' title="bbox 218 537 1866 584; baseline 0.004 -17"><span class='ocrx_word' id='word_1_76' title='bbox 218 537 293 568; x_wconf 89' lang='lat' dir='ltr'>villa</span> <span class='ocrx_word' id='word_1_77' title='bbox 316 537 441 568; x_wconf 90' lang='lat' dir='ltr'>Holern</span> <span class='ocrx_word' id='word_1_78' title='bbox 463 548 521 567; x_wconf 81' lang='lat' dir='ltr'>sex</span> <span class='ocrx_word' id='word_1_79' title='bbox 542 548 670 568; x_wconf 87' lang='lat' dir='ltr'>mansos</span> <span class='ocrx_word' id='word_1_80' title='bbox 695 541 727 568; x_wconf 90' lang='lat' dir='ltr'>et</span> <span class='ocrx_word' id='word_1_81' title='bbox 744 538 909 568; x_wconf 88' lang='lat' dir='ltr'>dimidium</span> <span class='ocrx_word' id='word_1_82' title='bbox 926 549 1082 579; x_wconf 84' lang='lat' dir='ltr'>mansum,</span> <span class='ocrx_word' id='word_1_83' title='bbox 1107 541 1159 580; x_wconf 91' lang='lat' dir='ltr'>qui</span> <span class='ocrx_word' id='word_1_84' title='bbox 1177 540 1271 571; x_wconf 89' lang='lat' dir='ltr'>lehen</span> <span class='ocrx_word' id='word_1_85' title='bbox 1288 541 1462 582; x_wconf 81' lang='lat' dir='ltr'>vulgariter</span> <span class='ocrx_word' id='word_1_86' title='bbox 1478 544 1689 583; x_wconf 68' lang='lat' dir='ltr'>nominantur,</span> <span class='ocrx_word' id='word_1_87' title='bbox 1715 552 1866 584; x_wconf 80' lang='lat' dir='ltr'>quatuor-</span> 
     </span>
     <span class='ocr_line' id='line_1_16' title="bbox 218 588 1866 634; baseline 0.004 -15"><span class='ocrx_word' id='word_1_88' title='bbox 218 589 322 619; x_wconf 88' lang='lat' dir='ltr'>decim</span> <span class='ocrx_word' id='word_1_89' title='bbox 347 588 443 619; x_wconf 88' lang='lat' dir='ltr'>libras</span> <span class='ocrx_word' id='word_1_90' title='bbox 467 588 640 626; x_wconf 87' lang='lat' dir='ltr'>solventes,</span> <span class='ocrx_word' id='word_1_91' title='bbox 672 600 751 629; x_wconf 86' lang='lat' dir='ltr'>quos</span> <span class='ocrx_word' id='word_1_92' title='bbox 774 589 893 619; x_wconf 81' lang='lat' dir='ltr'>ibidem</span> <span class='ocrx_word' id='word_1_93' title='bbox 919 601 999 620; x_wconf 90' lang='lat' dir='ltr'>nunc</span> <span class='ocrx_word' id='word_1_94' title='bbox 1024 591 1193 621; x_wconf 74' lang='lat' dir='ltr'>habuimus</span> <span class='ocrx_word' id='word_1_95' title='bbox 1217 592 1335 622; x_wconf 89' lang='lat' dir='ltr'>liberos</span> <span class='ocrx_word' id='word_1_96' title='bbox 1360 597 1392 623; x_wconf 86' lang='lat' dir='ltr'>et</span> <span class='ocrx_word' id='word_1_97' title='bbox 1415 594 1548 628; x_wconf 74' lang='lat' dir='ltr'>solutos,</span> <span class='ocrx_word' id='word_1_98' title='bbox 1580 605 1650 625; x_wconf 87' lang='lat' dir='ltr'>cum</span> <span class='ocrx_word' id='word_1_99' title='bbox 1679 596 1763 625; x_wconf 88' lang='lat' dir='ltr'>omni</span> <span class='ocrx_word' id='word_1_100' title='bbox 1789 596 1866 634; x_wconf 85' lang='lat' dir='ltr'>iure,</span> 
     </span>
     <span class='ocr_line' id='line_1_17' title="bbox 217 640 1867 686; baseline 0.004 -16"><span class='ocrx_word' id='word_1_101' title='bbox 217 641 298 671; x_wconf 86' lang='lat' dir='ltr'>sicut</span> <span class='ocrx_word' id='word_1_102' title='bbox 326 641 357 670; x_wconf 90' lang='lat' dir='ltr'>iu</span> <span class='ocrx_word' id='word_1_103' title='bbox 384 640 602 680; x_wconf 90' lang='lat' dir='ltr'>superioribus</span> <span class='ocrx_word' id='word_1_104' title='bbox 632 644 679 670; x_wconf 85' lang='lat' dir='ltr'>cst</span> <span class='ocrx_word' id='word_1_105' title='bbox 708 651 911 681; x_wconf 76' lang='lat' dir='ltr'>expressum,</span> <span class='ocrx_word' id='word_1_106' title='bbox 943 642 1098 672; x_wconf 76' lang='lat' dir='ltr'>donamus</span> <span class='ocrx_word' id='word_1_107' title='bbox 1129 646 1160 672; x_wconf 89' lang='lat' dir='ltr'>et</span> <span class='ocrx_word' id='word_1_108' title='bbox 1189 643 1393 674; x_wconf 79' lang='lat' dir='ltr'>concedimus</span> <span class='ocrx_word' id='word_1_109' title='bbox 1426 646 1576 686; x_wconf 79' lang='lat' dir='ltr'>episcopo</span> <span class='ocrx_word' id='word_1_110' title='bbox 1608 650 1639 676; x_wconf 87' lang='lat' dir='ltr'>et</span> <span class='ocrx_word' id='word_1_111' title='bbox 1668 646 1867 676; x_wconf 83' lang='lat' dir='ltr'>Pattaviensi</span> 
     </span>
     <span class='ocr_line' id='line_1_18' title="bbox 218 691 1867 738; baseline 0.004 -17"><span class='ocrx_word' id='word_1_112' title='bbox 218 691 352 722; x_wconf 80' lang='lat' dir='ltr'>ecclesie</span> <span class='ocrx_word' id='word_1_113' title='bbox 385 691 577 732; x_wconf 87' lang='lat' dir='ltr'>supradicte.</span> <span class='ocrx_word' id='word_1_114' title='bbox 635 691 717 722; x_wconf 83' lang='lat' dir='ltr'>Item</span> <span class='ocrx_word' id='word_1_115' title='bbox 747 692 795 722; x_wconf 91' lang='lat' dir='ltr'>ius</span> <span class='ocrx_word' id='word_1_116' title='bbox 824 692 996 723; x_wconf 77' lang='lat' dir='ltr'>advocacie</span> <span class='ocrx_word' id='word_1_117' title='bbox 1028 694 1058 723; x_wconf 91' lang='lat' dir='ltr'>in</span> <span class='ocrx_word' id='word_1_118' title='bbox 1090 693 1179 724; x_wconf 89' lang='lat' dir='ltr'>bonis</span> <span class='ocrx_word' id='word_1_119' title='bbox 1211 698 1243 724; x_wconf 89' lang='lat' dir='ltr'>et</span> <span class='ocrx_word' id='word_1_120' title='bbox 1272 695 1391 735; x_wconf 84' lang='lat' dir='ltr'>prediis</span> <span class='ocrx_word' id='word_1_121' title='bbox 1429 696 1643 727; x_wconf 84' lang='lat' dir='ltr'>Pattaviensis</span> <span class='ocrx_word' id='word_1_122' title='bbox 1674 698 1805 738; x_wconf 86' lang='lat' dir='ltr'>capituli</span> <span class='ocrx_word' id='word_1_123' title='bbox 1837 699 1867 727; x_wconf 90' lang='lat' dir='ltr'>in</span> 
     </span>
     <span class='ocr_line' id='line_1_19' title="bbox 216 742 1866 789; baseline 0.004 -17"><span class='ocrx_word' id='word_1_124' title='bbox 216 742 298 773; x_wconf 90' lang='lat' dir='ltr'>villis</span> <span class='ocrx_word' id='word_1_125' title='bbox 328 742 564 773; x_wconf 86' lang='lat' dir='ltr'>Pischolfsdorf</span> <span class='ocrx_word' id='word_1_126' title='bbox 589 746 621 773; x_wconf 87' lang='lat' dir='ltr'>et</span> <span class='ocrx_word' id='word_1_127' title='bbox 652 743 944 774; x_wconf 88' lang='lat' dir='ltr'>Obern-Neusidel</span> <span class='ocrx_word' id='word_1_128' title='bbox 980 755 1016 774; x_wconf 89' lang='lat' dir='ltr'>ac</span> <span class='ocrx_word' id='word_1_129' title='bbox 1050 745 1120 775; x_wconf 88' lang='lat' dir='ltr'>aliis</span> <span class='ocrx_word' id='word_1_130' title='bbox 1151 745 1191 775; x_wconf 89' lang='lat' dir='ltr'>ad</span> <span class='ocrx_word' id='word_1_131' title='bbox 1223 746 1359 776; x_wconf 86' lang='lat' dir='ltr'>eandem</span> <span class='ocrx_word' id='word_1_132' title='bbox 1395 747 1599 778; x_wconf 74' lang='lat' dir='ltr'>advocaciam</span> <span class='ocrx_word' id='word_1_133' title='bbox 1634 749 1866 789; x_wconf 79' lang='lat' dir='ltr'>pertinentibus</span> 
     </span>
     <span class='ocr_line' id='line_1_20' title="bbox 214 793 1867 840; baseline 0.004 -17"><span class='ocrx_word' id='word_1_134' title='bbox 214 804 287 824; x_wconf 85' lang='lat' dir='ltr'>euni</span> <span class='ocrx_word' id='word_1_135' title='bbox 318 793 430 824; x_wconf 88' lang='lat' dir='ltr'>decem</span> <span class='ocrx_word' id='word_1_136' title='bbox 460 793 639 824; x_wconf 87' lang='lat' dir='ltr'>modiorum</span> <span class='ocrx_word' id='word_1_137' title='bbox 668 794 845 825; x_wconf 81' lang='lat' dir='ltr'>redditibus</span> <span class='ocrx_word' id='word_1_138' title='bbox 876 795 996 826; x_wconf 90' lang='lat' dir='ltr'>ibidem</span> <span class='ocrx_word' id='word_1_139' title='bbox 1025 796 1093 826; x_wconf 89' lang='lat' dir='ltr'>dari</span> <span class='ocrx_word' id='word_1_140' title='bbox 1121 798 1281 827; x_wconf 83' lang='lat' dir='ltr'>consuetis</span> <span class='ocrx_word' id='word_1_141' title='bbox 1307 799 1440 838; x_wconf 78' lang='lat' dir='ltr'>principi</span> <span class='ocrx_word' id='word_1_142' title='bbox 1465 802 1548 829; x_wconf 90' lang='lat' dir='ltr'>terre</span> <span class='ocrx_word' id='word_1_143' title='bbox 1578 810 1634 839; x_wconf 87' lang='lat' dir='ltr'>pro</span> <span class='ocrx_word' id='word_1_144' title='bbox 1665 800 1749 837; x_wconf 84' lang='lat' dir='ltr'>iure,</span> <span class='ocrx_word' id='word_1_145' title='bbox 1782 800 1867 840; x_wconf 84' lang='lat' dir='ltr'>quod</span> 
     </span>
     <span class='ocr_line' id='line_1_21' title="bbox 215 844 1866 891; baseline 0.004 -16"><span class='ocrx_word' id='word_1_146' title='bbox 215 844 392 885; x_wconf 77' lang='lat' dir='ltr'>margffiter</span> <span class='ocrx_word' id='word_1_147' title='bbox 423 845 551 885; x_wconf 88' lang='lat' dir='ltr'>dicitur,</span> <span class='ocrx_word' id='word_1_148' title='bbox 587 857 644 886; x_wconf 89' lang='lat' dir='ltr'>pro</span> <span class='ocrx_word' id='word_1_149' title='bbox 676 847 805 886; x_wconf 82' lang='lat' dir='ltr'>triginta</span> <span class='ocrx_word' id='word_1_150' title='bbox 836 850 973 887; x_wconf 86' lang='lat' dir='ltr'>quatuor</span> <span class='ocrx_word' id='word_1_151' title='bbox 1006 848 1160 878; x_wconf 87' lang='lat' dir='ltr'>librarum</span> <span class='ocrx_word' id='word_1_152' title='bbox 1191 848 1368 879; x_wconf 86' lang='lat' dir='ltr'>redditibus</span> <span class='ocrx_word' id='word_1_153' title='bbox 1398 850 1501 879; x_wconf 89' lang='lat' dir='ltr'>minus</span> <span class='ocrx_word' id='word_1_154' title='bbox 1532 851 1699 891; x_wconf 76' lang='lat' dir='ltr'>sexaginta</span> <span class='ocrx_word' id='word_1_155' title='bbox 1729 851 1866 881; x_wconf 84' lang='lat' dir='ltr'>denariis</span> 
     </span>
     <span class='ocr_line' id='line_1_22' title="bbox 214 897 1866 940; baseline 0.003 -13"><span class='ocrx_word' id='word_1_156' title='bbox 214 897 358 937; x_wconf 89' lang='lat' dir='ltr'>predicto</span> <span class='ocrx_word' id='word_1_157' title='bbox 392 897 543 937; x_wconf 90' lang='lat' dir='ltr'>episcopo</span> <span class='ocrx_word' id='word_1_158' title='bbox 576 900 608 927; x_wconf 86' lang='lat' dir='ltr'>et</span> <span class='ocrx_word' id='word_1_159' title='bbox 638 908 693 928; x_wconf 89' lang='lat' dir='ltr'>sue</span> <span class='ocrx_word' id='word_1_160' title='bbox 726 898 861 928; x_wconf 81' lang='lat' dir='ltr'>ecclesie</span> <span class='ocrx_word' id='word_1_161' title='bbox 893 899 1092 939; x_wconf 80' lang='lat' dir='ltr'>assignamus</span> <span class='ocrx_word' id='word_1_162' title='bbox 1123 904 1280 940; x_wconf 87' lang='lat' dir='ltr'>perpetuo</span> <span class='ocrx_word' id='word_1_163' title='bbox 1312 901 1550 940; x_wconf 85' lang='lat' dir='ltr'>possidendum.</span> <span class='ocrx_word' id='word_1_164' title='bbox 1599 902 1681 932; x_wconf 89' lang='lat' dir='ltr'>Item</span> <span class='ocrx_word' id='word_1_165' title='bbox 1714 902 1866 932; x_wconf 84' lang='lat' dir='ltr'>iudicium</span> 
     </span>
     <span class='ocr_line' id='line_1_23' title="bbox 215 948 1866 994; baseline 0.003 -16"><span class='ocrx_word' id='word_1_166' title='bbox 215 948 378 979; x_wconf 84' lang='lat' dir='ltr'>criminale</span> <span class='ocrx_word' id='word_1_167' title='bbox 403 948 453 978; x_wconf 92' lang='lat' dir='ltr'>vel</span> <span class='ocrx_word' id='word_1_168' title='bbox 477 949 638 989; x_wconf 83' lang='lat' dir='ltr'>sanguinis</span> <span class='ocrx_word' id='word_1_169' title='bbox 666 949 697 979; x_wconf 92' lang='lat' dir='ltr'>in</span> <span class='ocrx_word' id='word_1_170' title='bbox 715 949 830 980; x_wconf 80' lang='lat' dir='ltr'>Sancto</span> <span class='ocrx_word' id='word_1_171' title='bbox 850 949 992 990; x_wconf 85' lang='lat' dir='ltr'>Ypolito,</span> <span class='ocrx_word' id='word_1_172' title='bbox 1017 952 1047 980; x_wconf 91' lang='lat' dir='ltr'>in</span> <span class='ocrx_word' id='word_1_173' title='bbox 1071 951 1229 989; x_wconf 80' lang='lat' dir='ltr'>Mautarn,</span> <span class='ocrx_word' id='word_1_174' title='bbox 1254 952 1285 981; x_wconf 93' lang='lat' dir='ltr'>in</span> <span class='ocrx_word' id='word_1_175' title='bbox 1310 952 1497 991; x_wconf 80' lang='lat' dir='ltr'>Zaizeimur,</span> <span class='ocrx_word' id='word_1_176' title='bbox 1522 953 1552 982; x_wconf 92' lang='lat' dir='ltr'>in</span> <span class='ocrx_word' id='word_1_177' title='bbox 1578 952 1809 994; x_wconf 82' lang='lat' dir='ltr'>Chunigsteten</span> <span class='ocrx_word' id='word_1_178' title='bbox 1835 958 1866 983; x_wconf 83' lang='lat' dir='ltr'>ct</span> 
     </span>
     <span class='ocr_line' id='line_1_24' title="bbox 214 999 1865 1041; baseline 0.002 -11"><span class='ocrx_word' id='word_1_179' title='bbox 214 999 293 1030; x_wconf 82' lang='lat' dir='ltr'>alias</span> <span class='ocrx_word' id='word_1_180' title='bbox 322 1001 353 1029; x_wconf 93' lang='lat' dir='ltr'>in</span> <span class='ocrx_word' id='word_1_181' title='bbox 385 999 475 1029; x_wconf 88' lang='lat' dir='ltr'>bonis</span> <span class='ocrx_word' id='word_1_182' title='bbox 504 1003 535 1029; x_wconf 88' lang='lat' dir='ltr'>et</span> <span class='ocrx_word' id='word_1_183' title='bbox 559 1001 813 1040; x_wconf 72' lang='lat' dir='ltr'>possessionibus</span> <span class='ocrx_word' id='word_1_184' title='bbox 842 1011 879 1031; x_wconf 91' lang='lat' dir='ltr'>ac</span> <span class='ocrx_word' id='word_1_185' title='bbox 910 1001 1093 1032; x_wconf 90' lang='lat' dir='ltr'>hominibus</span> <span class='ocrx_word' id='word_1_186' title='bbox 1127 1003 1262 1033; x_wconf 84' lang='lat' dir='ltr'>ecclesie</span> <span class='ocrx_word' id='word_1_187' title='bbox 1288 1003 1502 1033; x_wconf 86' lang='lat' dir='ltr'>Pattaviensis</span> <span class='ocrx_word' id='word_1_188' title='bbox 1532 1005 1599 1034; x_wconf 83' lang='lat' dir='ltr'>sitis</span> <span class='ocrx_word' id='word_1_189' title='bbox 1630 1005 1659 1034; x_wconf 93' lang='lat' dir='ltr'>in</span> <span class='ocrx_word' id='word_1_190' title='bbox 1685 1004 1865 1041; x_wconf 78' lang='lat' dir='ltr'>Tulnen(si)</span> 
     </span>
     <span class='ocr_line' id='line_1_25' title="bbox 212 1052 1865 1095; baseline 0.002 -13"><span class='ocrx_word' id='word_1_191' title='bbox 212 1052 340 1092; x_wconf 90' lang='lat' dir='ltr'>iudicio,</span> <span class='ocrx_word' id='word_1_192' title='bbox 366 1062 568 1093; x_wconf 86' lang='lat' dir='ltr'>quocumque</span> <span class='ocrx_word' id='word_1_193' title='bbox 592 1054 719 1083; x_wconf 87' lang='lat' dir='ltr'>nomine</span> <span class='ocrx_word' id='word_1_194' title='bbox 737 1057 937 1091; x_wconf 80' lang='lat' dir='ltr'>censeantur,</span> <span class='ocrx_word' id='word_1_195' title='bbox 962 1065 1027 1084; x_wconf 88' lang='lat' dir='ltr'>non</span> <span class='ocrx_word' id='word_1_196' title='bbox 1059 1054 1206 1085; x_wconf 86' lang='lat' dir='ltr'>obstante</span> <span class='ocrx_word' id='word_1_197' title='bbox 1232 1055 1318 1095; x_wconf 87' lang='lat' dir='ltr'>quod</span> <span class='ocrx_word' id='word_1_198' title='bbox 1343 1055 1429 1085; x_wconf 85' lang='lat' dir='ltr'>idem</span> <span class='ocrx_word' id='word_1_199' title='bbox 1450 1055 1601 1086; x_wconf 89' lang='lat' dir='ltr'>iudicium</span> <span class='ocrx_word' id='word_1_200' title='bbox 1626 1056 1667 1086; x_wconf 88' lang='lat' dir='ltr'>ad</span> <span class='ocrx_word' id='word_1_201' title='bbox 1692 1056 1865 1086; x_wconf 86' lang='lat' dir='ltr'>dominium</span> 
     </span>
     <span class='ocr_line' id='line_1_26' title="bbox 214 1104 1865 1146; baseline 0.001 -13"><span class='ocrx_word' id='word_1_202' title='bbox 214 1108 298 1134; x_wconf 89' lang='lat' dir='ltr'>terre</span> <span class='ocrx_word' id='word_1_203' title='bbox 322 1104 452 1134; x_wconf 85' lang='lat' dir='ltr'>Austrie</span> <span class='ocrx_word' id='word_1_204' title='bbox 477 1104 676 1144; x_wconf 67' lang='lat' dir='ltr'>pertinebat,</span> <span class='ocrx_word' id='word_1_205' title='bbox 710 1104 822 1134; x_wconf 89' lang='lat' dir='ltr'>damus</span> <span class='ocrx_word' id='word_1_206' title='bbox 851 1108 883 1135; x_wconf 90' lang='lat' dir='ltr'>et</span> <span class='ocrx_word' id='word_1_207' title='bbox 907 1105 1061 1136; x_wconf 84' lang='lat' dir='ltr'>tradimus</span> <span class='ocrx_word' id='word_1_208' title='bbox 1087 1110 1243 1146; x_wconf 84' lang='lat' dir='ltr'>perpetuo</span> <span class='ocrx_word' id='word_1_209' title='bbox 1269 1106 1467 1136; x_wconf 81' lang='lat' dir='ltr'>Pattaviensi</span> <span class='ocrx_word' id='word_1_210' title='bbox 1492 1107 1642 1146; x_wconf 89' lang='lat' dir='ltr'>episcopo</span> <span class='ocrx_word' id='word_1_211' title='bbox 1675 1110 1706 1137; x_wconf 87' lang='lat' dir='ltr'>et</span> <span class='ocrx_word' id='word_1_212' title='bbox 1731 1107 1865 1136; x_wconf 73' lang='lat' dir='ltr'>ecclesie</span> 
     </span>
     <span class='ocr_line' id='line_1_27' title="bbox 213 1155 1866 1197; baseline 0.002 -12"><span class='ocrx_word' id='word_1_213' title='bbox 213 1165 269 1185; x_wconf 89' lang='lat' dir='ltr'>sue</span> <span class='ocrx_word' id='word_1_214' title='bbox 295 1165 365 1185; x_wconf 88' lang='lat' dir='ltr'>cum</span> <span class='ocrx_word' id='word_1_215' title='bbox 390 1155 457 1185; x_wconf 89' lang='lat' dir='ltr'>iure</span> <span class='ocrx_word' id='word_1_216' title='bbox 482 1155 577 1195; x_wconf 90' lang='lat' dir='ltr'>pleno</span> <span class='ocrx_word' id='word_1_217' title='bbox 603 1158 635 1186; x_wconf 86' lang='lat' dir='ltr'>et</span> <span class='ocrx_word' id='word_1_218' title='bbox 659 1166 747 1186; x_wconf 87' lang='lat' dir='ltr'>mero</span> <span class='ocrx_word' id='word_1_219' title='bbox 772 1157 906 1196; x_wconf 87' lang='lat' dir='ltr'>imperio</span> <span class='ocrx_word' id='word_1_220' title='bbox 931 1157 1102 1187; x_wconf 84' lang='lat' dir='ltr'>iudicandi.</span> <span class='ocrx_word' id='word_1_221' title='bbox 1150 1157 1221 1187; x_wconf 87' lang='lat' dir='ltr'>Hiis</span> <span class='ocrx_word' id='word_1_222' title='bbox 1243 1157 1397 1187; x_wconf 82' lang='lat' dir='ltr'>adicimus</span> <span class='ocrx_word' id='word_1_223' title='bbox 1414 1161 1538 1197; x_wconf 82' lang='lat' dir='ltr'>septem</span> <span class='ocrx_word' id='word_1_224' title='bbox 1556 1158 1708 1188; x_wconf 88' lang='lat' dir='ltr'>librarum</span> <span class='ocrx_word' id='word_1_225' title='bbox 1723 1158 1866 1188; x_wconf 76' lang='lat' dir='ltr'>redditus</span> 
     </span>
     <span class='ocr_line' id='line_1_28' title="bbox 213 1206 1865 1248; baseline 0.001 -12"><span class='ocrx_word' id='word_1_226' title='bbox 213 1207 245 1236; x_wconf 88' lang='lat' dir='ltr'>iu</span> <span class='ocrx_word' id='word_1_227' title='bbox 268 1207 464 1237; x_wconf 72' lang='lat' dir='ltr'>Zaizeimur⁹</span> <span class='ocrx_word' id='word_1_228' title='bbox 492 1210 523 1236; x_wconf 90' lang='lat' dir='ltr'>et</span> <span class='ocrx_word' id='word_1_229' title='bbox 547 1207 638 1236; x_wconf 87' lang='lat' dir='ltr'>unius</span> <span class='ocrx_word' id='word_1_230' title='bbox 661 1206 743 1237; x_wconf 89' lang='lat' dir='ltr'>libre</span> <span class='ocrx_word' id='word_1_231' title='bbox 767 1208 797 1236; x_wconf 92' lang='lat' dir='ltr'>in</span> <span class='ocrx_word' id='word_1_232' title='bbox 823 1207 986 1242; x_wconf 81' lang='lat' dir='ltr'>Mautarn,</span> <span class='ocrx_word' id='word_1_233' title='bbox 1019 1218 1080 1248; x_wconf 90' lang='lat' dir='ltr'>que</span> <span class='ocrx_word' id='word_1_234' title='bbox 1110 1208 1206 1238; x_wconf 86' lang='lat' dir='ltr'>iudici</span> <span class='ocrx_word' id='word_1_235' title='bbox 1236 1208 1416 1246; x_wconf 50' lang='lat' dir='ltr'>Tulnenffii)</span> <span class='ocrx_word' id='word_1_236' title='bbox 1446 1209 1574 1238; x_wconf 80' lang='lat' dir='ltr'>racione</span> <span class='ocrx_word' id='word_1_237' title='bbox 1600 1208 1772 1238; x_wconf 74' lang='lat' dir='ltr'>advocacie</span> <span class='ocrx_word' id='word_1_238' title='bbox 1798 1209 1865 1238; x_wconf 88' lang='lat' dir='ltr'>dari</span> 
     </span>
     <span class='ocr_line' id='line_1_29' title="bbox 213 1257 1864 1299; baseline 0.001 -11"><span class='ocrx_word' id='word_1_239' title='bbox 213 1257 368 1288; x_wconf 85' lang='lat' dir='ltr'>hactenus</span> <span class='ocrx_word' id='word_1_240' title='bbox 392 1258 481 1287; x_wconf 90' lang='lat' dir='ltr'>annis</span> <span class='ocrx_word' id='word_1_241' title='bbox 505 1257 637 1298; x_wconf 84' lang='lat' dir='ltr'>singulis</span> <span class='ocrx_word' id='word_1_242' title='bbox 661 1263 910 1292; x_wconf 73' lang='lat' dir='ltr'>consueverunt,</span> <span class='ocrx_word' id='word_1_243' title='bbox 936 1259 979 1288; x_wconf 85' lang='lat' dir='ltr'>sic</span> <span class='ocrx_word' id='word_1_244' title='bbox 1005 1259 1089 1299; x_wconf 85' lang='lat' dir='ltr'>quod</span> <span class='ocrx_word' id='word_1_245' title='bbox 1114 1259 1229 1289; x_wconf 86' lang='lat' dir='ltr'>amodo</span> <span class='ocrx_word' id='word_1_246' title='bbox 1255 1260 1353 1289; x_wconf 88' lang='lat' dir='ltr'>nostri</span> <span class='ocrx_word' id='word_1_247' title='bbox 1378 1259 1499 1290; x_wconf 87' lang='lat' dir='ltr'>iudices</span> <span class='ocrx_word' id='word_1_248' title='bbox 1523 1259 1730 1299; x_wconf 81' lang='lat' dir='ltr'>Tulnen(ses)</span> <span class='ocrx_word' id='word_1_249' title='bbox 1757 1264 1788 1290; x_wconf 86' lang='lat' dir='ltr'>et</span> <span class='ocrx_word' id='word_1_250' title='bbox 1812 1260 1864 1290; x_wconf 86' lang='lat' dir='ltr'>alii</span> 
     </span>
     <span class='ocr_line' id='line_1_30' title="bbox 213 1309 1863 1350; baseline 0.001 -11"><span class='ocrx_word' id='word_1_251' title='bbox 213 1309 462 1350; x_wconf 83' lang='lat' dir='ltr'>qualescumque</span> <span class='ocrx_word' id='word_1_252' title='bbox 486 1309 608 1339; x_wconf 89' lang='lat' dir='ltr'>nullum</span> <span class='ocrx_word' id='word_1_253' title='bbox 633 1309 680 1339; x_wconf 89' lang='lat' dir='ltr'>ius</span> <span class='ocrx_word' id='word_1_254' title='bbox 702 1309 886 1350; x_wconf 85' lang='lat' dir='ltr'>nullumque</span> <span class='ocrx_word' id='word_1_255' title='bbox 912 1309 1062 1340; x_wconf 86' lang='lat' dir='ltr'>iudicium</span> <span class='ocrx_word' id='word_1_256' title='bbox 1088 1320 1145 1340; x_wconf 88' lang='lat' dir='ltr'>seu</span> <span class='ocrx_word' id='word_1_257' title='bbox 1170 1312 1372 1341; x_wconf 82' lang='lat' dir='ltr'>exactionem</span> <span class='ocrx_word' id='word_1_258' title='bbox 1398 1311 1569 1341; x_wconf 80' lang='lat' dir='ltr'>advocacie</span> <span class='ocrx_word' id='word_1_259' title='bbox 1595 1312 1721 1341; x_wconf 89' lang='lat' dir='ltr'>nominc</span> <span class='ocrx_word' id='word_1_260' title='bbox 1747 1312 1863 1341; x_wconf 81' lang='lat' dir='ltr'>ibidem</span> 
     </span>
     <span class='ocr_line' id='line_1_31' title="bbox 212 1359 1865 1402; baseline 0.001 -12"><span class='ocrx_word' id='word_1_261' title='bbox 212 1360 272 1391; x_wconf 91' lang='lat' dir='ltr'>sibi</span> <span class='ocrx_word' id='word_1_262' title='bbox 295 1359 436 1390; x_wconf 89' lang='lat' dir='ltr'>audeaut</span> <span class='ocrx_word' id='word_1_263' title='bbox 459 1359 638 1390; x_wconf 86' lang='lat' dir='ltr'>vendicare.</span> <span class='ocrx_word' id='word_1_264' title='bbox 674 1359 777 1390; x_wconf 83' lang='lat' dir='ltr'>Huius</span> <span class='ocrx_word' id='word_1_265' title='bbox 799 1365 907 1391; x_wconf 86' lang='lat' dir='ltr'>autem</span> <span class='ocrx_word' id='word_1_266' title='bbox 923 1361 1041 1398; x_wconf 87' lang='lat' dir='ltr'>iudicii,</span> <span class='ocrx_word' id='word_1_267' title='bbox 1060 1361 1231 1391; x_wconf 86' lang='lat' dir='ltr'>advocacie</span> <span class='ocrx_word' id='word_1_268' title='bbox 1257 1366 1289 1391; x_wconf 86' lang='lat' dir='ltr'>et</span> <span class='ocrx_word' id='word_1_269' title='bbox 1307 1361 1490 1392; x_wconf 83' lang='lat' dir='ltr'>reddituum</span> <span class='ocrx_word' id='word_1_270' title='bbox 1507 1366 1679 1402; x_wconf 84' lang='lat' dir='ltr'>proventus</span> <span class='ocrx_word' id='word_1_271' title='bbox 1698 1366 1729 1392; x_wconf 89' lang='lat' dir='ltr'>et</span> <span class='ocrx_word' id='word_1_272' title='bbox 1747 1362 1865 1392; x_wconf 85' lang='lat' dir='ltr'>fructus</span> 
     </span>
     <span class='ocr_line' id='line_1_32' title="bbox 211 1411 1864 1454; baseline 0.001 -13"><span class='ocrx_word' id='word_1_273' title='bbox 211 1411 324 1442; x_wconf 88' lang='lat' dir='ltr'>damus</span> <span class='ocrx_word' id='word_1_274' title='bbox 349 1415 380 1441; x_wconf 90' lang='lat' dir='ltr'>et</span> <span class='ocrx_word' id='word_1_275' title='bbox 405 1411 558 1441; x_wconf 84' lang='lat' dir='ltr'>tradimus</span> <span class='ocrx_word' id='word_1_276' title='bbox 582 1411 726 1452; x_wconf 89' lang='lat' dir='ltr'>predicto</span> <span class='ocrx_word' id='word_1_277' title='bbox 752 1413 903 1452; x_wconf 87' lang='lat' dir='ltr'>episcopo</span> <span class='ocrx_word' id='word_1_278' title='bbox 929 1416 961 1442; x_wconf 92' lang='lat' dir='ltr'>et</span> <span class='ocrx_word' id='word_1_279' title='bbox 985 1412 1121 1443; x_wconf 83' lang='lat' dir='ltr'>ecclesie</span> <span class='ocrx_word' id='word_1_280' title='bbox 1146 1423 1201 1443; x_wconf 91' lang='lat' dir='ltr'>sue</span> <span class='ocrx_word' id='word_1_281' title='bbox 1232 1424 1288 1453; x_wconf 87' lang='lat' dir='ltr'>pro</span> <span class='ocrx_word' id='word_1_282' title='bbox 1314 1413 1492 1443; x_wconf 85' lang='lat' dir='ltr'>redditibus</span> <span class='ocrx_word' id='word_1_283' title='bbox 1517 1414 1627 1443; x_wconf 84' lang='lat' dir='ltr'>annuis</span> <span class='ocrx_word' id='word_1_284' title='bbox 1653 1414 1864 1454; x_wconf 87' lang='lat' dir='ltr'>quadraginta</span> 
     </span>
     <span class='ocr_line' id='line_1_33' title="bbox 213 1463 1864 1505; baseline 0.001 -12"><span class='ocrx_word' id='word_1_285' title='bbox 213 1464 307 1493; x_wconf 85' lang='lat' dir='ltr'>trium</span> <span class='ocrx_word' id='word_1_286' title='bbox 326 1463 477 1493; x_wconf 86' lang='lat' dir='ltr'>librarum</span> <span class='ocrx_word' id='word_1_287' title='bbox 502 1466 534 1493; x_wconf 90' lang='lat' dir='ltr'>et</span> <span class='ocrx_word' id='word_1_288' title='bbox 555 1464 723 1504; x_wconf 78' lang='lat' dir='ltr'>sexaginta</span> <span class='ocrx_word' id='word_1_289' title='bbox 745 1463 947 1494; x_wconf 84' lang='lat' dir='ltr'>denariorum</span> <span class='ocrx_word' id='word_1_290' title='bbox 966 1464 1238 1504; x_wconf 73' lang='lat' dir='ltr'>W&#39;ienn(ensium)</span> <span class='ocrx_word' id='word_1_291' title='bbox 1256 1465 1431 1499; x_wconf 72' lang='lat' dir='ltr'>estimatos,</span> <span class='ocrx_word' id='word_1_292' title='bbox 1542 1465 1600 1494; x_wconf 85' lang='lat' dir='ltr'>hoc</span> <span class='ocrx_word' id='word_1_293' title='bbox 1627 1465 1753 1494; x_wconf 84' lang='lat' dir='ltr'>adiecto</span> <span class='ocrx_word' id='word_1_294' title='bbox 1779 1465 1864 1505; x_wconf 86' lang='lat' dir='ltr'>quod</span> 
     </span>
     <span class='ocr_line' id='line_1_34' title="bbox 214 1515 1863 1557; baseline 0.001 -13"><span class='ocrx_word' id='word_1_295' title='bbox 214 1525 281 1553; x_wconf 86' lang='lat' dir='ltr'>nos,</span> <span class='ocrx_word' id='word_1_296' title='bbox 307 1515 331 1544; x_wconf 92' lang='lat' dir='ltr'>si</span> <span class='ocrx_word' id='word_1_297' title='bbox 351 1515 555 1553; x_wconf 76' lang='lat' dir='ltr'>v‹s›111e1·i1nus,</span> <span class='ocrx_word' id='word_1_298' title='bbox 580 1515 812 1555; x_wconf 81' lang='lat' dir='ltr'>assignabimus</span> <span class='ocrx_word' id='word_1_299' title='bbox 831 1515 936 1545; x_wconf 88' lang='lat' dir='ltr'>eidem</span> <span class='ocrx_word' id='word_1_300' title='bbox 958 1519 989 1545; x_wconf 86' lang='lat' dir='ltr'>et</span> <span class='ocrx_word' id='word_1_301' title='bbox 1007 1515 1142 1545; x_wconf 82' lang='lat' dir='ltr'>ecclesie</span> <span class='ocrx_word' id='word_1_302' title='bbox 1160 1515 1304 1556; x_wconf 82' lang='lat' dir='ltr'>predicte</span> <span class='ocrx_word' id='word_1_303' title='bbox 1322 1527 1422 1556; x_wconf 87' lang='lat' dir='ltr'>usque</span> <span class='ocrx_word' id='word_1_304' title='bbox 1444 1516 1485 1546; x_wconf 85' lang='lat' dir='ltr'>ad</span> <span class='ocrx_word' id='word_1_305' title='bbox 1502 1516 1618 1546; x_wconf 83' lang='lat' dir='ltr'>festum</span> <span class='ocrx_word' id='word_1_306' title='bbox 1635 1516 1863 1557; x_wconf 82' lang='lat' dir='ltr'>purificationis</span> 
     </span>
     <span class='ocr_line' id='line_1_35' title="bbox 213 1566 1863 1607; baseline 0.001 -11"><span class='ocrx_word' id='word_1_307' title='bbox 213 1566 308 1597; x_wconf 88' lang='lat' dir='ltr'>beate</span> <span class='ocrx_word' id='word_1_308' title='bbox 333 1566 433 1596; x_wconf 86' lang='lat' dir='ltr'>Marie</span> <span class='ocrx_word' id='word_1_309' title='bbox 463 1566 592 1606; x_wconf 84' lang='lat' dir='ltr'>virginis</span> <span class='ocrx_word' id='word_1_310' title='bbox 621 1567 801 1606; x_wconf 86' lang='lat' dir='ltr'>proximum</span> <span class='ocrx_word' id='word_1_311' title='bbox 839 1570 870 1596; x_wconf 87' lang='lat' dir='ltr'>et</span> <span class='ocrx_word' id='word_1_312' title='bbox 899 1567 1014 1597; x_wconf 84' lang='lat' dir='ltr'>abinde</span> <span class='ocrx_word' id='word_1_313' title='bbox 1047 1578 1104 1607; x_wconf 80' lang='lat' dir='ltr'>per</span> <span class='ocrx_word' id='word_1_314' title='bbox 1128 1578 1244 1597; x_wconf 87' lang='lat' dir='ltr'>annum</span> <span class='ocrx_word' id='word_1_315' title='bbox 1270 1572 1317 1597; x_wconf 86' lang='lat' dir='ltr'>tot</span> <span class='ocrx_word' id='word_1_316' title='bbox 1341 1567 1493 1598; x_wconf 90' lang='lat' dir='ltr'>librarum</span> <span class='ocrx_word' id='word_1_317' title='bbox 1518 1567 1660 1598; x_wconf 85' lang='lat' dir='ltr'>redditus</span> <span class='ocrx_word' id='word_1_318' title='bbox 1695 1568 1734 1597; x_wconf 82' lang='lat' dir='ltr'>de</span> <span class='ocrx_word' id='word_1_319' title='bbox 1760 1567 1863 1597; x_wconf 83' lang='lat' dir='ltr'>feudis</span> 
     </span>
     <span class='ocr_line' id='line_1_36' title="bbox 213 1617 1863 1659; baseline 0 -11"><span class='ocrx_word' id='word_1_320' title='bbox 213 1617 254 1648; x_wconf 88' lang='lat' dir='ltr'>ad</span> <span class='ocrx_word' id='word_1_321' title='bbox 278 1617 520 1648; x_wconf 83' lang='lat' dir='ltr'>Pattaviensem</span> <span class='ocrx_word' id='word_1_322' title='bbox 546 1617 713 1647; x_wconf 83' lang='lat' dir='ltr'>ecclesiam</span> <span class='ocrx_word' id='word_1_323' title='bbox 738 1618 985 1657; x_wconf 83' lang='lat' dir='ltr'>pertinentibus,</span> <span class='ocrx_word' id='word_1_324' title='bbox 1017 1618 1056 1648; x_wconf 86' lang='lat' dir='ltr'>de</span> <span class='ocrx_word' id='word_1_325' title='bbox 1082 1618 1196 1658; x_wconf 82' lang='lat' dir='ltr'>quibus</span> <span class='ocrx_word' id='word_1_326' title='bbox 1220 1619 1439 1659; x_wconf 86' lang='lat' dir='ltr'>supradictum</span> <span class='ocrx_word' id='word_1_327' title='bbox 1464 1622 1525 1651; x_wconf 77' lang='lat' dir='ltr'>est.</span> <span class='ocrx_word' id='word_1_328' title='bbox 1560 1619 1589 1648; x_wconf 92' lang='lat' dir='ltr'>in</span> <span class='ocrx_word' id='word_1_329' title='bbox 1613 1619 1691 1648; x_wconf 90' lang='lat' dir='ltr'>locis</span> <span class='ocrx_word' id='word_1_330' title='bbox 1716 1619 1863 1659; x_wconf 81' lang='lat' dir='ltr'>congruis</span> 
     </span>
     <span class='ocr_line' id='line_1_37' title="bbox 212 1668 1863 1710; baseline -0.001 -10"><span class='ocrx_word' id='word_1_331' title='bbox 212 1669 435 1700; x_wconf 86' lang='lat' dir='ltr'>adiacentibus</span> <span class='ocrx_word' id='word_1_332' title='bbox 452 1668 658 1698; x_wconf 85' lang='lat' dir='ltr'>hofmarchiis</span> <span class='ocrx_word' id='word_1_333' title='bbox 676 1669 818 1709; x_wconf 83' lang='lat' dir='ltr'>episcopi</span> <span class='ocrx_word' id='word_1_334' title='bbox 843 1669 1025 1709; x_wconf 81' lang='lat' dir='ltr'>supradicti,</span> <span class='ocrx_word' id='word_1_335' title='bbox 1074 1670 1145 1704; x_wconf 79' lang='lat' dir='ltr'>Qua</span> <span class='ocrx_word' id='word_1_336' title='bbox 1162 1670 1382 1710; x_wconf 87' lang='lat' dir='ltr'>assignacione</span> <span class='ocrx_word' id='word_1_337' title='bbox 1400 1670 1560 1710; x_wconf 88' lang='lat' dir='ltr'>completa</span> <span class='ocrx_word' id='word_1_338' title='bbox 1585 1670 1666 1699; x_wconf 86' lang='lat' dir='ltr'>infra</span> <span class='ocrx_word' id='word_1_339' title='bbox 1684 1670 1863 1709; x_wconf 87' lang='lat' dir='ltr'>predictum</span> 
     </span>
     <span class='ocr_line' id='line_1_38' title="bbox 213 1720 1862 1761; baseline -0.001 -10"><span class='ocrx_word' id='word_1_340' title='bbox 213 1722 383 1751; x_wconf 90' lang='lat' dir='ltr'>terminum</span> <span class='ocrx_word' id='word_1_341' title='bbox 409 1721 631 1757; x_wconf 82' lang='lat' dir='ltr'>constitutum,</span> <span class='ocrx_word' id='word_1_342' title='bbox 662 1720 812 1760; x_wconf 87' lang='lat' dir='ltr'>quicquid</span> <span class='ocrx_word' id='word_1_343' title='bbox 837 1721 981 1760; x_wconf 84' lang='lat' dir='ltr'>predicto</span> <span class='ocrx_word' id='word_1_344' title='bbox 1007 1722 1157 1761; x_wconf 85' lang='lat' dir='ltr'>episcopo</span> <span class='ocrx_word' id='word_1_345' title='bbox 1184 1725 1215 1751; x_wconf 88' lang='lat' dir='ltr'>et</span> <span class='ocrx_word' id='word_1_346' title='bbox 1240 1721 1374 1752; x_wconf 88' lang='lat' dir='ltr'>ecclesie</span> <span class='ocrx_word' id='word_1_347' title='bbox 1408 1721 1604 1751; x_wconf 87' lang='lat' dir='ltr'>Pattaviensi</span> <span class='ocrx_word' id='word_1_348' title='bbox 1632 1722 1862 1761; x_wconf 76' lang='lat' dir='ltr'>assignavimus</span> 
     </span>
     <span class='ocr_line' id='line_1_39' title="bbox 213 1771 1861 1813; baseline -0.001 -10"><span class='ocrx_word' id='word_1_349' title='bbox 213 1784 270 1813; x_wconf 91' lang='lat' dir='ltr'>pro</span> <span class='ocrx_word' id='word_1_350' title='bbox 294 1772 473 1802; x_wconf 87' lang='lat' dir='ltr'>redditibus</span> <span class='ocrx_word' id='word_1_351' title='bbox 490 1771 701 1811; x_wconf 84' lang='lat' dir='ltr'>quadraginta</span> <span class='ocrx_word' id='word_1_352' title='bbox 727 1772 821 1801; x_wconf 88' lang='lat' dir='ltr'>trium</span> <span class='ocrx_word' id='word_1_353' title='bbox 845 1771 997 1802; x_wconf 82' lang='lat' dir='ltr'>librarum</span> <span class='ocrx_word' id='word_1_354' title='bbox 1023 1776 1054 1802; x_wconf 91' lang='lat' dir='ltr'>et</span> <span class='ocrx_word' id='word_1_355' title='bbox 1071 1773 1240 1813; x_wconf 85' lang='lat' dir='ltr'>sexaginta</span> <span class='ocrx_word' id='word_1_356' title='bbox 1257 1772 1471 1812; x_wconf 75' lang='lat' dir='ltr'>denariorum,</span> <span class='ocrx_word' id='word_1_357' title='bbox 1497 1772 1537 1802; x_wconf 92' lang='lat' dir='ltr'>ad</span> <span class='ocrx_word' id='word_1_358' title='bbox 1562 1783 1618 1802; x_wconf 87' lang='lat' dir='ltr'>nos</span> <span class='ocrx_word' id='word_1_359' title='bbox 1637 1772 1736 1802; x_wconf 75' lang='lat' dir='ltr'>libere</span> <span class='ocrx_word' id='word_1_360' title='bbox 1755 1783 1861 1802; x_wconf 77' lang='lat' dir='ltr'>rever-</span> 
     </span>
     <span class='ocr_line' id='line_1_40' title="bbox 212 1822 1862 1864; baseline -0.001 -10"><span class='ocrx_word' id='word_1_361' title='bbox 212 1827 306 1854; x_wconf 88' lang='lat' dir='ltr'>tetur.</span> <span class='ocrx_word' id='word_1_362' title='bbox 354 1822 447 1858; x_wconf 80' lang='lat' dir='ltr'>Quod</span> <span class='ocrx_word' id='word_1_363' title='bbox 472 1823 497 1852; x_wconf 89' lang='lat' dir='ltr'>si</span> <span class='ocrx_word' id='word_1_364' title='bbox 522 1823 771 1863; x_wconf 81' lang='lat' dir='ltr'>assignationem</span> <span class='ocrx_word' id='word_1_365' title='bbox 796 1834 856 1852; x_wconf 88' lang='lat' dir='ltr'>non</span> <span class='ocrx_word' id='word_1_366' title='bbox 881 1823 1051 1853; x_wconf 84' lang='lat' dir='ltr'>fecerimus</span> <span class='ocrx_word' id='word_1_367' title='bbox 1075 1823 1156 1853; x_wconf 90' lang='lat' dir='ltr'>infra</span> <span class='ocrx_word' id='word_1_368' title='bbox 1181 1824 1350 1854; x_wconf 88' lang='lat' dir='ltr'>terminum</span> <span class='ocrx_word' id='word_1_369' title='bbox 1368 1823 1595 1864; x_wconf 76' lang='lat' dir='ltr'>supradictum,</span> <span class='ocrx_word' id='word_1_370' title='bbox 1621 1827 1737 1853; x_wconf 82' lang='lat' dir='ltr'>extunc</span> <span class='ocrx_word' id='word_1_371' title='bbox 1762 1825 1862 1863; x_wconf 83' lang='lat' dir='ltr'>assig-</span> 
     </span>
     <span class='ocr_line' id='line_1_41' title="bbox 212 1874 1864 1915; baseline -0.001 -10"><span class='ocrx_word' id='word_1_372' title='bbox 212 1876 300 1905; x_wconf 85' lang='lat' dir='ltr'>natio</span> <span class='ocrx_word' id='word_1_373' title='bbox 325 1875 466 1905; x_wconf 89' lang='lat' dir='ltr'>omnium</span> <span class='ocrx_word' id='word_1_374' title='bbox 495 1874 710 1914; x_wconf 88' lang='lat' dir='ltr'>predictorum</span> <span class='ocrx_word' id='word_1_375' title='bbox 742 1878 806 1904; x_wconf 86' lang='lat' dir='ltr'>tam</span> <span class='ocrx_word' id='word_1_376' title='bbox 837 1874 937 1904; x_wconf 89' lang='lat' dir='ltr'>libera</span> <span class='ocrx_word' id='word_1_377' title='bbox 969 1885 1065 1915; x_wconf 86' lang='lat' dir='ltr'>quam</span> <span class='ocrx_word' id='word_1_378' title='bbox 1098 1879 1255 1915; x_wconf 86' lang='lat' dir='ltr'>perpetua</span> <span class='ocrx_word' id='word_1_379' title='bbox 1281 1886 1321 1905; x_wconf 87' lang='lat' dir='ltr'>ex</span> <span class='ocrx_word' id='word_1_380' title='bbox 1351 1875 1522 1906; x_wconf 74' lang='lat' dir='ltr'>(hniatione</span> <span class='ocrx_word' id='word_1_381' title='bbox 1553 1876 1639 1915; x_wconf 85' lang='lat' dir='ltr'>regia</span> <span class='ocrx_word' id='word_1_382' title='bbox 1665 1875 1864 1905; x_wconf 81' lang='lat' dir='ltr'>Pattavicnsi</span> 
     </span>
     <span class='ocr_line' id='line_1_42' title="bbox 214 1925 565 1957; baseline -0.006 0"><span class='ocrx_word' id='word_1_383' title='bbox 214 1927 350 1957; x_wconf 78' lang='lat' dir='ltr'>ecclesie</span> <span class='ocrx_word' id='word_1_384' title='bbox 375 1925 565 1956; x_wconf 84' lang='lat' dir='ltr'>remanebit.</span> 
     </span>
    </p>
   </div>
   <div class='ocr_carea' id='block_1_11' title="bbox 213 1985 1864 2641">
    <p class='ocr_par' dir='ltr' id='par_1_11' title="bbox 213 1985 1864 2641">
     <span class='ocr_line' id='line_1_43' title="bbox 323 1985 1863 2026; baseline -0.001 -11"><span class='ocrx_word' id='word_1_385' title='bbox 323 1987 367 2025; x_wconf 73' lang='lat'>(6)</span> <span class='ocrx_word' id='word_1_386' title='bbox 385 1985 519 2015; x_wconf 86' lang='lat' dir='ltr'>Exnunc</span> <span class='ocrx_word' id='word_1_387' title='bbox 536 1989 643 2015; x_wconf 84' lang='lat' dir='ltr'>autem</span> <span class='ocrx_word' id='word_1_388' title='bbox 663 1985 809 2015; x_wconf 86' lang='lat' dir='ltr'>dedimus</span> <span class='ocrx_word' id='word_1_389' title='bbox 827 1989 858 2015; x_wconf 90' lang='lat' dir='ltr'>et</span> <span class='ocrx_word' id='word_1_390' title='bbox 876 1986 1090 2016; x_wconf 89' lang='lat' dir='ltr'>concessimus</span> <span class='ocrx_word' id='word_1_391' title='bbox 1105 1985 1310 2016; x_wconf 72' lang='lat' dir='ltr'>officialibusf</span> <span class='ocrx_word' id='word_1_392' title='bbox 1326 1986 1461 2026; x_wconf 87' lang='lat' dir='ltr'>predicti</span> <span class='ocrx_word' id='word_1_393' title='bbox 1479 1987 1632 2026; x_wconf 75' lang='lat' dir='ltr'>episcopi,</span> <span class='ocrx_word' id='word_1_394' title='bbox 1651 1997 1729 2026; x_wconf 85' lang='lat' dir='ltr'>quos</span> <span class='ocrx_word' id='word_1_395' title='bbox 1747 1986 1787 2015; x_wconf 88' lang='lat' dir='ltr'>ad</span> <span class='ocrx_word' id='word_1_396' title='bbox 1805 1986 1863 2015; x_wconf 81' lang='lat' dir='ltr'>hoc</span> 
     </span>
     <span class='ocr_line' id='line_1_44' title="bbox 214 2037 1863 2078; baseline -0.001 -10"><span class='ocrx_word' id='word_1_397' title='bbox 214 2048 345 2078; x_wconf 89' lang='lat' dir='ltr'>presens</span> <span class='ocrx_word' id='word_1_398' title='bbox 370 2037 420 2067; x_wconf 83' lang='lat' dir='ltr'>vel</span> <span class='ocrx_word' id='word_1_399' title='bbox 444 2037 541 2067; x_wconf 82' lang='lat' dir='ltr'>futuri</span> <span class='ocrx_word' id='word_1_400' title='bbox 566 2037 708 2077; x_wconf 79' lang='lat' dir='ltr'>episcopi</span> <span class='ocrx_word' id='word_1_401' title='bbox 732 2037 956 2067; x_wconf 88' lang='lat' dir='ltr'>Pattavienses</span> <span class='ocrx_word' id='word_1_402' title='bbox 981 2037 1130 2067; x_wconf 84' lang='lat' dir='ltr'>duxerint</span> <span class='ocrx_word' id='word_1_403' title='bbox 1156 2037 1363 2071; x_wconf 73' lang='lat' dir='ltr'>ordinandos,</span> <span class='ocrx_word' id='word_1_404' title='bbox 1389 2038 1516 2077; x_wconf 81' lang='lat' dir='ltr'>plenam</span> <span class='ocrx_word' id='word_1_405' title='bbox 1541 2041 1573 2067; x_wconf 86' lang='lat' dir='ltr'>ct</span> <span class='ocrx_word' id='word_1_406' title='bbox 1596 2037 1729 2067; x_wconf 82' lang='lat' dir='ltr'>liberam</span> <span class='ocrx_word' id='word_1_407' title='bbox 1756 2043 1863 2077; x_wconf 84' lang='lat' dir='ltr'>potcs—</span> 
     </span>
     <span class='ocr_line' id='line_1_45' title="bbox 213 2088 1864 2129; baseline -0.002 -9"><span class='ocrx_word' id='word_1_408' title='bbox 213 2092 313 2120; x_wconf 88' lang='lat' dir='ltr'>tatem</span> <span class='ocrx_word' id='word_1_409' title='bbox 338 2088 500 2119; x_wconf 90' lang='lat' dir='ltr'>iudicandi</span> <span class='ocrx_word' id='word_1_410' title='bbox 524 2088 563 2118; x_wconf 89' lang='lat' dir='ltr'>de</span> <span class='ocrx_word' id='word_1_411' title='bbox 589 2089 718 2118; x_wconf 88' lang='lat' dir='ltr'>crimine</span> <span class='ocrx_word' id='word_1_412' title='bbox 744 2092 776 2118; x_wconf 88' lang='lat' dir='ltr'>et</span> <span class='ocrx_word' id='word_1_413' title='bbox 800 2088 950 2118; x_wconf 89' lang='lat' dir='ltr'>iudicium</span> <span class='ocrx_word' id='word_1_414' title='bbox 975 2089 1136 2129; x_wconf 82' lang='lat' dir='ltr'>sanguinis</span> <span class='ocrx_word' id='word_1_415' title='bbox 1163 2089 1335 2119; x_wconf 90' lang='lat' dir='ltr'>exercendi</span> <span class='ocrx_word' id='word_1_416' title='bbox 1360 2099 1396 2118; x_wconf 86' lang='lat' dir='ltr'>ac</span> <span class='ocrx_word' id='word_1_417' title='bbox 1421 2089 1452 2118; x_wconf 90' lang='lat' dir='ltr'>in</span> <span class='ocrx_word' id='word_1_418' title='bbox 1478 2088 1576 2118; x_wconf 84' lang='lat' dir='ltr'>tribus</span> <span class='ocrx_word' id='word_1_419' title='bbox 1601 2089 1688 2127; x_wconf 84' lang='lat' dir='ltr'>locis,</span> <span class='ocrx_word' id='word_1_420' title='bbox 1715 2088 1864 2118; x_wconf 80' lang='lat' dir='ltr'>videlicet</span> 
     </span>
     <span class='ocr_line' id='line_1_46' title="bbox 214 2139 1863 2180; baseline -0.001 -10"><span class='ocrx_word' id='word_1_421' title='bbox 214 2141 245 2171; x_wconf 90' lang='lat' dir='ltr'>in</span> <span class='ocrx_word' id='word_1_422' title='bbox 271 2141 386 2170; x_wconf 83' lang='lat' dir='ltr'>Sancto</span> <span class='ocrx_word' id='word_1_423' title='bbox 411 2139 553 2180; x_wconf 87' lang='lat' dir='ltr'>Ypolito,</span> <span class='ocrx_word' id='word_1_424' title='bbox 579 2140 726 2170; x_wconf 86' lang='lat' dir='ltr'>Mantarn</span> <span class='ocrx_word' id='word_1_425' title='bbox 751 2144 782 2170; x_wconf 87' lang='lat' dir='ltr'>et</span> <span class='ocrx_word' id='word_1_426' title='bbox 807 2140 985 2170; x_wconf 79' lang='lat' dir='ltr'>Zaizeimur</span> <span class='ocrx_word' id='word_1_427' title='bbox 1010 2140 1115 2171; x_wconf 85' lang='lat' dir='ltr'>furcas</span> <span class='ocrx_word' id='word_1_428' title='bbox 1140 2151 1197 2170; x_wconf 90' lang='lat' dir='ltr'>seu</span> <span class='ocrx_word' id='word_1_429' title='bbox 1222 2140 1374 2180; x_wconf 79' lang='lat' dir='ltr'>patibula,</span> <span class='ocrx_word' id='word_1_430' title='bbox 1401 2144 1528 2170; x_wconf 87' lang='lat' dir='ltr'>truncos</span> <span class='ocrx_word' id='word_1_431' title='bbox 1553 2145 1584 2170; x_wconf 90' lang='lat' dir='ltr'>et</span> <span class='ocrx_word' id='word_1_432' title='bbox 1609 2144 1765 2170; x_wconf 80' lang='lat' dir='ltr'>tormenta</span> <span class='ocrx_word' id='word_1_433' title='bbox 1791 2140 1863 2172; x_wconf 74' lang='lat' dir='ltr'>alia,</span> 
     </span>
     <span class='ocr_line' id='line_1_47' title="bbox 214 2191 1863 2232; baseline -0.001 -11"><span class='ocrx_word' id='word_1_434' title='bbox 214 2191 328 2232; x_wconf 85' lang='lat' dir='ltr'>quibus</span> <span class='ocrx_word' id='word_1_435' title='bbox 346 2201 473 2221; x_wconf 88' lang='lat' dir='ltr'>reorum</span> <span class='ocrx_word' id='word_1_436' title='bbox 490 2192 622 2221; x_wconf 87' lang='lat' dir='ltr'>crimina</span> <span class='ocrx_word' id='word_1_437' title='bbox 639 2192 820 2232; x_wconf 87' lang='lat' dir='ltr'>puniuntur,</span> <span class='ocrx_word' id='word_1_438' title='bbox 845 2191 972 2232; x_wconf 89' lang='lat' dir='ltr'>publice</span> <span class='ocrx_word' id='word_1_439' title='bbox 992 2192 1146 2232; x_wconf 83' lang='lat' dir='ltr'>erigendi,</span> <span class='ocrx_word' id='word_1_440' title='bbox 1172 2202 1323 2222; x_wconf 85' lang='lat' dir='ltr'>concesso</span> <span class='ocrx_word' id='word_1_441' title='bbox 1348 2193 1424 2232; x_wconf 87' lang='lat' dir='ltr'>ipsis</span> <span class='ocrx_word' id='word_1_442' title='bbox 1449 2203 1486 2222; x_wconf 86' lang='lat' dir='ltr'>eo</span> <span class='ocrx_word' id='word_1_443' title='bbox 1510 2192 1588 2229; x_wconf 78' lang='lat' dir='ltr'>iure,</span> <span class='ocrx_word' id='word_1_444' title='bbox 1615 2191 1699 2232; x_wconf 89' lang='lat' dir='ltr'>quod</span> <span class='ocrx_word' id='word_1_445' title='bbox 1725 2191 1863 2221; x_wconf 89' lang='lat' dir='ltr'>bannum</span> 
     </span>
     <span class='ocr_line' id='line_1_48' title="bbox 215 2241 1863 2283; baseline -0.001 -11"><span class='ocrx_word' id='word_1_446' title='bbox 215 2243 389 2283; x_wconf 81' lang='lat' dir='ltr'>vulgariter</span> <span class='ocrx_word' id='word_1_447' title='bbox 412 2242 602 2283; x_wconf 86' lang='lat' dir='ltr'>appellatur.</span> <span class='ocrx_word' id='word_1_448' title='bbox 693 2245 738 2282; x_wconf 69' lang='lat'>(7)</span> <span class='ocrx_word' id='word_1_449' title='bbox 764 2242 949 2273; x_wconf 88' lang='lat' dir='ltr'>Feudorum</span> <span class='ocrx_word' id='word_1_450' title='bbox 977 2247 1084 2273; x_wconf 84' lang='lat' dir='ltr'>tamen</span> <span class='ocrx_word' id='word_1_451' title='bbox 1114 2243 1264 2283; x_wconf 86' lang='lat' dir='ltr'>predictis</span> <span class='ocrx_word' id='word_1_452' title='bbox 1293 2244 1407 2273; x_wconf 88' lang='lat' dir='ltr'>nostris</span> <span class='ocrx_word' id='word_1_453' title='bbox 1436 2243 1507 2273; x_wconf 86' lang='lat' dir='ltr'>filiis</span> <span class='ocrx_word' id='word_1_454' title='bbox 1532 2253 1753 2273; x_wconf 85' lang='lat' dir='ltr'>concessorum</span> <span class='ocrx_word' id='word_1_455' title='bbox 1780 2241 1863 2271; x_wconf 89' lang='lat' dir='ltr'>ordi-</span> 
     </span>
     <span class='ocr_line' id='line_1_49' title="bbox 214 2294 1862 2335; baseline -0.002 -11"><span class='ocrx_word' id='word_1_456' title='bbox 214 2294 301 2324; x_wconf 87' lang='lat' dir='ltr'>natio</span> <span class='ocrx_word' id='word_1_457' title='bbox 339 2298 369 2323; x_wconf 87' lang='lat' dir='ltr'>et</span> <span class='ocrx_word' id='word_1_458' title='bbox 400 2295 598 2324; x_wconf 85' lang='lat' dir='ltr'>conservatio</span> <span class='ocrx_word' id='word_1_459' title='bbox 634 2295 664 2324; x_wconf 94' lang='lat' dir='ltr'>in</span> <span class='ocrx_word' id='word_1_460' title='bbox 705 2295 820 2324; x_wconf 83' lang='lat' dir='ltr'>nostris</span> <span class='ocrx_word' id='word_1_461' title='bbox 854 2294 998 2325; x_wconf 86' lang='lat' dir='ltr'>manibus</span> <span class='ocrx_word' id='word_1_462' title='bbox 1027 2294 1206 2324; x_wconf 83' lang='lat' dir='ltr'>remanebit</span> <span class='ocrx_word' id='word_1_463' title='bbox 1240 2298 1361 2324; x_wconf 86' lang='lat' dir='ltr'>tantum</span> <span class='ocrx_word' id='word_1_464' title='bbox 1391 2305 1447 2335; x_wconf 91' lang='lat' dir='ltr'>pro</span> <span class='ocrx_word' id='word_1_465' title='bbox 1478 2298 1622 2334; x_wconf 89' lang='lat' dir='ltr'>tempore</span> <span class='ocrx_word' id='word_1_466' title='bbox 1653 2294 1716 2323; x_wconf 81' lang='lat' dir='ltr'>vite</span> <span class='ocrx_word' id='word_1_467' title='bbox 1748 2297 1862 2322; x_wconf 85' lang='lat' dir='ltr'>nostre.</span> 
     </span>
     <span class='ocr_line' id='line_1_50' title="bbox 215 2344 1862 2386; baseline -0.001 -11"><span class='ocrx_word' id='word_1_468' title='bbox 215 2345 309 2380; x_wconf 80' lang='lat' dir='ltr'>Quod</span> <span class='ocrx_word' id='word_1_469' title='bbox 334 2346 359 2375; x_wconf 86' lang='lat' dir='ltr'>si</span> <span class='ocrx_word' id='word_1_470' title='bbox 382 2345 437 2375; x_wconf 90' lang='lat' dir='ltr'>filii</span> <span class='ocrx_word' id='word_1_471' title='bbox 461 2346 560 2376; x_wconf 87' lang='lat' dir='ltr'>nostri</span> <span class='ocrx_word' id='word_1_472' title='bbox 577 2345 772 2376; x_wconf 87' lang='lat' dir='ltr'>decederent</span> <span class='ocrx_word' id='word_1_473' title='bbox 795 2346 861 2376; x_wconf 85' lang='lat' dir='ltr'>sine</span> <span class='ocrx_word' id='word_1_474' title='bbox 886 2346 1059 2376; x_wconf 82' lang='lat' dir='ltr'>heredibus</span> <span class='ocrx_word' id='word_1_475' title='bbox 1079 2346 1235 2382; x_wconf 85' lang='lat' dir='ltr'>masculis,</span> <span class='ocrx_word' id='word_1_476' title='bbox 1261 2346 1345 2376; x_wconf 88' lang='lat' dir='ltr'>dieta</span> <span class='ocrx_word' id='word_1_477' title='bbox 1371 2346 1467 2376; x_wconf 92' lang='lat' dir='ltr'>feuda</span> <span class='ocrx_word' id='word_1_478' title='bbox 1491 2345 1532 2375; x_wconf 92' lang='lat' dir='ltr'>ad</span> <span class='ocrx_word' id='word_1_479' title='bbox 1556 2345 1735 2386; x_wconf 82' lang='lat' dir='ltr'>predictum</span> <span class='ocrx_word' id='word_1_480' title='bbox 1753 2344 1862 2374; x_wconf 84' lang='lat' dir='ltr'>Patta-</span> 
     </span>
     <span class='ocr_line' id='line_1_51' title="bbox 214 2395 1862 2437; baseline -0.001 -11"><span class='ocrx_word' id='word_1_481' title='bbox 214 2397 356 2427; x_wconf 88' lang='lat' dir='ltr'>viensem</span> <span class='ocrx_word' id='word_1_482' title='bbox 373 2397 560 2437; x_wconf 88' lang='lat' dir='ltr'>episcopum</span> <span class='ocrx_word' id='word_1_483' title='bbox 578 2400 609 2427; x_wconf 88' lang='lat' dir='ltr'>et</span> <span class='ocrx_word' id='word_1_484' title='bbox 626 2408 714 2427; x_wconf 88' lang='lat' dir='ltr'>suam</span> <span class='ocrx_word' id='word_1_485' title='bbox 733 2397 903 2427; x_wconf 87' lang='lat' dir='ltr'>ecelesiam</span> <span class='ocrx_word' id='word_1_486' title='bbox 917 2400 1125 2427; x_wconf 86' lang='lat' dir='ltr'>revertentur.</span> <span class='ocrx_word' id='word_1_487' title='bbox 1166 2396 1316 2427; x_wconf 82' lang='lat' dir='ltr'>Ceterum</span> <span class='ocrx_word' id='word_1_488' title='bbox 1334 2398 1359 2427; x_wconf 90' lang='lat' dir='ltr'>si</span> <span class='ocrx_word' id='word_1_489' title='bbox 1377 2408 1439 2437; x_wconf 88' lang='lat' dir='ltr'>qua</span> <span class='ocrx_word' id='word_1_490' title='bbox 1453 2397 1549 2427; x_wconf 87' lang='lat' dir='ltr'>feuda</span> <span class='ocrx_word' id='word_1_491' title='bbox 1566 2397 1709 2437; x_wconf 85' lang='lat' dir='ltr'>predicte</span> <span class='ocrx_word' id='word_1_492' title='bbox 1729 2395 1862 2425; x_wconf 81' lang='lat' dir='ltr'>ecclesie</span> 
     </span>
     <span class='ocr_line' id='line_1_52' title="bbox 214 2446 1862 2488; baseline -0.002 -11"><span class='ocrx_word' id='word_1_493' title='bbox 214 2447 294 2477; x_wconf 83' lang='lat' dir='ltr'>alias</span> <span class='ocrx_word' id='word_1_494' title='bbox 324 2458 419 2488; x_wconf 87' lang='lat' dir='ltr'>quam</span> <span class='ocrx_word' id='word_1_495' title='bbox 448 2458 505 2488; x_wconf 88' lang='lat' dir='ltr'>per</span> <span class='ocrx_word' id='word_1_496' title='bbox 538 2452 672 2478; x_wconf 86' lang='lat' dir='ltr'>mortem</span> <span class='ocrx_word' id='word_1_497' title='bbox 698 2448 855 2478; x_wconf 89' lang='lat' dir='ltr'>dictorum</span> <span class='ocrx_word' id='word_1_498' title='bbox 883 2449 1061 2488; x_wconf 90' lang='lat' dir='ltr'>principum</span> <span class='ocrx_word' id='word_1_499' title='bbox 1086 2458 1199 2478; x_wconf 85' lang='lat' dir='ltr'>vacare</span> <span class='ocrx_word' id='word_1_500' title='bbox 1229 2453 1382 2488; x_wconf 85' lang='lat' dir='ltr'>ceperunt</span> <span class='ocrx_word' id='word_1_501' title='bbox 1407 2448 1457 2478; x_wconf 89' lang='lat' dir='ltr'>vel</span> <span class='ocrx_word' id='word_1_502' title='bbox 1481 2449 1633 2487; x_wconf 87' lang='lat' dir='ltr'>incipient</span> <span class='ocrx_word' id='word_1_503' title='bbox 1657 2447 1687 2476; x_wconf 91' lang='lat' dir='ltr'>in</span> <span class='ocrx_word' id='word_1_504' title='bbox 1712 2446 1862 2478; x_wconf 81' lang='lat' dir='ltr'>futurum,</span> 
     </span>
     <span class='ocr_line' id='line_1_53' title="bbox 217 2497 1862 2539; baseline -0.002 -11"><span class='ocrx_word' id='word_1_505' title='bbox 217 2498 256 2528; x_wconf 89' lang='lat' dir='ltr'>de</span> <span class='ocrx_word' id='word_1_506' title='bbox 289 2499 350 2529; x_wconf 91' lang='lat' dir='ltr'>illis</span> <span class='ocrx_word' id='word_1_507' title='bbox 380 2499 481 2529; x_wconf 90' lang='lat' dir='ltr'>dictus</span> <span class='ocrx_word' id='word_1_508' title='bbox 518 2499 686 2539; x_wconf 88' lang='lat' dir='ltr'>episcopus</span> <span class='ocrx_word' id='word_1_509' title='bbox 721 2499 771 2529; x_wconf 87' lang='lat' dir='ltr'>vel</span> <span class='ocrx_word' id='word_1_510' title='bbox 803 2510 1003 2529; x_wconf 88' lang='lat' dir='ltr'>successores</span> <span class='ocrx_word' id='word_1_511' title='bbox 1039 2500 1137 2539; x_wconf 90' lang='lat' dir='ltr'>ipsius</span> <span class='ocrx_word' id='word_1_512' title='bbox 1168 2499 1338 2529; x_wconf 82' lang='lat' dir='ltr'>utilitatem</span> <span class='ocrx_word' id='word_1_513' title='bbox 1377 2504 1409 2529; x_wconf 87' lang='lat' dir='ltr'>ct</span> <span class='ocrx_word' id='word_1_514' title='bbox 1437 2499 1605 2529; x_wconf 86' lang='lat' dir='ltr'>comodum</span> <span class='ocrx_word' id='word_1_515' title='bbox 1640 2509 1695 2527; x_wconf 81' lang='lat' dir='ltr'>sue</span> <span class='ocrx_word' id='word_1_516' title='bbox 1728 2497 1862 2526; x_wconf 73' lang='lat' dir='ltr'>ecclesie</span> 
     </span>
     <span class='ocr_line' id='line_1_54' title="bbox 217 2548 1863 2591; baseline -0.002 -12"><span class='ocrx_word' id='word_1_517' title='bbox 217 2550 386 2580; x_wconf 84' lang='lat' dir='ltr'>ordinabit.</span> <span class='ocrx_word' id='word_1_518' title='bbox 435 2550 483 2580; x_wconf 92' lang='lat' dir='ltr'>Ad</span> <span class='ocrx_word' id='word_1_519' title='bbox 510 2550 595 2590; x_wconf 90' lang='lat' dir='ltr'>quod</span> <span class='ocrx_word' id='word_1_520' title='bbox 619 2551 740 2580; x_wconf 87' lang='lat' dir='ltr'>utiliter</span> <span class='ocrx_word' id='word_1_521' title='bbox 757 2550 982 2591; x_wconf 83' lang='lat' dir='ltr'>exequendum</span> <span class='ocrx_word' id='word_1_522' title='bbox 1007 2550 1076 2591; x_wconf 63' lang='lat' dir='ltr'>[nos</span> <span class='ocrx_word' id='word_1_523' title='bbox 1102 2556 1133 2581; x_wconf 87' lang='lat' dir='ltr'>et</span> <span class='ocrx_word' id='word_1_524' title='bbox 1156 2555 1280 2580; x_wconf 72' lang='lat' dir='ltr'>nostros</span> <span class='ocrx_word' id='word_1_525' title='bbox 1302 2550 1419 2580; x_wconf 85' lang='lat' dir='ltr'>liberos</span> <span class='ocrx_word' id='word_1_526' title='bbox 1444 2549 1638 2590; x_wconf 58' lang='lat' dir='ltr'>adiutloresb&#39;</span> <span class='ocrx_word' id='word_1_527' title='bbox 1664 2548 1796 2578; x_wconf 64' lang='lat' dir='ltr'>habebit</span> <span class='ocrx_word' id='word_1_528' title='bbox 1832 2552 1863 2576; x_wconf 80' lang='lat' dir='ltr'>et</span> 
     </span>
     <span class='ocr_line' id='line_1_55' title="bbox 216 2602 571 2641; baseline 0 -10"><span class='ocrx_word' id='word_1_529' title='bbox 216 2602 338 2631; x_wconf 84' lang='lat' dir='ltr'>senciet</span> <span class='ocrx_word' id='word_1_530' title='bbox 362 2605 571 2641; x_wconf 88' lang='lat' dir='ltr'>promotores.</span> 
     </span>
    </p>
   </div>
   <div class='ocr_carea' id='block_1_12' title="bbox 217 2660 1862 2753">
    <p class='ocr_par' dir='ltr' id='par_1_12' title="bbox 217 2660 1862 2753">
     <span class='ocr_line' id='line_1_56' title="bbox 324 2660 1861 2702; baseline -0.002 -11"><span class='ocrx_word' id='word_1_531' title='bbox 324 2661 437 2691; x_wconf 87' lang='lat' dir='ltr'>Testes</span> <span class='ocrx_word' id='word_1_532' title='bbox 463 2662 617 2701; x_wconf 86' lang='lat' dir='ltr'>presentis</span> <span class='ocrx_word' id='word_1_533' title='bbox 642 2662 849 2692; x_wconf 81' lang='lat' dir='ltr'>ordinationis</span> <span class='ocrx_word' id='word_1_534' title='bbox 874 2666 960 2692; x_wconf 89' lang='lat' dir='ltr'>sunt:</span> <span class='ocrx_word' id='word_1_535' title='bbox 986 2662 1186 2693; x_wconf 76' lang='lat' dir='ltr'>venerabiles</span> <span class='ocrx_word' id='word_1_536' title='bbox 1211 2663 1370 2702; x_wconf 80' lang='lat' dir='ltr'>principes</span> <span class='ocrx_word' id='word_1_537' title='bbox 1397 2663 1493 2691; x_wconf 78' lang='lat' dir='ltr'>nostri</span> <span class='ocrx_word' id='word_1_538' title='bbox 1518 2660 1711 2690; x_wconf 72' lang='lat' dir='ltr'>Bcrtholdus</span> <span class='ocrx_word' id='word_1_539' title='bbox 1739 2660 1861 2689; x_wconf 74' lang='lat' dir='ltr'>Baben-</span> 
     </span>
     <span class='ocr_line' id='line_1_57' title="bbox 217 2710 1862 2753; baseline -0.002 -11"><span class='ocrx_word' id='word_1_540' title='bbox 217 2712 392 2752; x_wconf 76' lang='lat' dir='ltr'>bergeusis,</span> <span class='ocrx_word' id='word_1_541' title='bbox 408 2713 566 2743; x_wconf 88' lang='lat' dir='ltr'>Iohannes</span> <span class='ocrx_word' id='word_1_542' title='bbox 580 2713 758 2743; x_wconf 77' lang='lat' dir='ltr'>Chimensis</span> <span class='ocrx_word' id='word_1_543' title='bbox 773 2713 1032 2743; x_wconf 68' lang='lat' dir='ltr'>etWffl-nhardus</span> <span class='ocrx_word' id='word_1_544' title='bbox 1047 2714 1264 2744; x_wconf 78' lang='lat' dir='ltr'>Seccoviensis</span> <span class='ocrx_word' id='word_1_545' title='bbox 1279 2714 1486 2743; x_wconf 79' lang='lat' dir='ltr'>ec‹‡·lesiar11ni</span> <span class='ocrx_word' id='word_1_546' title='bbox 1501 2713 1652 2752; x_wconf 73' lang='lat' dir='ltr'>episcopi,</span> <span class='ocrx_word' id='word_1_547' title='bbox 1670 2710 1862 2753; x_wconf 39' lang='lat' dir='ltr'>[Alina-tuse</span> 
     </span>
    </p>
   </div>
   <div class='ocr_carea' id='block_1_13' title="bbox 320 2811 1610 2846">
    <p class='ocr_par' dir='ltr' id='par_1_13' title="bbox 320 2811 1610 2846">
     <span class='ocr_line' id='line_1_58' title="bbox 320 2811 1610 2846; baseline 0.001 -8"><span class='ocrx_word' id='word_1_548' title='bbox 320 2814 384 2840; x_wconf 68' lang='lat'><strong>(551.</strong></span> <span class='ocrx_word' id='word_1_549' title='bbox 405 2817 426 2846; x_wconf 74' lang='lat' dir='ltr'>e)</span> <span class='ocrx_word' id='word_1_550' title='bbox 447 2811 581 2839; x_wconf 70' lang='lat' dir='ltr'>Zaizemt‘n·</span> <span class='ocrx_word' id='word_1_551' title='bbox 603 2816 629 2839; x_wconf 74' lang='grc' dir='ltr'>Ιῖ.</span> <span class='ocrx_word' id='word_1_552' title='bbox 719 2814 737 2846; x_wconf 74' lang='lat' dir='ltr'>f)</span> <span class='ocrx_word' id='word_1_553' title='bbox 758 2815 908 2845; x_wconf 61' lang='lat' dir='ltr'>ofticialiabss</span> <span class='ocrx_word' id='word_1_554' title='bbox 929 2816 959 2839; x_wconf 69' lang='grc' dir='ltr'>Α.</span> <span class='ocrx_word' id='word_1_555' title='bbox 1049 2820 1072 2841; x_wconf 60' lang='lat' dir='ltr'>g&gt;</span> <span class='ocrx_word' id='word_1_556' title='bbox 1093 2817 1164 2840; x_wconf 70' lang='lat' dir='ltr'>uncis</span> <span class='ocrx_word' id='word_1_557' title='bbox 1184 2816 1280 2839; x_wconf 57' lang='lat' dir='ltr'>inclusa</span> <span class='ocrx_word' id='word_1_558' title='bbox 1301 2816 1351 2838; x_wconf 70' lang='lat' dir='ltr'>[unz</span> <span class='ocrx_word' id='word_1_559' title='bbox 1372 2815 1482 2838; x_wconf 46' lang='lat' dir='ltr'>abst-[ssa</span> <span class='ocrx_word' id='word_1_560' title='bbox 1502 2820 1558 2838; x_wconf 74' lang='lat' dir='ltr'>sunt</span> <span class='ocrx_word' id='word_1_561' title='bbox 1580 2816 1610 2839; x_wconf 56' lang='grc'><strong>11.</strong></span> 
     </span>
    </p>
   </div>
   <div class='ocr_carea' id='block_1_14' title="bbox 321 2865 1658 2890">
    <p class='ocr_par' dir='ltr' id='par_1_14' title="bbox 321 2865 1658 2890">
     <span class='ocr_line' id='line_1_59' title="bbox 321 2865 1658 2890; baseline -0.001 0"><span class='ocrx_word' id='word_1_562' title='bbox 321 2873 356 2890; x_wconf 77' lang='lat' dir='ltr'>LL.</span> <span class='ocrx_word' id='word_1_563' title='bbox 377 2873 586 2890; x_wconf 67' lang='lat' dir='ltr'>CONSTiTUTioNEs</span> <span class='ocrx_word' id='word_1_564' title='bbox 606 2874 637 2889; x_wconf 81' lang='grc' dir='ltr'>ιιι.</span> <span class='ocrx_word' id='word_1_565' title='bbox 849 2867 851 2872; x_wconf 75' lang='grc'>’</span> <span class='ocrx_word' id='word_1_566' title='bbox 1606 2865 1658 2889; x_wconf 64' lang='lat'>511²</span> 
     </span>
    </p>
   </div>
  </div>
 </body>
</html>
