2259 3116
397 126 436 157 70

400 212 541 243 edictum
567 220 627 251 que
653 212 727 239 sunt
748 208 868 239 cesaris
886 207 989 239 cesari
1006 206 1192 248 persolvan-

396 267 485 301 tur-¹¹,
511 261 679 303 recipienti
707 260 779 302 plus
812 258 970 290 commodi
1001 261 1033 289 et
1060 257 1192 288 honoris

397 314 589 356 acquiritur,
629 323 724 354 quam
762 311 901 342 solventi
939 309 1121 341 vexationis
1161 312 1193 339 et

399 366 506 397 oneris
531 367 735 406 aggregetur.
773 363 823 394 Ea
846 372 962 403 nempe
985 364 1059 392 sunt
1075 360 1191 398 omnia,

400 418 426 448 si
454 417 494 447 ad
518 427 630 447 verum
662 415 873 453 recurrimus,
904 412 1106 444 subditorum
1136 422 1190 442 vo-

399 470 464 499 tiva
499 468 659 499 levamina
701 477 763 508 que
802 469 876 497 sunt
915 465 993 496 hecv
1027 463 1193 495 molimina

397 520 609 562 principatus.
647 519 685 550 In
710 519 771 549 hoc
789 518 873 549 enim
894 516 1000 558 'gloria
1023 515 1110 556 regis
1135 525 1192 545 ex-

399 572 537 611 tollitur,
568 571 595 602 si
619 571 651 601 in
676 570 764 612 pacis
788 567 1013 610 plenitudinew
1037 566 1193 608 populum

400 623 520 665 dirigat
545 627 577 654 et
593 623 624 653 in
642 621 769 653 iusticie
786 621 896 662 vigore
915 621 1095 651 conservet.
1130 617 1193 648 Le-

398 676 503 717 gimus
529 679 640 712 vel'ox,
667 683 761 715 quam
786 673 895 714 plures
920 681 977 713 pro
1001 670 1111 711 quiete
1135 679 1194 710 pu-

397 728 506 758 blicax
535 726 726 768 populorum
757 724 884 756 eximiis
914 734 948 754 se
979 721 1195 753 immiscuisse

398 778 566 810 laboribus
596 780 628 809 et
656 774 929 807 intollerabilibus
954 772 1195 815 gravaminibus

400 830 593 862 subdidisse.
632 828 674 859 Et
697 828 772 859 licet
796 830 860 858 tam
878 825 1051 868 periculosi
1076 824 1196 855 sollici-

401 881 478 913 tudo
504 881 634 922 negocii
652 879 800 910 omnibus
818 882 903 910 terre
921 876 1120 919 principibus
1138 875 1194 906 de-

398 934 530 972 beatur,
560 932 700 964 Romani
724 934 832 962 tamen
858 929 986 971 imperii
1009 927 1196 959 veneranda

399 985 599 1022 sublimitas,
633 994 694 1025 que
726 984 757 1014 in
790 982 931 1013 omnium
955 980 1195 1023 presidencium

400 1037 521 1068 oculisx
546 1036 634 1067 velut
663 1036 693 1066 in
724 1035 856 1076 speculo
882 1033 1076 1071 collocatur,
1108 1034 1197 1062 tanto

400 1088 583 1119 fervencius
606 1087 704 1118 zelari
722 1097 846 1128 pacem,
872 1088 960 1116 tanto
979 1084 1104 1115 avidius
1123 1083 1197 1114 sub-

400 1139 539 1170 ditorum
569 1139 697 1169 iusticie
730 1137 829 1169 debet
858 1136 1043 1175 intendere,
1078 1138 1197 1177 quanto

401 1191 549 1221 clarioriy
573 1190 724 1232 presagio
749 1192 781 1220 et
805 1188 1001 1220 evidenciori
1023 1186 1197 1230 perpendi-

401 1246 451 1273 tur
477 1242 677 1281 coniectura,
710 1241 795 1283 qnod
819 1241 921 1271 tocius
946 1240 1032 1271 orbis
1057 1239 1198 1270 ambitus

402 1293 639 1335 quodammodo
664 1293 777 1334 spiritu
802 1294 974 1333 vegetatur
996 1291 1138 1333 imperii,
1163 1294 1198 1321 ut

402 1356 440 1377 co
458 1346 634 1387 languente
652 1345 806 1385 langueat
822 1344 957 1385 ipsoque
975 1343 1100 1374 felicius
1124 1353 1196 1384 pro—

404 1400 556 1439 sperante
581 1397 718 1434 letetur,
748 1406 819 1426 cum
844 1405 908 1425 non
933 1394 1035 1425 solum
1060 1395 1091 1425 in
1115 1398 1197 1425 tcm-

403 1449 569 1491 poralibus
600 1448 754 1479 tenebras
790 1447 901 1489 populi
937 1445 1104 1477 christiani
1132 1446 1197 1477 Ro-

402 1501 489 1531 mani
522 1500 641 1541 sceptri
666 1499 772 1540 fulgor
796 1499 966 1538 illuminet,
998 1501 1047 1529 set
1077 1501 1109 1529 et
1138 1498 1199 1540 ipsi

404 1552 562 1583 catholice
597 1551 670 1582 fidei
701 1551 891 1582 fulcimenta
920 1560 982 1580 non
1012 1550 1097 1580 levia
1121 1549 1198 1580 sub-

403 1603 574 1635 ministret.

470 1654 517 1695 (4)
545 1655 645 1685 Porro
671 1653 792 1685 sedatis
818 1653 858 1684 ad
883 1664 1018 1695 presens
1043 1653 1075 1683 in
1100 1663 1198 1694 regno

404 1706 578 1737 Germanie
612 1706 730 1737 bellice
767 1705 969 1747 tempestatis
1005 1704 1200 1741 horroribus,

405 1758 523 1799 quibus
548 1757 630 1788 idem
649 1768 782 1797 regnum
808 1758 871 1787 iam
889 1757 1014 1798 pridem
1039 1757 1146 1787 extitit
1169 1757 1200 1786 in

404 1810 591 1840 calamitate
610 1809 733 1840 diutina
754 1808 950 1846 tribulatum,
976 1819 1051 1839 eece
1069 1819 1201 1839 conver-

369 1899 372 1903 Ι
405 1862 501 1892 timur
532 1860 572 1891 ad
602 1861 715 1891 ltalicc
748 1860 920 1890 simultatis
953 1860 1107 1891 solvenda
1137 1860 1200 1890 dis-

405 1913 538 1943 crimina
563 1916 594 1942 et
619 1913 686 1942 eius
712 1915 843 1952 rupture
871 1902 1063 1950 domestice,
1094 1912 1200 1953 reipu-

405 1965 490 1994 blice
516 1964 715 2001 turbatricis,
742 1962 920 2005 zizaniahn]
947 1965 1075 2005 penitus
1100 1963 1200 1994 extir-

405 2014 576 2057 pandabnj,
602 2018 636 2045 ut
660 2014 758 2055 gladii
784 2015 981 2045 conflenturz
1006 2015 1036 2045 in
1056 2025 1202 2045 vomeres

406 2071 437 2097 et
456 2068 485 2097 in
504 2067 604 2097 falces
625 2066 737 2097 lancee
755 2066 1014 2104 convertantur1,
1032 2066 1202 2107 tranquille

407 2118 523 2159 quictis
549 2118 725 2149 amenitate
751 2117 790 2148 de
816 2121 923 2148 cetero
948 2118 1131 2148 reflorente.

470 2220 519 2261 (5)
545 2221 628 2251 Ilinc
647 2223 695 2251 cst
713 2220 796 2261 quod
818 2221 1058 2251 ainbassatores
1076 2223 1202 2251 nostros

408 2273 521 2313 t(ales)
541 2272 770 2313 exhibit(orcs)
789 2273 1005 2313 presencium,
1030 2272 1115 2302 viros
1140 2272 1201 2302 uti—

410 2335 471 2365 que
497 2328 562 2354 tam
594 2324 819 2363 generositatis
852 2324 1050 2364 ingenuitate
1076 2328 1202 2364 speeta-

408 2376 490 2407 biles
509 2387 603 2417 quam
622 2376 778 2406 honorum
797 2378 829 2405 et
853 2386 976 2405 morum
999 2375 1203 2416 prerogativa

407 2429 602 2476 eonspieiios
628 2437 752 2457 necnon
778 2426 839 2456 tide
862 2438 898 2457 ae
917 2428 1204 2468 circumspectione

509 2530 597 2556 85.sp
625 2532 649 2562 ¹¹)
670 2532 849 2563 persolvuntur
873 2531 899 2554 la'.
982 2532 1003 2558 v)
1024 2528 1040 2554 ll
1068 2532 1090 2556 T.
1111 2532 1136 2557 [τ’.
1155 2536 1181 2556 0.

408 2576 524 2606 inllssl'iori
551 2575 576 2599 Τ,
665 2580 685 2603 s)
705 2576 877 2599 ‹·=›11s(¹1'le111111‘
900 2578 926 2598 Π.

513 2651 543 2677 J).
569 2651 592 2676 *¹1
615 2653 787 2683 steringeriuni
811 2651 906 2676 Frumz
925 2653 1055 2683 l'r'stpt'uzrs.

513 2739 535 2763 11
560 2737 593 2763 Is.
607 2743 629 2770 21,
642 2743 664 2763 -Ι,

781 121 939 148 RUDOLFI
959 119 1063 146 REGIS
1082 116 1406 146 CONSTITU'PIONES.
1444 116 1518 142 1275.
1554 113 1602 141 Nr.
1616 115 1657 141 85.

1248 204 1343 235 etiam
1369 203 1461 234 iuxta
1490 202 1597 233 divine
1627 200 1776 232 iussionis
1807 199 1945 231 edictum
1978 209 2039 240 que

1248 258 1323 286 sunt
1340 254 1459 286 cesaris
1484 254 1588 285 cesari
1611 253 1848 294 persolvantur,
1872 250 2041 292 recipienti

1246 307 1318 348 plus
1343 305 1505 337 commodi
1530 308 1561 335 et
1586 304 1716 335 honoris
1734 302 1920 344 acquiritur,
1945 313 2040 343 quarn

1247 358 1385 388 solventi
1410 356 1591 388 vexationis
1617 359 1649 387 et
1673 355 1780 387 oneris
1805 357 2011 395 aggregetur.

1319 1652 1368 1693 (4)
1392 1651 1493 1682 Porro
1519 1649 1639 1681 sedatis
1670 1649 1709 1680 ad
1732 1659 1866 1691 presens
1891 1650 1923 1680 in
1948 1660 2048 1690 regno

1255 1703 1430 1735 Germanic
1461 1703 1575 1734 bellice
1611 1701 1816 1743 tempestatis
1854 1701 2049 1739 horroribus,

1255 1756 1371 1797 quibus
1405 1754 1489 1785 idem
1521 1764 1656 1795 regnum
1688 1763 1746 1794 per
1777 1753 1875 1783 multa
1905 1756 2050 1794 tempora

1257 1807 1380 1837 exstitit
1405 1806 1650 1847 quamplurimis
1676 1804 1897 1835 calamitatum
1915 1815 2050 1846 oppres-

1256 1858 1397 1889 sionibus
1424 1858 1630 1895 tribulatum,
1661 1866 1735 1887 eece
1765 1857 1982 1886 convertimur
2011 1855 2050 1886 ad

1258 1909 1364 1941 Ytalie
1400 1910 1572 1940 simultatis
1608 1907 1764 1939 solvenda
1798 1907 1985 1938 discrimina
2019 1910 2051 1938 et

1256 1963 1324 1992 eius
1349 1962 1492 1992 intestini
1517 1960 1593 1991 belli
1618 1963 1750 2001 rupture
1776 1959 1963 1997 domestice,
1989 1959 2049 1989 rei-

1257 2014 1386 2056 publice
1413 2012 1607 2049 turbatricis,
1632 2011 1787 2042 zizaniam
1806 2011 1935 2052 penitus
1953 2011 2052 2042 extir-

1257 2065 1406 2108 pandam,
1432 2068 1466 2095 ut
1482 2063 1580 2105 gladii
1598 2063 1776 2094 conflentur
1799 2063 1830 2093 in
1849 2073 1995 2093 vomeres
2020 2065 2052 2093 et

1258 2118 1287 2148 in
1320 2116 1420 2147 falces
1452 2115 1565 2146 lancee
1601 2118 1847 2153 convertantur,
1881 2113 2051 2155 tranquille

1258 2169 1374 2210 quietis
1399 2168 1575 2198 amenitate
1601 2166 1639 2197 de
1665 2169 1773 2197 cetero
1798 2165 1978 2197 reflorente.

1321 2219 1370 2261 (5)
1395 2219 1479 2250 llinc
1504 2222 1553 2249 est
1577 2217 1662 2260 quod
1686 2218 1811 2258 legatos
1836 2220 1962 2248 nostros
1986 2216 2050 2247 sol-

1258 2272 1404 2312 lempnes
1428 2270 1604 2301 Rodulsum
1634 2270 1720 2301 curie
1751 2272 1858 2300 nostre
1890 2268 2050 2299 cancella·

1260 2323 1361 2359 rium,
1392 2322 1522 2352 fratrem
1555 2320 1615 2352 Β.(1
1647 2321 1836 2362 magistrum
1870 2320 2051 2362 Hospitalis

1260 2374 1363 2405 sancti
1391 2373 1540 2404 lobannis
1565 2384 1623 2414 per
1647 2373 1874 2404 Alamanniam
1899 2383 1936 2403 ac
1960 2371 2051 2402 Heu-

1261 2427 1361 2457 ricum
1387 2426 1538 2456 comitem
1564 2425 1603 2456 de
1628 2424 1896 2458 Furstcmbereh,
1920 2423 2051 2455 exhibi-

1266 2535 1294 2560 Μ
1321 2531 1508 2564 pulchritudino
1533 2529 1558 2553 [τ’.
1644 2530 1667 2555 x)
1688 2530 1754 2553 dees!
1783 2529 1810 2553 E.
1893 2529 1916 2559 5)
1936 2537 2002 2553 corr.
2022 2536 2052 2552 m·

2072 671 2096 690 10

2074 931 2097 950 15

2075 1191 2100 1210 20

2076 1450 2099 1469 25

2077 1710 2102 1728 30

2079 2228 2104 2247 40

2079 2536 2103 2556 47»
