2259 3164
93 503 104 521 5

84 759 106 779 10

84 1023 106 1042 15

84 1280 108 1299 20

87 1537 109 1556 25

88 1795 111 1814 30

90 2049 112 2068 ³5

93 2370 116 2388 40

470 197 626 223 RUDOLFI
648 196 752 223 REGIS
771 197 1091 224 ΟΟΝδΊἸἸῊΤΙΟΝ1(ὡᾷ
1132 201 1204 225 12³0.
1242 201 1287 226 Nu
1301 202 1358 227 2⁴17.
1372 203 1429 227 24⁸.
1703 206 1759 234 241

132 284 248 325 legium
277 284 516 321 confirmemus,
550 283 765 315 concedamus
795 287 827 315 et
855 284 894 315 de
925 295 1007 315 novo
1039 288 1101 315 tam
1132 285 1258 316 domino
1285 287 1320 317 U.
1346 288 1412 328 regi
1439 289 1547 319 Sicilie
1578 290 1693 319 illustri
1726 290 1764 320 ad

132 336 228 366 vitam
253 345 361 373 suam,
391 335 417 365 si
442 338 564 366 tantum
590 336 741 372 voluerit,
774 346 868 376 quam
893 335 1067 367 heredibus
1093 338 1177 377 regis
1202 338 1366 374 eiusdem,
1391 341 1442 380 qni
1468 344 1698 381 processerunt
1723 352 1763 371 ex

132 387 244 419 eodem
268 397 344 427 rege
370 390 401 417 et
425 387 510 418 clare
534 387 689 418 memorie
714 387 863 418 Beatrice
888 388 1000 428 regina
1018 387 1125 419 Sicilie
1151 394 1298 420 consorte
1324 401 1390 427 sna,
1416 395 1447 421 et
1471 392 1618 422 omnibus
1636 392 1763 422 heredi-

131 439 189 470 bus
213 441 246 469 et
269 439 511 470 successoribus
536 438 711 470 eorundem
736 439 767 469 in
792 438 923 470 feudum
949 439 1008 469 sub
1034 441 1195 470 consuetis
1228 451 1326 471 censu
1358 446 1389 471 et
1420 443 1558 473 servitiis
1583 443 1765 484 prestandis

131 490 161 521 in
185 492 345 532 posterum
371 490 410 521 ab
429 490 550 521 eisdem
570 500 656 531 rege,
680 490 852 521 heredibus
870 494 902 521 et
920 491 1161 521 successoribus
1189 492 1219 522 in
1238 496 1427 533 perpetuum
1447 493 1642 534 possidenda
1666 494 1764 525 done-

131 552 214 582 mus,
239 544 271 573 et
297 542 536 583 promittentes,
562 541 646 583 quod
676 552 733 583 per
762 552 820 573 nos
848 543 898 572 vel
930 543 1027 573 alium
1060 553 1117 573 seu
1143 543 1223 573 alios
1256 544 1376 574 nullam
1404 544 1618 584 donationem,
1652 546 1764 576 contir-

131 593 317 631 mationem,
349 593 586 632 investituram,
616 594 858 624 concessionem
883 594 934 624 vel
968 597 1165 625 contractum
1197 598 1252 625 aut
1281 595 1399 636 aliquid
1426 596 1589 626 vobiscum
1615 598 1665 627 vel
1695 608 1765 627 eum

131 644 243 676 vestris
272 645 532 686 procuratoribus
563 648 618 676 aut
647 645 770 676 nunciis
806 656 863 676 seu
895 645 964 675 aliis
995 645 1247 687 quibuscumque
1279 647 1424 687 personis
1454 648 1683 678 ecclesiasticis
1716 648 1765 678 vel

131 695 326 727 secularibus
351 696 496 734 fecimus,
521 707 580 738 per
603 707 663 737 que
689 696 871 727 huiusmodi
897 696 1095 727 confirmatio
1120 700 1151 727 et
1176 697 1214 727 de
1243 708 1324 728 novo
1349 697 1479 728 donatio
1506 699 1572 729 sive
1598 700 1764 730 concessio

131 750 185 778 aut
208 747 335 788 aliquid,
360 747 444 789 quod
468 748 499 778 in
518 747 632 779 eodem
652 758 806 779 concesso
831 747 916 778 dicto
941 748 1010 789 regi
1035 758 1133 789 super
1157 748 1218 778 hiis
1237 749 1408 790 privilegio
1428 751 1618 789 continetur,
1644 751 1764 781 habere

131 810 193 830 non
216 799 319 841 possit
336 799 387 830 vel
411 810 472 831 non
490 799 607 831 debeat
622 800 806 830 firmitatem
825 799 875 830 vel
900 810 957 841 per
982 810 1043 841 que
1062 800 1307 835 confirmationi,
1333 801 1498 832 donationi
1517 805 1548 832 ct
1566 802 1766 833 concessioni

132 850 282 892 predictis
306 862 343 882 ac
367 851 437 889 hiis,
463 862 524 893 que
548 852 580 882 in
605 851 690 882 dieto
714 851 885 893 privilegio
911 851 1130 890 continentur,
1156 852 1286 893 aliquod
1311 853 1419 884 afferri
1445 854 1548 894 possit
1574 854 1623 884 vel
1648 853 1766 883 debeat

132 905 354 934 nocumentum
379 914 437 934 seu
460 903 674 945 predictorum
707 903 970 941 confirmationis,
1001 903 1198 941 donationis,
1229 905 1449 935 concessionis
1474 908 1506 935 et
1530 905 1664 935 aliorum
1690 916 1764 935 con-

132 957 289 986 tentorum
312 955 343 986 in
368 955 538 996 privilegio
562 954 746 996 supradicto
772 955 907 986 effectus
940 955 1143 995 aliquatenus
1175 955 1339 997 impediri,
1373 957 1457 987 circa
1486 967 1541 995 ea,
1572 967 1632 996 que
1661 956 1767 986 forsan

134 1009 224 1037 extra
247 1007 417 1037 comitatus
435 1007 567 1038 eosdem
585 1006 729 1048 predicta
747 1006 877 1037 donatio
902 1007 1130 1048 imperatorum
1149 1007 1437 1048 comprehenderet
1462 1007 1647 1046 eorundem,
1672 1007 1768 1037 nichil

134 1057 172 1088 ad
195 1067 327 1100 presens
344 1059 472 1100 penitus
490 1058 653 1097 innovato,
679 1058 961 1093 declaraverimus,
988 1058 1255 1095 ordinaverimus,
1282 1058 1531 1094 decreverimus,
1557 1059 1767 1091 statuerimus

133 1113 164 1140 et
186 1120 339 1151 expresse
357 1110 498 1141 facturos
524 1113 555 1141 et
572 1113 738 1141 curaturos
764 1120 821 1140 nos
840 1110 1026 1151 specialiter
1042 1110 1303 1151 obligaverimus,
1333 1112 1418 1152 quod
1443 1122 1500 1153 per
1524 1122 1571 1149 ca,
1597 1122 1658 1152 que
1684 1112 1769 1141 facta

133 1164 206 1192 sunt
229 1161 319 1192 vobis
343 1172 361 1192 a
384 1161 486 1201 nobis,
512 1162 634 1192 nullum
657 1162 785 1192 omnino
809 1161 1023 1203 preiudicium
1052 1162 1106 1192 fiat
1133 1162 1199 1202 regi
1224 1166 1255 1192 et
1273 1162 1446 1193 heredibus
1471 1174 1507 1193 ac
1527 1163 1768 1193 successoribus

133 1213 319 1255 supradictis
349 1214 379 1244 in
407 1214 476 1244 iure
501 1214 673 1255 preterito,
708 1213 791 1254 quod
824 1214 869 1244 eis
898 1214 929 1244 in
955 1213 1108 1255 predictis
1134 1214 1340 1245 comitatibus
1365 1214 1569 1255 competebat
1599 1225 1656 1245 seu
1681 1225 1765 1244 com-

133 1265 227 1307 petit,
251 1266 301 1296 vel
324 1265 394 1303 hiis,
420 1275 481 1306 que
506 1265 537 1296 in
563 1265 805 1296 confirmatione
831 1276 867 1296 ac
893 1266 1102 1296 concessione
1126 1265 1277 1307 predictis
1303 1267 1522 1305 eontinentur,
1548 1269 1655 1297 tamen
1681 1266 1766 1307 puri-
1800 1265 1822 1302 ‘i'
1838 1260 1861 1302 {⁰

133 1319 229 1347 tatem
253 1317 438 1347 intentionis
467 1320 592 1355 nostre,
628 1327 722 1357 quam
752 1317 916 1357 regalibus
947 1317 1072 1348 actibus
1103 1317 1196 1348 decet
1226 1318 1353 1352 inesse,
1386 1318 1417 1348 in
1453 1318 1522 1359 ipso
1559 1321 1632 1348 actu
1668 1317 1767 1358 ipsius

133 1368 251 1409 negotii
274 1368 475 1400 declarantes
501 1379 669 1410 expresse,
694 1369 840 1405 dicimus,
866 1369 1029 1403 volumus,
1055 1369 1240 1400 ordinamus
1265 1372 1362 1410 atque
1388 1369 1573 1405 statuimus,
1603 1368 1687 1410 quod
1712 1379 1769 1409 per

134 1419 192 1450 hoc
216 1420 247 1451 in
270 1420 348 1457 iure,
373 1421 398 1451 si
422 1420 507 1462 quod
532 1421 562 1450 in
589 1420 711 1451 eisdem
737 1420 943 1451 comitatibus
968 1420 1131 1458 obtinetis,
1158 1421 1280 1451 nullum
1312 1420 1402 1451 vobis
1432 1420 1644 1461 preiudicium
1669 1431 1766 1460 gene-

135 1474 219 1502 retur
231 1471 252 1504 ¹.
338 1471 386 1514 (2)
412 1472 475 1503 Sed
502 1482 573 1503 cum
597 1471 681 1502 idem
707 1482 764 1502 rex
795 1482 851 1502 nos
881 1472 1113 1512 requisiveritb,
1138 1475 1173 1502 ut
1197 1472 1227 1502 in
1252 1473 1458 1513 possessione
1483 1471 1639 1502 dictorum
1671 1471 1768 1501 comi-
1808 1495 1811 1498 .

136 1525 254 1553 tatuum
265 1529 286 1562 ⁰,
310 1533 389 1564 quos
413 1526 502 1554 tenet
527 1526 559 1553 et
583 1522 728 1564 possidet
752 1534 788 1553 ac
814 1523 910 1564 longo
935 1526 1079 1564 tempere
1106 1524 1239 1565 pacifice
1265 1524 1368 1554 tenuit
1393 1526 1426 1554 et
1450 1522 1612 1564 possedit,
1649 1522 1769 1552 turbari

134 1585 194 1605 non
225 1575 445 1616 permittamus
478 1574 632 1612 eundem,
668 1575 836 1615 presertim
867 1585 939 1605 eum
972 1578 1103 1616 paratus
1136 1575 1176 1605 sit
1208 1578 1239 1605 et
1270 1586 1303 1606 se
1330 1576 1442 1605 offerat
1481 1574 1569 1605 vobis
1601 1574 1631 1604 in
1662 1577 1771 1604 nostra

135 1626 219 1656 curia
251 1626 290 1657 de
321 1626 443 1657 iustitia
472 1626 685 1668 respondere,
720 1636 777 1656 nos
818 1626 871 1667 qui
902 1626 1085 1656 huiusmodi
1116 1627 1305 1667 petitionem
1336 1626 1411 1656 dicti
1443 1626 1528 1666 regis
1569 1628 1679 1666 utpote
1711 1625 1770 1655 iuri

135 1687 313 1715 consonam,
338 1688 401 1708 non
425 1677 595 1709 admittere
624 1688 682 1708 nec
707 1688 879 1719 possumus
905 1689 965 1708 nec
990 1677 1158 1715 debemus,
1192 1678 1336 1708 volumus
1366 1681 1398 1708 et
1430 1677 1631 1718 presentium
1657 1680 1768 1706 tenore

135 1728 331 1760 decernimus
356 1740 393 1760 ac
418 1730 514 1760 etiam
538 1729 758 1771 prohibemus,
784 1729 868 1770 quod
887 1740 941 1759 vos
966 1740 1023 1770 per
1041 1740 1095 1759 vos
1115 1730 1163 1760 vel
1189 1740 1246 1770 per
1270 1729 1348 1759 alios
1374 1739 1483 1769 regem
1510 1727 1689 1770 predictum
1716 1728 1765 1758 vel

135 1779 267 1811 heredes
296 1780 428 1812 eosdem
459 1781 490 1811 in
521 1781 728 1822 possessione
756 1781 974 1822 predictorum
1007 1781 1236 1811 comitatuumc
1260 1781 1443 1811 nullatcnus
1469 1779 1680 1821 perturbetis,
1713 1778 1769 1809 sed

134 1831 195 1870 ius,
225 1832 251 1862 si
282 1832 364 1873 quod
393 1833 425 1863 in
455 1833 533 1874 ipsis
559 1833 765 1863 comitatibus
790 1832 909 1863 habere
935 1843 989 1863 vos
1014 1832 1159 1867 creditis,
1193 1832 1432 1873 prosequamini
1478 1832 1503 1862 si
1536 1830 1702 1861 volueritis
1735 1830 1765 1859 in

136 1883 219 1914 curia
242 1884 424 1925 supradicta
438 1884 455 1914 ¹.
546 1885 594 1925 (3)
619 1884 656 1915 In
682 1884 831 1915 omnibus
864 1888 971 1915 autem
1002 1887 1034 1915 ct
1063 1884 1197 1925 singulis
1237 1883 1428 1924 supradictis
1466 1883 1643 1924 plenariam
1672 1882 1768 1911 inter-
1798 1894 1859 1912 „2²3.

137 1935 349 1976 pretationem
377 1938 409 1967 et
432 1935 684 1967 declarationem
700 1936 848 1967 Romano
874 1936 1017 1977 pontifici
1041 1936 1081 1966 ad
1099 1946 1233 1977 presens
1259 1939 1291 1966 et
1316 1936 1347 1965 in
1373 1938 1536 1977 posterum
1556 1936 1770 1964 reservantes,

137 1986 204 2017 eius
220 1987 520 2028 interpretationem
545 1998 602 2019 seu
627 1988 878 2019 declarationem
903 1987 1084 2018 faciendam
1111 1990 1143 2018 et
1168 1987 1264 2017 etiam
1293 1987 1428 2028 simplici
1454 1986 1552 2016 verbo
1578 1995 1635 2015 nos
1660 1995 1769 2014 serva-

139 2040 223 2069 turos
253 2039 435 2080 specialiter
466 2039 656 2070 auctoritate
686 2040 885 2081 presentium
916 2039 1108 2079 obligamus.
1200 2038 1248 2079 (4)
1273 2038 1502 2068 Promittentcs
1534 2036 1770 2077 nichilominus⁷

140 2090 280 2130 predicta
304 2092 409 2122 omnia
433 2094 465 2122 et
489 2091 633 2132 singula,
658 2094 827 2133 postquam
853 2091 1018 2132 imperiale
1044 2090 1193 2121 diadema
1226 2089 1322 2120 dante
1349 2089 1488 2120 Domino
1521 2088 1770 2129 susceperimus,

139 2151 288 2173 renovare
312 2142 351 2174 ad
374 2143 526 2174 maiorem
552 2147 584 2173 et
607 2146 795 2184 perpetuam
822 2143 1017 2173 firmitatem.

243 2193 358 2224 Actum
383 2198 414 2225 et
438 2194 547 2225 datum
566 2194 722 2232 XVienne,
748 2195 785 2225 V.
806 2194 970 2224 Kalendas
996 2193 1132 2234 Aprilis,
1163 2192 1336 2223 indictione
1368 2196 1499 2226 octava,
1533 2202 1616 2222 anno
1642 2190 1770 2220 Domini

140 2242 225 2275 MCC
249 2246 453 2286 octogesimo,
478 2246 570 2286 regni
595 2256 669 2276 vero
694 2246 792 2276 nostri
818 2256 900 2276 anno
929 2244 1000 2275 vll.

335 2363 411 2396 248.
436 2365 761 2397 PRIVILEGIUM
784 2365 1021 2396 ECCLESIIS
1044 2364 1221 2395 DATUM.
1271 2365 1364 2395 12⁵0.
1404 2363 1573 2393 illm-[215.

244 2422 338 2454 Dedit
366 2424 621 2455 Kaltcnbrumzcr
650 2425 668 2455 l.
693 2437 717 2456 c.
739 2427 803 2455 253
826 2435 873 2455 Ην.
905 2424 938 2462 V,
963 2425 1054 2455 cicius
1082 2424 1245 2455 editionem
1270 2424 1444 2463 rqtrlimns,
1496 2421 1545 2462 Cf
1569 2421 1611 2452 ([ιί
1635 2431 1679 2451 ην,
1698 2421 1769 2450 21νί.

141 2471 192 2502 Ad
212 2473 289 2505 idem
312 2475 489 2514 Rcyistrnm
513 2487 615 2507 onmes
637 2477 766 2507 redeunt
789 2477 946 2508 editiones.
974 2495 1010 2498 —
1034 2476 1179 2513 Balaam,
1205 2476 1278 2515 Res).
1299 2476 1370 2514 imp.
1392 2474 1445 2512 I'I,
1469 2475 1556 2503 7151.

1499 2524 1551 2563 (P.
1578 2524 1665 2562 4127.)

244 2576 397 2608 Rudolfus
421 2578 482 2609 Dei
512 2579 615 2620 gratia
640 2579 859 2610 Romanorum
892 2590 949 2609 rex
979 2589 1107 2619 semper
1138 2581 1292 2619 augustus
1326 2575 1563 2607 venerabilibus
1595 2573 1768 2613 archicpis-

97 2639 119 2658 45
147 2627 240 2667 copiS,
264 2629 419 2670 episcopis
444 2631 622 2671 ceterisque
648 2631 821 2661 comitatus
851 2635 882 2661 et
914 2630 1152 2660 marchionatus
1178 2629 1346 2660 Provincie
1378 2639 1413 2657 ac
1446 2627 1615 2657 comitatus
1642 2624 1768 2653 l<'‹›ll<:·l‹

145 2675 229 2709 kerie
253 2680 458 2711 ecclesiarum
482 2682 624 2722 prelatis,
650 2681 773 2713 devotis
798 2682 863 2712 suis
889 2681 1083 2722 predilectis,
1108 2681 1243 2721 gratiam
1269 2691 1357 2710 suam
1384 2682 1414 2709 et
1439 2689 1530 2708 omno
1555 2677 1682 2706 bonum.

240 2745 302 2772 247.
322 2747 345 2779 b)
365 2758 430 2774 corr.
450 2758 479 2774 cs:
498 2751 639 2782 requisierit
659 2760 678 2775 c.
767 2750 790 2781 c)
810 2752 954 2775 comitatum
975 2760 994 2774 c.

243 2806 266 2836 1)
287 2805 325 2837 Cf.
345 2807 420 2833 etiam
438 2816 521 2841 snpra
540 2817 581 2836 nr.
595 2813 643 2836 239
661 2819 680 2836 υ.
691 2813 713 2836 3.
728 2814 750 2836 4.

242 2864 277 2882 ιι.
291 2865 498 2886 CONSTlTUTlONES
518 2869 550 2888 m.
1535 2854 1563 2877 31

1810 2062 1813 2064 .
1831 2047 1860 2065 19.
