2259 3164
105 749 126 767 1⁰

106 1008 127 1026 15

105 1268 128 1287 20

109 1519 130 1538 25

110 1878 133 1896 30

113 2149 134 2168 35

113 2397 136 2416 40

115 2657 137 2676 ⁴5

487 188 641 216 RUDOLFI
660 189 762 215 REGIS
781 188 1097 217 CONSTITUTIONES.
1136 191 1208 218 12³9.
1245 192 1290 218 ΝΥ.
1304 193 1360 219 418.
1373 193 1431 220 419.
1708 197 1762 225 411

152 278 233 310 infra
257 277 340 309 diem
365 276 553 307 dominicam
577 279 648 317 post
671 276 788 307 festum
814 277 1018 307 exaltationis
1043 281 1153 309 sancte
1179 278 1289 310 Crucis
1313 280 1459 321 proximo
1485 283 1651 310 venturum
1676 280 1707 310 in
1731 291 1767 310 eo
1792 290 1894 314 sepina.

150 331 232 369 loco,
262 329 294 360 in
322 338 382 370 quo
415 328 506 359 nobis
538 339 596 369 per
622 338 696 358 suas
720 328 842 358 litteras
875 331 930 359 aut
959 332 1079 359 certum
1110 331 1259 360 nuncium
1288 342 1377 362 suum
1402 331 1528 362 duxerit
1551 331 1768 365 intimandum,

151 383 242 424 prout
273 383 495 411 antecessores
525 379 623 409 nostri
655 379 685 409 in
719 379 866 410 manibus
898 380 1126 420 imperatorum
1159 383 1325 412 retroactis
1355 383 1551 423 temporibus
1586 383 1767 423 homagium

151 434 294 464 fecerunt
323 434 355 463 et
385 431 532 462 homines
563 431 748 462 extiterunt.
794 430 835 461 Et
864 431 922 462 hec
952 432 1058 462 onmia
1088 433 1298 473 promittimus
1333 433 1417 464 dicto
1452 434 1577 464 domino
1614 435 1682 474 regi
1713 445 1770 475 per

152 486 361 516 iuramentum
394 486 533 513 nostrum
565 483 772 524 corporaliter
795 483 963 523 prestitum
989 486 1019 513 et
1047 484 1105 513 sub
1129 494 1211 524 pena
1236 484 1414 525 quindecim
1446 486 1565 515 milium
1590 496 1768 515 marcarum

151 536 270 577 argenti
292 535 422 565 firmiter
445 534 631 575 adimplere.
719 534 766 575 (2)
790 533 839 564 De
865 534 980 575 quibus
998 534 1178 575 quindecim
1204 536 1328 566 milibus
1353 547 1530 566 marcarum
1548 537 1670 577 argenti
1695 547 1768 566 con-

151 587 328 619 stituimusb
352 586 573 617 fideiussorem
597 587 628 616 in
652 586 798 616 manibus
823 585 898 616 dieti
923 586 1042 616 domini
1067 586 1103 616 R.
1130 587 1214 627 regis
1245 587 1383 618 nobilem
1407 588 1509 618 virum
1533 587 1693 618 dominum
1718 587 1769 616 lo-

150 639 285 670 hannem
313 637 352 669 de
377 637 552 668 Cabilonec
576 637 737 668 dominum
769 637 808 668 de
837 637 961 676 Allato,
998 637 1149 669 dilectum
1181 639 1371 669 avunculum
1402 642 1544 669 nostrum
1574 642 1605 669 et
1633 639 1769 671 fidelem.

152 701 206 733 pro
229 690 374 721 omnibus
398 689 622 731 suprascriptis
652 688 789 720 fideliter
812 689 1026 720 attendendis.
1071 689 1130 720 Cui
1165 689 1250 720 dicto
1275 690 1400 721 domino
1423 690 1557 721 Iohanni
1581 690 1706 720 domino
1731 689 1769 720 dc

152 743 257 774 Allato
281 741 483 783 promisimus
507 744 539 772 et
568 740 780 782 promittimus
811 741 868 772 sub
893 741 923 771 vi
948 742 1046 772 nostri
1072 742 1196 782 prestiti
1226 742 1394 772 iuramenti
1426 746 1457 772 ct
1486 742 1543 772 sub
1573 741 1769 782 obligatione

152 794 289 825 omnium
317 793 472 824 bonorum
502 796 681 823 nostrorum
713 792 876 823 mobilium
911 796 943 823 et
970 792 1195 831 immobilium,
1228 794 1433 835 presencium
1465 797 1496 824 et
1523 793 1699 823 futurorum
1731 793 1770 823 de

151 845 233 876 dicta
257 844 462 875 fideiussione
487 844 591 885 ipsum
615 843 832 885 imdempnem
856 844 983 886 penitus
1000 844 1182 875 observare.
1271 844 1319 886 (3)
1342 844 1385 875 Et
1408 855 1465 875 nos
1490 844 1591 875 dictus
1609 844 1770 875 Iohannes

151 897 190 928 de
214 896 366 928 Cabilone
390 896 536 926 dominus
560 895 599 926 de
623 895 731 926 Allato
761 895 801 926 ad
825 906 937 937 preces
968 899 999 927 et
1030 897 1270 937 requisitionem
1304 896 1494 926 nobilissimi
1523 895 1581 926 viri
1612 896 1771 926 karissimi

153 948 269 979 domini
293 947 393 979 nostri
416 947 534 978 domini
558 946 707 978 Otthonis
730 947 855 978 comitis
879 947 1065 988 Burgundio
1090 948 1223 989 palatini
1254 951 1286 978 et
1309 947 1429 978 domini
1453 947 1629 978 Salinensis
1653 947 1770 977 consti-

154 1000 270 1031 tuimus
294 1009 351 1030 nos
374 999 594 1032 fideiussorem
617 998 648 1029 in
673 999 819 1030 manibus
845 999 1040 1030 serenissimi
1064 999 1214 1041 principis
1243 999 1361 1030 domini
1390 998 1549 1040 Rodulphi
1579 998 1640 1029 Dei
1669 999 1772 1039 gratia

153 1051 237 1092 regis
259 1050 476 1082 Romanorum
501 1061 628 1092 semper
644 1051 772 1092 augusti
795 1050 834 1081 de
852 1050 943 1081 dictis
960 1050 1138 1092 quindecim
1156 1050 1284 1081 milibus
1300 1060 1478 1081 marcarum
1497 1050 1620 1090 argenti
1645 1050 1771 1079 nominc

153 1113 233 1144 pene
256 1113 312 1144 pro
335 1102 419 1133 dicto
444 1102 571 1133 domino
596 1126 626 1133 ..
652 1102 768 1133 comite
792 1101 979 1143 Burgundie
1008 1101 1047 1134 de
1080 1102 1226 1133 omnibus
1255 1101 1480 1143 suprascriptis
1510 1100 1646 1131 fideliter
1669 1104 1771 1131 atten-

154 1153 273 1185 dendis.

257 1205 295 1236 In
318 1205 407 1236 cuius
432 1205 478 1236 rei
501 1206 718 1237 testimonium
746 1216 803 1236 nos
832 1205 932 1237 dictus
965 1205 1062 1237 Ottho
1094 1215 1200 1237 comes
1225 1204 1410 1246 Burgundie
1442 1203 1601 1245 palatinus
1633 1203 1771 1244 sigillum

153 1260 294 1288 nostrum
318 1257 520 1298 presentibus
544 1257 659 1288 litteris
684 1257 890 1298 apposuimus
915 1260 946 1288 et
969 1258 1152 1298 rogavimus
1177 1257 1328 1287 dilectum
1353 1255 1546 1286 avunculum
1575 1258 1717 1285 nostrum
1741 1258 1772 1285 et

153 1308 276 1340 fidelem
308 1308 426 1339 dictum
456 1309 619 1339 dominum
652 1308 830 1340 Iohannem
862 1308 1023 1341 dominum
1057 1308 1095 1339 de
1121 1309 1242 1347 Allato,
1273 1311 1307 1339 ut
1337 1307 1477 1348 sigillum
1501 1317 1593 1337 suum
1616 1317 1678 1336 una
1703 1317 1771 1336 cum

155 1360 255 1401 sigillo
278 1363 385 1391 nostro
409 1360 612 1402 presentibus
637 1360 751 1391 litteris
776 1363 925 1401 apponat.
1015 1359 1055 1391 Et
1079 1371 1136 1391 nos
1160 1360 1262 1391 dictus
1286 1359 1445 1390 Iohannes
1471 1358 1511 1389 ad
1535 1357 1772 1398 requisitionem

154 1412 229 1442 dicti
252 1412 370 1442 domini
394 1437 426 1444 ..
451 1413 575 1443 comitis
601 1412 739 1453 sigillum
763 1416 906 1443 nostrum
930 1422 993 1442 una
1018 1422 1089 1442 cum
1107 1412 1212 1453 sigillo
1237 1422 1292 1442 suo
1311 1410 1513 1454 presentibus
1537 1410 1649 1440 litteris
1674 1420 1772 1451 appo-

156 1464 271 1494 suimus
294 1464 325 1494 in
350 1464 567 1495 testimonium
591 1464 747 1495 veritatis,

258 1516 375 1546 Actum
399 1519 430 1547 et
455 1516 563 1547 datum
587 1516 667 1547 feria
691 1516 801 1557 quinta
827 1518 902 1557 post
934 1516 1050 1546 festum
1081 1515 1300 1546 decollationis
1332 1514 1419 1546 beati
1442 1514 1594 1545 Iohannis
1623 1514 1773 1556 baptiste,

158 1577 237 1598 anno
260 1566 388 1598 Domini
413 1567 501 1599 MCC
525 1568 719 1609 octogesimo
743 1578 837 1598 nono.

505 1712 580 1745 419.
604 1713 852 1745 PROMISSIO
875 1712 1017 1744 REGIS
1037 1712 1251 1744 RUDOLFI.
1298 1712 1380 1751 Sept.
1398 1714 1427 1743 4.

260 1773 482 1814 Autoyraphon
506 1774 540 1804 ¹in
561 1773 716 1804 tabulario
735 1773 884 1804 Parisino
910 1775 1026 1804 ‘certon
1050 1773 1082 1804 J.
1099 1773 1161 1803 250
1184 1783 1230 1803 nr.
1248 1773 1277 1803 2'
1300 1775 1492 1803 assermtmn
1514 1783 1542 1803 α.
1562 1772 1652 1802 1903.
1677 1772 1774 1802 (leuno

158 1825 348 1857 contulimus.
383 1825 499 1856 Pemlef
515 1824 651 1864 sigillum.
666 1826 731 1862 fere
747 1824 889 1855 *illaesum
906 1824 968 1855 loro
985 1825 1221 1855 ›nembrcmaee0.
1238 1844 1275 1846 —
1291 1824 1435 1860 Biihmer,
1450 1823 1522 1862 Ray.
1536 1824 1607 1863 imp.
1622 1823 1773 1859 I'L.:.'1;23.‘)‚

1487 1875 1539 1914 (P.
1564 1875 1670 1914 deest.)

260 1937 325 1969 Nos
349 1937 507 1969 Rudolfus
532 1937 593 1968 Dei
616 1937 725 1978 gracia
748 1937 965 1968 Romanorum
991 1948 1048 1968 rex
1074 1947 1201 1978 semper
1231 1939 1385 1977 augustus
1414 1939 1523 1966 notum
1546 1936 1680 1966 facimus
1704 1936 1773 1966 uni-

159 1989 271 2028 versis,
302 1989 385 2031 quod
410 2000 466 2020 nos
491 1999 600 2020 omnes
625 1989 784 2028 actiones,
809 1988 956 2029 querelas
983 1999 1039 2019 seu
1064 1988 1332 2025 reclamaciones,
1358 1998 1418 2029 que
1444 1988 1493 2018 vel
1518 1998 1596 2028 quas
1620 1987 1774 2018 habemus

160 2040 209 2070 vel
230 2040 347 2071 habere
371 2051 539 2082 possumus
568 2043 599 2071 et
622 2039 776 2071 debemus
808 2041 936 2071 racione
961 2040 1097 2071 Romani
1129 2040 1253 2081 imperii
1277 2040 1327 2070 vel
1356 2039 1483 2070 aliunde
1518 2050 1595 2079 erga
1625 2038 1774 2069 Ottonem

160 2091 304 2123 comitem
328 2092 514 2133 Burgundie
545 2092 719 2134 palatinum
745 2094 776 2122 et
807 2091 968 2122 dominum
994 2092 1199 2122 Salincnscm
1235 2095 1299 2122 tam
1331 2091 1453 2121 ratione
1483 2091 1530 2121 sui
1564 2101 1656 2131 quam
1686 2094 1774 2121 aute-

163 2152 321 2174 cessorum
345 2154 485 2182 suorum5
509 2143 611 2174 eidem
637 2143 743 2174 comiti
768 2147 799 2174 et
823 2143 995 2174 heredibus
1021 2144 1086 2173 suis
1103 2143 1294 2173 auctoritate
1318 2145 1427 2173 nostra
1451 2145 1482 2173 et
1498 2142 1634 2172 Romani
1652 2142 1773 2182 imperii

161 2194 249 2225 nobis
274 2195 442 2226 commissa
465 2195 644 2226 remisimus
668 2199 699 2226 et
723 2195 913 2226 remittimus
938 2198 970 2226 et
1001 2195 1204 2236 quitavimus,
1239 2205 1309 2225 cum
1339 2193 1430 2224 nobis
1460 2193 1639 2234 homagium
1665 2193 1773 2234 ligium

160 2245 269 2276 fecerit
299 2249 372 2277 ante
401 2256 511 2277 omnes
541 2250 572 2277 et
605 2246 709 2277 omnia
738 2246 848 2283 feoda,
884 2256 944 2288 que
974 2250 1192 2277 antecessores
1223 2246 1269 2276 sui
1300 2256 1318 2276 a
1345 2245 1498 2276 Romanis
1529 2244 1774 2286 imperatoribus

160 2300 329 2328 tenuerunt
344 2298 395 2329 vel
411 2301 521 2328 tenere
541 2301 777 2329 consueverunt
800 2298 995 2339 temporibus
1021 2298 1196 2333 retroactis,
1220 2308 1239 2327 a
1262 2297 1352 2327 nobis
1377 2296 1543 2337 receperit.
1583 2295 1625 2326 Et
1649 2296 1674 2326 si
1699 2306 1773 2325 con-

161 2348 296 2388 tingeret
317 2349 460 2380 invenire
484 2350 607 2390 aliquas
638 2349 820 2380 sentencias
851 2349 1107 2380 interlocutorias
1140 2360 1196 2379 scu
1229 2348 1413 2379 diffinitivas
1445 2358 1501 2378 seu
1532 2347 1618 2377 aliud
1647 2346 1774 2387 aliquod

161 2398 307 2430 iudicium
336 2404 445 2431 contra
474 2400 592 2431 dictum
617 2425 648 2432 ..
673 2401 822 2432 comitem
850 2400 899 2431 vel
924 2400 1059 2431 heredes
1091 2410 1165 2431 suos
1194 2411 1213 2431 a
1242 2400 1332 2430 nobis
1363 2410 1420 2430 seu
1454 2398 1643 2429 auctoritate
1668 2401 1775 2429 nostra

161 2451 375 2492 promulgatas
392 2462 448 2482 seu
465 2452 710 2493 promulgatum,
728 2462 784 2483 nos
802 2452 889 2493 ipsas
907 2451 957 2482 vel
974 2452 1076 2493 ipsum
1097 2452 1224 2493 penitus
1243 2461 1430 2482 revocamus
1448 2454 1480 2481 et
1496 2449 1614 2480 dictum
1633 2473 1658 2479 ..
1677 2449 1773 2479 comi-

161 2504 224 2532 tem
250 2505 281 2533 et
313 2502 449 2534 heredes
481 2513 554 2534 suos
584 2503 656 2534 inde
691 2503 817 2544 penitus
848 2503 1006 2544 quitamus
1036 2506 1068 2533 et
1103 2503 1308 2533 absolvimus.
1358 2501 1558 2532 Presentium
1592 2500 1773 2531 testimonio

163 2552 346 2584 litterarum.

265 2604 381 2635 Datum
414 2605 444 2636 in
468 2606 579 2637 castris
608 2616 707 2647 prope
732 2605 901 2636 cenobium
925 2604 1109 2636 Ballevallis
1135 2605 1358 2635 Cisterciensis
1383 2603 1500 2634 ordinis
1524 2603 1680 2633 Bisintinc
1706 2601 1772 2631 dio-

164 2655 260 2694 aesia,
290 2656 332 2687 II.
354 2656 436 2689 Non.
461 2657 654 2699 Septembr.‚
684 2657 746 2688 ind.
771 2656 927 2696 secunda,
951 2668 1033 2687 anno
1062 2657 1190 2687 Domini
1215 2655 1429 2687 MGCLXXX
1458 2665 1555 2692 nono,
1587 2654 1674 2694 regni
1699 2662 1773 2683 vcro

164 2706 261 2737 nostri
284 2718 366 2738 anno
389 2707 477 2739 XVI.

262 2790 324 2818 418.
344 2793 367 2827 b)
386 2795 421 2818 his
439 2795 556 2827 scriputm
577 2805 612 2820 vr.
695 2797 717 2824 (ᾖ)
737 2786 813 2819 (ubil—
826 2802 921 2825 semper
941 2803 977 2820 or.

1524 2840 1571 2868 522³*
