2259 3116
412 77 450 106 24
773 72 929 98 RUDOLFI
949 73 1053 98 REGIS
1073 72 1394 98 CONSTITUTIONES.
1436 72 1508 97 1273.
1545 72 1591 97 Nr.
1605 72 1646 97 21.
1659 72 1701 97 22.

413 163 553 192 alternat
577 165 609 192 et
634 162 745 199 variat,
770 161 888 201 quique
914 160 1012 190 robur
1035 160 1229 201 multiplicat
1254 162 1285 190 et
1304 158 1563 190 balbucientibus
1588 159 1811 200 eloquenciam
1836 158 1956 197 tribuit,
1980 169 2055 189 con-

411 214 548 245 fidentes
567 217 596 244 et
613 213 758 254 spiritum
777 212 972 243 fortitudinis
997 215 1211 249 assumentes,
1237 212 1275 242 ad
1294 211 1423 242 laudem
1446 214 1478 241 et
1494 211 1630 251 gloriam
1655 211 1742 252 regis
1760 221 1871 251 regum
1897 210 1938 241 ob
1962 221 2055 241 reve-

411 267 551 297 renciam
578 269 690 296 sancte
714 265 825 295 matris
851 264 989 294 ecclesie
1021 267 1053 294 et
1083 263 1240 294 catholice
1270 262 1343 293 fidei
1369 263 1590 293 fulcimentum
1623 265 1689 292 tam
1717 261 1875 292 laboriose
1900 262 2056 293 sollicitu-

410 318 493 348 dinis
506 317 665 348 exercicio
681 320 713 347 ct
728 320 792 346 tam
807 316 932 346 onerosi
947 326 1023 346 cure
1036 314 1228 356 rcgiminis¹,
1246 325 1285 345 ne
1301 314 1383 355 quod
1398 314 1527 355 superui
1544 313 1665 344 consilii
1679 313 1814 344 altitudo
1830 314 2057 353 decreveram,

410 369 574 399 scissionis
609 371 664 399 aut
692 370 823 409 rupture
853 366 1020 408 dispendio
1046 367 1249 407 contingeret
1280 366 1449 400 infirmari,
1479 365 1675 396 subiecimus
1700 365 1853 396 humeros
1878 365 2056 405 inbecilles,
2088 378 2098 396 5

409 423 578 462 sperantes
603 419 687 461 quod
711 419 803 450 nobis
828 424 982 450 causamu
999 417 1061 449 Dei
1086 422 1137 449 et⁰
1163 421 1368 449 sacrosancte
1386 418 1498 448 matris
1517 417 1677 449 ecclesiel'
1701 417 1844 448 animose
1870 418 2057 458 gerentibus

410 483 471 502 non
496 472 611 503 adesse
642 482 706 502 non
731 470 1003 516 debcatlpatcrni
1029 470 1148 500 favoris
1180 472 1211 499 et
1240 469 1417 511 apostolice
1449 469 1557 510 gracie
1582 469 1761 511 plenitude.
1851 469 1899 510 (3)
1924 469 2058 500 Iactatis

410 524 506 565 igitur
532 524 787 565 cogitacionibus
812 523 929 553 nostris
954 523 985 553 in
1009 522 1063 552 illo
1082 522 1172 552 euius
1197 521 1327 562 gracia‘l
1352 521 1490 551 vivimus
1515 524 1548 551 et
1572 521 1603 551 in
1620 521 1712 552 vobis
1729 523 1803 562 post
1821 520 1927 552 Deum
1951 522 2057 562 preci-

409 587 472 617 pue
496 575 638 606 anchora
661 576 728 616 spei
757 577 864 605 nostre
896 574 1036 605 totaliter
1071 574 1244 610 collocata,
1274 573 1468 614 piissimamr
1502 573 1682 603 sanctitatis
1714 575 1821 604 vestre
1846 572 2058 603 clemenciam

409 628 520 658 humili
545 638 676 668 precum
700 627 859 657 instancia
883 626 1107 667 deprecamur,
1133 627 1292 666 quatenus
1317 624 1430 655 110bis¹³
1454 625 1484 655 in
1504 627 1672 666 assumpto
1689 625 1825 666 negocio
1851 624 1891 655 de
1909 624 2057 666 benigni·
2078 636 2102 653 ιο

410 683 475 710 tate
506 682 662 710 consueta
695 678 914 709 favorabiliter
937 678 1121 718 aspirantes
1146 676 1401 707 auxiliatricibus
1426 676 1510 718 apud
1538 677 1744 707 Altissimum
1768 676 1881 707 hostiis
1906 676 2059 707 adiuvare

410 731 586 772 dignemini
618 742 748 761 causam
778 733 936 761 nostram.
973 730 1069 760 immo
1095 730 1197 760 tocius
1228 729 1405 771 reipublice
1431 729 1624 769 specialem,
1657 731 1692 759 ut
1716 729 1746 759 in
1771 739 1828 759 suo
1852 728 2058 770 beneplacito

409 783 552 824 dirigens
595 793 726 823 gressus
757 786 880 812 nostros
916 792 973 822 per
1004 792 1134 811 suorum
1171 781 1321 822 dignetur
1352 792 1410 812 nos
1447 781 1564 812 ducere
1601 781 1765 812 semitam‘
1799 780 2025 811 mandatorum
2038 780 2057 812 ¹.

409 836 454 875 (4)
479 835 521 865 Et
556 838 591 865 ut
626 834 786 865 salubrius
824 836 857 864 et
881 833 1006 863 felicius
1038 843 1076 863 ca
1107 843 1168 874 que
1202 833 1263 863 sibi
1296 833 1380 863 sint¹¹
1404 833 1523 874 placita
1557 835 1590 864 et
1614 833 1753 864 ecclesie
1777 843 1833 863 sue
1859 835 1971 863 sancte
1996 832 2059 862 sint

408 890 500 927 grata
524 887 642 927 ingiter
666 885 817 927 prosequi
842 885 1017 918 valeamus,
1042 885 1171 925 placeat
1195 890 1387 926 quesumusS
1412 885 1575 915 sanctitati
1602 888 1708 916 vestre
1733 885 1892 926 piissime,
1916 894 1974 915 nos
1998 884 2057 914 im·
2078 896 2101 915 ιε,

409 938 536 979 perialis
567 938 688 978 fastigii
724 936 916 978 dyademate
947 936 1127 977 graciosius
1159 936 1319 976 insigniri.
1371 935 1439 966 Nos
1470 936 1555 967 enim
1590 937 1733 978 potentis
1765 936 1863 967 animi
1894 939 2058 966 armatura

409 989 627 1031 preeingimur
651 989 689 1020 ad
708 998 907 1030 quecunque,
933 998 994 1029 que
1020 987 1112 1018 nobis
1138 998 1196 1018 vos
1221 991 1254 1019 et
1277 988 1363 1019 alma
1386 990 1491 1019 mater
1515 989 1656 1019 eeclesia
1674 988 1835 1020 duxeritis
1854 987 2058 1030 imponenda.

615 1107 669 1139 2¹2.
700 1107 945 1139 SCRIPTUM
967 1107 1325 1139 GARDINALIBUS
1345 1107 1536 1139 MJSSUM,
1585 1110 1678 1140 1:273.
1702 1108 1777 1139 Dec.
1794 1110 1845 1139 22.

516 1169 696 1200 Iz'didrrzml
725 1180 753 1199 a.
775 1169 855 1198 1839
881 1167 1222 1199 Hamae-‹l-Brelcolles
1252 1168 1443 1199 ‘Clu-<micon
1468 1168 1697 1199 I’laccnstimam'
1721 1180 1757 1207 p.
1778 1170 1842 1198 346
1869 1171 1896 1199 et
1927 1178 1957 1199 a.
1974 1169 2059 1198 1863

408 1222 512 1252 minus
534 1223 680 1251 (κρηναῖα
704 1220 847 1251 Ρσνήτῖιιε
879 1220 911 1250 in·
935 1220 993 1251 ΒΞ.
1019 1223 1097 1251 tomo
1120 1220 1262 1257 XVIII,
1293 1220 1355 1249 559
1383 1230 1422 1250 err
1452 1221 1544 1251 unico
1579 1220 1681 1252 codice
1712 1220 1862 1252 Parisino
1891 1219 1946 1251 lat.
1971 1221 2054 1249 4931
2074 1225 2098 1243 20

406 1284 486 1304 saec.
506 1273 607 1304 XIII.
627 1273 654 1313 Ῑζ
674 1274 731 1310 Μ’,
758 1282 890 1311 qnorum
921 1271 1069 1302 editiones
1099 1272 1198 1302 seculi
1227 1283 1344 1302 santus.
1392 1272 1639 1312 (hlhoyraphiac
1668 1271 1800 1303 Italicae
1829 1271 1958 1311 vcstiy‘e'a
1989 1281 2054 1301 scr-

409 1325 509 1355 rmzda
525 1335 588 1355 rnon
604 1335 666 1355 esse
682 1324 842 1354 (lusimus.
878 1323 1001 1354 Partim
1019 1323 1109 1354 *verba
1125 1326 1301 1363 eoum-mant
1316 1334 1386 1355 cnm
1402 1335 1450 1355 nr.
1464 1326 1515 1354 21.
1530 1342 1570 1347 —
1585 1324 1731 1362 Bolzmcr,
1749 1324 1823 1363 Rea.
1840 1323 1911 1362 imp.
1932 1322 1988 1360 VI,
2003 1323 2052 1353 59.

1766 1375 1819 1415 (P.
1838 1375 1945 1415 deest.)

513 1435 763 1467 Venerabilibus
788 1436 818 1466 in
840 1435 966 1467 Christo
992 1436 1136 1477 patribus
1154 1436 1313 1468 universis
1331 1436 1438 1467 divina
1455 1436 1663 1478 providencia
1680 1439 1886 1467 sacrosancte
1901 1435 2052 1466 Romane

407 1487 542 1518 ecclesie
568 1487 785 1518 cardinalibus
810 1487 969 1518 Rodulfus
994 1487 1056 1518 Dei
1079 1488 1185 1529 gratia
1208 1488 1425 1519 Romanorum
1452 1500 1510 1519 rex
1535 1499 1664 1530 semper
1687 1490 1844 1529 augustus
1868 1489 2050 1528 promptam
2074 1497 2098 1515 2⁵

407 1542 438 1569 ct
462 1542 606 1580 paratam
631 1549 741 1569 eorum
766 1539 981 1580 beneplacitis
1007 1540 1218 1571 voluntatem.

514 1591 562 1632 tl)
580 1591 746 1632 Principes
764 1591 794 1621 in
812 1591 1049 1621 Romanorum-⁴·
1068 1592 1226 1623 electione
1252 1592 1348 1633 regis,
1375 1592 1414 1623 ad
1433 1603 1512 1634 quos
1530 1591 1569 1623 de
1587 1592 1655 1623 iure
1673 1594 1704 1623 et
1721 1591 1902 1633 approbata
1919 1601 2056 1621 consue-

409 1642 517 1673 tudine
543 1643 590 1673 ins
615 1642 755 1683 eligendi
781 1641 980 1685 [competit]b
1008 1643 1048 1674 ab
1073 1644 1223 1685 antiquo,
1259 1654 1316 1685 per
1346 1644 1448 1674 multa
1478 1647 1624 1685 tempora
1653 1643 1781 1675 desides
1814 1647 1845 1674 et
1882 1642 2057 1682 discordes,

407 1705 469 1724 non
494 1694 603 1724 multis
628 1694 740 1725 diebus
767 1695 894 1736 elapsis,
919 1694 970 1725 die
996 1695 1132 1736 locoque
1158 1696 1312 1736 prefixisc
1336 1696 1375 1726 ab
1401 1696 1566 1734 omnibus,
1592 1696 1645 1737 qui
1669 1695 1860 1733 debuerunt,
1886 1697 2058 1736 potuerunt

407 1749 439 1776 ct
456 1746 624 1776 voluerunt
647 1746 813 1784 interesse,
839 1747 1072 1777 convenientes
1098 1747 1128 1777 in
1156 1758 1255 1777 unum
1280 1750 1352 1788 post
1369 1748 1473 1778 varios
1498 1747 1538 1778 de
1562 1747 1659 1778 futuri
1685 1747 1770 1788 regis
1788 1747 1946 1778 electione
1971 1749 2054 1777 trac·
2076 1759 2100 1777 30

407 1800 492 1827 tatus
511 1797 640 1827 tandem
667 1797 725 1828 sub
744 1797 988 1829 deliberationis
1014 1798 1140 1840 prolixe
1160 1799 1304 1838 consilio,
1330 1810 1391 1841 que
1417 1800 1544 1840 negocii
1563 1799 1820 1840 magnitudinem
1845 1798 2056 1837 condecebat,
2124 1790 2127 1791 ⁷

407 1849 482 1879 licet
515 1848 701 1890 potuerintd
727 1850 756 1879 in
790 1850 997 1891 quamplures
1036 1851 1116 1881 alios
1151 1851 1308 1882 claritatis
1344 1852 1448 1882 meriti
1480 1851 1610 1882 dotibus
1644 1850 1810 1882 redimitos
1835 1853 1866 1881 ct
1895 1849 2057 1891 amplioris

366 1893 369 1898 ¹
409 1900 589 1941 prestancie
608 1901 826 1931 luminositatc
845 1902 1033 1942 conspicuos
1061 1903 1272 1941 consensisse,
1299 1903 1328 1933 in
1354 1914 1410 1933 nos
1438 1907 1547 1934 tamen
1572 1903 1612 1933 ad
1638 1906 1702 1933 tam
1726 1903 1871 1945 precelse
1890 1901 2056 1943 dignitatis

408 1952 572 1991 fastigium
597 1952 682 1982 nullo
708 1963 838 1993 prorsus
863 1953 985 1983 ambitu
1010 1954 1215 1994 aspirantcs⁰
1242 1955 1353 1985 oculos
1379 1965 1452 1985 suos
1479 1955 1683 1985 concorditer
1708 1955 1908 1993 direxerunt,
1933 1964 1991 1984 nos
2017 1953 2057 1984 ad

408 2003 531 2044 imperii
558 2004 700 2044 regimen
719 2004 888 2043 erigentes.
985 2004 1031 2045 (2)
1056 2005 1123 2035 Nos
1143 2006 1262 2046 itaque,
1288 2005 1411 2048 {licot]b
1438 2009 1591 2048 tanquam
1612 2005 1732 2048 stupidi
1758 2005 1884 2047 trepido
1910 2006 2055 2037 revolve·
2075 2018 2099 2037 35

408 2054 506 2084 rimus
532 2055 561 2084 in
586 2055 702 2093 animo,
727 2066 788 2096 quc
815 2060 846 2086 et
871 2056 974 2097 qualis
1001 2060 1087 2087 esset
1112 2057 1294 2088 huiusmodi
1320 2058 1538 2099 dispositionis
1569 2058 1677 2089 divine
1702 2058 1842 2093 vocatio,
1876 2060 1982 2089 nostre
2007 2058 2055 2088 in-

408 2106 605 2136 sufficicncie
635 2117 697 2136 non
729 2107 831 2147 ignari
861 2112 892 2137 et
918 2108 1062 2149 inspecta
1092 2109 1242 2139 deorsum
1275 2110 1473 2140 subiacentis
1503 2110 1600 2141 abissi
1626 2110 1706 2141 facie
1731 2109 1951 2141 timuerimusr
1973 2109 2054 2140 adeo

408 2158 637 2197 preemincntis
663 2158 863 2189 adscendere
889 2160 1055 2200 speculam
1081 2159 1255 2201 dignitatis,
1283 2162 1313 2191 in
1339 2172 1376 2192 eo
1395 2165 1513 2200 tamen,
1540 2162 1592 2203 qui
1611 2162 1787 2203 indagabili
1803 2162 2055 2204 dispensationis

408 2219 463 2238 sue
498 2209 631 2238 consilio
664 2209 865 2241 conditiones
904 2214 1071 2251 statusque
1106 2212 1304 2243 terrestrium
1336 2217 1432 2254 prout
1464 2214 1529 2244 vult
1564 2215 1703 2244 alternat
1732 2218 1763 2244 ct
1787 2214 1906 2251 variat,
1938 2213 2055 2255 quique

408 2260 497 2300 ponit
522 2259 658 2291 humiles
689 2261 718 2290 in
745 2262 873 2292 sublimi
907 2266 939 2292 ct
969 2263 1094 2293 infirma
1125 2264 1326 2301 corroborat,
1362 2265 1511 2306 spiritum
1548 2265 1742 2296 fortitudinis
1771 2269 1988 2304 assumentes,
2014 2264 2054 2296 ad
2074 2278 2099 2297 40

408 2311 536 2341 laudem
559 2315 589 2341 ct
615 2312 749 2351 gloriam
777 2314 861 2353 regis
888 2325 999 2353 regum
1025 2314 1064 2344 ob
1091 2316 1306 2346 reverentiam
1331 2320 1440 2347 sancte
1468 2317 1577 2347 matris
1602 2317 1740 2348 ecclesie
1765 2321 1796 2347 et
1821 2317 2054 2348 exaltationem

408 2362 564 2393 catholice
588 2362 672 2399 fidei,
698 2363 756 2393 snb
781 2364 865 2394 illins
883 2364 1000 2395 fidncia
1017 2366 1069 2405 qui
1088 2365 1141 2396 dat
1160 2367 1289 2397 omniass'
1315 2378 1371 2408 per
1388 2368 1524 2407 gratiam
1552 2369 1648 2399 forcia
1666 2379 1727 2410 que
1752 2371 1826 2399 sunt
1849 2368 1975 2409 fragilia
2000 2379 2056 2409 per

473 2450 488 2461 *
510 2447 555 2473 2'1.
581 2448 598 2469 ¹>
622 2459 724 2473 murs-nse
754 2459 812 2474 rnre
842 2451 956 2481 regimini
988 2451 1016 2475 Iz'.
1118 2455 1148 2481 ¹¹¹)
1170 2453 1223 2477 loro
1243 2454 1351 2478 altitudo
1371 2455 1514 2479 decreverat
1538 2455 1570 2479 lz':
1599 2456 1738 2480 clemencia
1766 2456 1911 2480 decreverat
1939 2456 2054 2480 altitudo.

408 2495 431 2511 ¹¹'1
453 2496 502 2515 tam
527 2492 553 2516 Η,
656 2498 678 2515 ¹¹>
700 2502 774 2524 qnsnn
799 2494 824 2517 lz'.
927 2495 950 2525 v>
971 2503 1014 2526 spe
1035 2495 1094 2519 add.
1119 2495 1146 2519 ll.
1248 2502 1272 2518 ‹1›
1292 2497 1394 2528 imperio
1421 2497 1444 2521 T.
1468 2498 1492 2522 Γ.
1589 2502 1609 2528 1')
1629 2498 1742 2530 piissima
1761 2497 1792 2522 E.
1896 2498 1917 2528 ⁵)
1937 2498 2003 2523 ‹lec-s(
2022 2497 2053 2522 E.

409 2534 426 2563 ἲ)
446 2535 535 2558 semita
559 2535 586 2558 lz'.
677 2540 700 2560 ¹¹!
721 2542 762 2559 ⁴sut
786 2536 812 2560 ll.
2072 2546 2095 2564 ⁴⁵

509 2593 554 2619 22.
574 2596 597 2625 ³¹)
619 2596 723 2619 lhnnani
748 2596 777 2619 ll.
799 2596 827 2620 I'.
899 2595 921 2626 b)
942 2597 1008 2620 dms!
1027 2606 1045 2620 c.
1117 2603 1139 2627 c)
1160 2599 1200 2623 ‹lio
1221 2603 1348 2631 noctuque
1369 2601 1494 2632 profusis?
1517 2601 1548 2625 ΙΙ,
1621 2600 1644 2632 d)
1665 2601 1774 2633 poterint
1794 2601 1829 2625 II.
1844 2601 1873 2626 Γ.
1945 2601 1968 2631 ⁰)
1987 2601 2053 2632 aspi-

409 2637 486 2660 rantis
507 2637 541 2661 Jl.
562 2638 590 2662 1¹.
681 2638 699 2666 ἶ)
715 2640 871 2664 renuerimus
897 2640 926 2663 ΙΙ.
1015 2644 1039 2662 Η)
1059 2641 1093 2664 sic
1113 2641 1147 2665 ΙΙ.

514 2697 535 2721 l)
557 2696 600 2721 Ιέ.
625 2702 673 2728 ιμ’,
685 2702 723 2723 ³5».
