<?xml version="1.0" encoding="UTF-8"?>
<!DOCTYPE html PUBLIC "-//W3C//DTD XHTML 1.0 Transitional//EN"
    "http://www.w3.org/TR/xhtml1/DTD/xhtml1-transitional.dtd">
<html xmlns="http://www.w3.org/1999/xhtml" xml:lang="en" lang="en">
 <head>
  <title>
</title>
<meta http-equiv="Content-Type" content="text/html;charset=utf-8" />
  <meta name='ocr-system' content='tesseract 3.04.00' />
  <meta name='ocr-capabilities' content='ocr_page ocr_carea ocr_par ocr_line ocrx_word'/>
</head>
<body>
  <div class='ocr_page' id='page_1' title='image "./monumentagelegum03geseuoft/monumentagelegum03geseuoft_0145.png"; bbox 0 0 2259 3164; ppageno 0'>
   <div class='ocr_carea' id='block_1_1' title="bbox 73 764 96 782">
    <p class='ocr_par' dir='ltr' id='par_1_1' title="bbox 73 764 96 782">
     <span class='ocr_line' id='line_1_1' title="bbox 73 764 96 782; baseline 0 0"><span class='ocrx_word' id='word_1_1' title='bbox 73 764 96 782; x_wconf 82' lang='lat'>10</span> 
     </span>
    </p>
   </div>
   <div class='ocr_carea' id='block_1_2' title="bbox 74 1022 96 1040">
    <p class='ocr_par' dir='ltr' id='par_1_2' title="bbox 74 1022 96 1040">
     <span class='ocr_line' id='line_1_2' title="bbox 74 1022 96 1040; baseline 0 0"><span class='ocrx_word' id='word_1_2' title='bbox 74 1022 96 1040; x_wconf 84' lang='lat'>15</span> 
     </span>
    </p>
   </div>
   <div class='ocr_carea' id='block_1_3' title="bbox 77 1538 100 1558">
    <p class='ocr_par' dir='ltr' id='par_1_3' title="bbox 77 1538 100 1558">
     <span class='ocr_line' id='line_1_3' title="bbox 77 1538 100 1558; baseline -0.043 0"><span class='ocrx_word' id='word_1_3' title='bbox 77 1538 100 1558; x_wconf 82' lang='lat'>25</span> 
     </span>
    </p>
   </div>
   <div class='ocr_carea' id='block_1_4' title="bbox 79 1796 103 1816">
    <p class='ocr_par' dir='ltr' id='par_1_4' title="bbox 79 1796 103 1816">
     <span class='ocr_line' id='line_1_4' title="bbox 79 1796 103 1816; baseline 0 0"><span class='ocrx_word' id='word_1_4' title='bbox 79 1796 103 1816; x_wconf 78' lang='lat'>30</span> 
     </span>
    </p>
   </div>
   <div class='ocr_carea' id='block_1_5' title="bbox 81 2056 104 2075">
    <p class='ocr_par' dir='ltr' id='par_1_5' title="bbox 81 2056 104 2075">
     <span class='ocr_line' id='line_1_5' title="bbox 81 2056 104 2075; baseline -0.043 0"><span class='ocrx_word' id='word_1_5' title='bbox 81 2056 104 2075; x_wconf 82' lang='lat'>³5</span> 
     </span>
    </p>
   </div>
   <div class='ocr_carea' id='block_1_6' title="bbox 82 2314 107 2333">
    <p class='ocr_par' dir='ltr' id='par_1_6' title="bbox 82 2314 107 2333">
     <span class='ocr_line' id='line_1_6' title="bbox 82 2314 107 2333; baseline 0.04 -1"><span class='ocrx_word' id='word_1_6' title='bbox 82 2314 107 2333; x_wconf 76' lang='lat'>40</span> 
     </span>
    </p>
   </div>
   <div class='ocr_carea' id='block_1_7' title="bbox 84 2571 108 2590">
    <p class='ocr_par' dir='ltr' id='par_1_7' title="bbox 84 2571 108 2590">
     <span class='ocr_line' id='line_1_7' title="bbox 84 2571 108 2590; baseline 0.042 -1"><span class='ocrx_word' id='word_1_7' title='bbox 84 2571 108 2590; x_wconf 77' lang='lat'>⁴⁵</span> 
     </span>
    </p>
   </div>
   <div class='ocr_carea' id='block_1_8' title="bbox 119 192 1760 2754">
    <p class='ocr_par' dir='ltr' id='par_1_8' title="bbox 119 192 1747 734">
     <span class='ocr_line' id='line_1_8' title="bbox 492 192 1742 234; baseline 0.009 -16"><span class='ocrx_word' id='word_1_8' title='bbox 492 192 650 219; x_wconf 79' lang='lat' dir='ltr'>RUDOLFI</span> <span class='ocrx_word' id='word_1_9' title='bbox 668 193 772 220; x_wconf 75' lang='lat' dir='ltr'>REGIS</span> <span class='ocrx_word' id='word_1_10' title='bbox 791 193 1111 222; x_wconf 66' lang='lat' dir='ltr'>CONSTITUTIONES.</span> <span class='ocrx_word' id='word_1_11' title='bbox 1149 197 1221 224; x_wconf 71' lang='lat'>1276.</span> <span class='ocrx_word' id='word_1_12' title='bbox 1258 199 1303 225; x_wconf 65' lang='grc' dir='ltr'>ΝΥ.</span> <span class='ocrx_word' id='word_1_13' title='bbox 1320 200 1373 226; x_wconf 82' lang='grc'>114.</span> <span class='ocrx_word' id='word_1_14' title='bbox 1688 205 1742 234; x_wconf 78' lang='grc'>107</span> 
     </span>
     <span class='ocr_line' id='line_1_9' title="bbox 120 284 1744 324; baseline 0.004 -11"><span class='ocrx_word' id='word_1_15' title='bbox 120 286 164 313; x_wconf 85' lang='lat' dir='ltr'>vel</span> <span class='ocrx_word' id='word_1_16' title='bbox 185 285 260 313; x_wconf 82' lang='lat' dir='ltr'>feudi</span> <span class='ocrx_word' id='word_1_17' title='bbox 282 284 367 311; x_wconf 87' lang='lat' dir='ltr'>titulo</span> <span class='ocrx_word' id='word_1_18' title='bbox 396 284 489 311; x_wconf 87' lang='lat' dir='ltr'>tenuit</span> <span class='ocrx_word' id='word_1_19' title='bbox 512 285 556 311; x_wconf 84' lang='lat' dir='ltr'>vel</span> <span class='ocrx_word' id='word_1_20' title='bbox 580 293 629 311; x_wconf 89' lang='lat' dir='ltr'>sua</span> <span class='ocrx_word' id='word_1_21' title='bbox 660 285 779 318; x_wconf 87' lang='lat' dir='ltr'>pecunia</span> <span class='ocrx_word' id='word_1_22' title='bbox 802 286 988 319; x_wconf 78' lang='lat' dir='ltr'>comparavit,</span> <span class='ocrx_word' id='word_1_23' title='bbox 1018 289 1045 313; x_wconf 82' lang='lat' dir='ltr'>ct</span> <span class='ocrx_word' id='word_1_24' title='bbox 1074 288 1183 314; x_wconf 72' lang='lat' dir='ltr'>casdem</span> <span class='ocrx_word' id='word_1_25' title='bbox 1207 291 1294 315; x_wconf 72' lang='lat' dir='ltr'>terras</span> <span class='ocrx_word' id='word_1_26' title='bbox 1322 291 1379 316; x_wconf 55' lang='lat' dir='ltr'>sive</span> <span class='ocrx_word' id='word_1_27' title='bbox 1408 292 1594 324; x_wconf 70' lang='lat' dir='ltr'>possessiones</span> <span class='ocrx_word' id='word_1_28' title='bbox 1617 293 1744 319; x_wconf 85' lang='lat' dir='ltr'>dominus</span> 
     </span>
     <span class='ocr_line' id='line_1_10' title="bbox 119 336 1745 376; baseline 0.003 -11"><span class='ocrx_word' id='word_1_29' title='bbox 119 347 167 365; x_wconf 84' lang='lat' dir='ltr'>rex</span> <span class='ocrx_word' id='word_1_30' title='bbox 188 337 375 364; x_wconf 80' lang='lat' dir='ltr'>Romanorum</span> <span class='ocrx_word' id='word_1_31' title='bbox 397 345 447 362; x_wconf 89' lang='lat' dir='ltr'>suo</span> <span class='ocrx_word' id='word_1_32' title='bbox 470 336 542 363; x_wconf 68' lang='lat' dir='ltr'>filio*</span> <span class='ocrx_word' id='word_1_33' title='bbox 571 336 708 370; x_wconf 79' lang='lat' dir='ltr'>obligabit</span> <span class='ocrx_word' id='word_1_34' title='bbox 731 346 780 370; x_wconf 89' lang='lat' dir='ltr'>pro</span> <span class='ocrx_word' id='word_1_35' title='bbox 804 338 985 371; x_wconf 82' lang='lat' dir='ltr'>quatraginta</span> <span class='ocrx_word' id='word_1_36' title='bbox 1009 339 1119 365; x_wconf 84' lang='lat' dir='ltr'>milibus</span> <span class='ocrx_word' id='word_1_37' title='bbox 1143 340 1314 367; x_wconf 84' lang='lat' dir='ltr'>marcharum</span> <span class='ocrx_word' id='word_1_38' title='bbox 1339 343 1460 374; x_wconf 63' lang='lat' dir='ltr'>urgenti,</span> <span class='ocrx_word' id='word_1_39' title='bbox 1484 353 1552 376; x_wconf 76' lang='lat' dir='ltr'>quas</span> <span class='ocrx_word' id='word_1_40' title='bbox 1576 344 1664 370; x_wconf 82' lang='lat' dir='ltr'>eidem</span> <span class='ocrx_word' id='word_1_41' title='bbox 1689 345 1745 370; x_wconf 87' lang='lat' dir='ltr'>filio</span> 
     </span>
     <span class='ocr_line' id='line_1_11' title="bbox 119 387 1744 429; baseline 0.003 -13"><span class='ocrx_word' id='word_1_42' title='bbox 119 390 148 416; x_wconf 88' lang='lat' dir='ltr'>in</span> <span class='ocrx_word' id='word_1_43' title='bbox 170 389 350 416; x_wconf 70' lang='lat' dir='ltr'>donationem</span> <span class='ocrx_word' id='word_1_44' title='bbox 372 389 488 422; x_wconf 82' lang='lat' dir='ltr'>propter</span> <span class='ocrx_word' id='word_1_45' title='bbox 510 387 624 421; x_wconf 78' lang='lat' dir='ltr'>nuptias</span> <span class='ocrx_word' id='word_1_46' title='bbox 648 388 803 422; x_wconf 73' lang='lat' dir='ltr'>deputabit.</span> <span class='ocrx_word' id='word_1_47' title='bbox 842 390 930 416; x_wconf 84' lang='lat' dir='ltr'>Salvis</span> <span class='ocrx_word' id='word_1_48' title='bbox 953 390 982 416; x_wconf 89' lang='lat' dir='ltr'>in</span> <span class='ocrx_word' id='word_1_49' title='bbox 1005 392 1123 424; x_wconf 82' lang='lat' dir='ltr'>utroque</span> <span class='ocrx_word' id='word_1_50' title='bbox 1142 400 1206 418; x_wconf 84' lang='lat' dir='ltr'>casu</span> <span class='ocrx_word' id='word_1_51' title='bbox 1223 393 1445 427; x_wconf 67' lang='lat' dir='ltr'>archiepiscopis,</span> <span class='ocrx_word' id='word_1_52' title='bbox 1470 395 1615 429; x_wconf 68' lang='lat' dir='ltr'>episcopis,</span> <span class='ocrx_word' id='word_1_53' title='bbox 1640 396 1744 422; x_wconf 86' lang='lat' dir='ltr'>comiti-</span> 
     </span>
     <span class='ocr_line' id='line_1_12' title="bbox 120 439 1745 479; baseline 0.002 -12"><span class='ocrx_word' id='word_1_54' title='bbox 120 441 178 473; x_wconf 89' lang='lat' dir='ltr'>bus,</span> <span class='ocrx_word' id='word_1_55' title='bbox 201 440 359 472; x_wconf 83' lang='lat' dir='ltr'>baronibus,</span> <span class='ocrx_word' id='word_1_56' title='bbox 383 439 613 466; x_wconf 74' lang='lat' dir='ltr'>ministerialibus</span> <span class='ocrx_word' id='word_1_57' title='bbox 630 441 658 466; x_wconf 88' lang='lat' dir='ltr'>et</span> <span class='ocrx_word' id='word_1_58' title='bbox 675 440 737 466; x_wconf 80' lang='lat' dir='ltr'>aliis</span> <span class='ocrx_word' id='word_1_59' title='bbox 754 441 912 467; x_wconf 87' lang='lat' dir='ltr'>hominibus</span> <span class='ocrx_word' id='word_1_60' title='bbox 929 442 1147 475; x_wconf 81' lang='lat' dir='ltr'>quibuscumque</span> <span class='ocrx_word' id='word_1_61' title='bbox 1172 443 1239 475; x_wconf 66' lang='lat' dir='ltr'>iuro,</span> <span class='ocrx_word' id='word_1_62' title='bbox 1263 445 1336 476; x_wconf 74' lang='lat' dir='ltr'>quod</span> <span class='ocrx_word' id='word_1_63' title='bbox 1360 445 1386 470; x_wconf 91' lang='lat' dir='ltr'>in</span> <span class='ocrx_word' id='word_1_64' title='bbox 1405 446 1510 477; x_wconf 71' lang='lat' dir='ltr'>castris,</span> <span class='ocrx_word' id='word_1_65' title='bbox 1534 447 1745 479; x_wconf 70' lang='lat' dir='ltr'>municionibus,</span> 
     </span>
     <span class='ocr_line' id='line_1_13' title="bbox 121 491 1746 528; baseline 0.003 -9"><span class='ocrx_word' id='word_1_66' title='bbox 121 491 339 528; x_wconf 79' lang='lat' dir='ltr'>possessionibus</span> <span class='ocrx_word' id='word_1_67' title='bbox 363 492 392 518; x_wconf 87' lang='lat' dir='ltr'>et</span> <span class='ocrx_word' id='word_1_68' title='bbox 415 491 513 523; x_wconf 85' lang='lat' dir='ltr'>feudis,</span> <span class='ocrx_word' id='word_1_69' title='bbox 540 500 594 524; x_wconf 89' lang='lat' dir='ltr'>que</span> <span class='ocrx_word' id='word_1_70' title='bbox 619 500 716 518; x_wconf 76' lang='lat' dir='ltr'>vacare</span> <span class='ocrx_word' id='word_1_71' title='bbox 739 494 873 526; x_wconf 83' lang='lat' dir='ltr'>ceperunt</span> <span class='ocrx_word' id='word_1_72' title='bbox 897 493 999 519; x_wconf 77' lang='lat' dir='ltr'>eisdem</span> <span class='ocrx_word' id='word_1_73' title='bbox 1023 494 1051 519; x_wconf 87' lang='lat' dir='ltr'>in</span> <span class='ocrx_word' id='word_1_74' title='bbox 1073 494 1200 520; x_wconf 86' lang='lat' dir='ltr'>districtu</span> <span class='ocrx_word' id='word_1_75' title='bbox 1224 495 1297 521; x_wconf 78' lang='lat' dir='ltr'>dictu</span> <span class='ocrx_word' id='word_1_76' title='bbox 1315 498 1394 528; x_wconf 62' lang='lat' dir='ltr'>terre,</span> <span class='ocrx_word' id='word_1_77' title='bbox 1419 497 1521 523; x_wconf 72' lang='lat' dir='ltr'>habent</span> <span class='ocrx_word' id='word_1_78' title='bbox 1545 507 1592 523; x_wconf 81' lang='lat' dir='ltr'>seu</span> <span class='ocrx_word' id='word_1_79' title='bbox 1614 499 1746 524; x_wconf 83' lang='lat' dir='ltr'>hactenus</span> 
     </span>
     <span class='ocr_line' id='line_1_14' title="bbox 120 542 1747 583; baseline 0.002 -12"><span class='ocrx_word' id='word_1_80' title='bbox 120 545 284 571; x_wconf 76' lang='lat' dir='ltr'>habuerunt.</span> <span class='ocrx_word' id='word_1_81' title='bbox 328 542 365 569; x_wconf 86' lang='lat' dir='ltr'>Et</span> <span class='ocrx_word' id='word_1_82' title='bbox 395 543 520 569; x_wconf 85' lang='lat' dir='ltr'>eamdem</span> <span class='ocrx_word' id='word_1_83' title='bbox 549 544 652 569; x_wconf 85' lang='lat' dir='ltr'>terram</span> <span class='ocrx_word' id='word_1_84' title='bbox 682 543 810 569; x_wconf 86' lang='lat' dir='ltr'>dominus</span> <span class='ocrx_word' id='word_1_85' title='bbox 840 552 887 569; x_wconf 77' lang='lat' dir='ltr'>rex</span> <span class='ocrx_word' id='word_1_86' title='bbox 911 544 1097 571; x_wconf 84' lang='lat' dir='ltr'>Romanorum</span> <span class='ocrx_word' id='word_1_87' title='bbox 1121 546 1164 571; x_wconf 77' lang='lat' dir='ltr'>vel</span> <span class='ocrx_word' id='word_1_88' title='bbox 1195 555 1333 572; x_wconf 74' lang='lat' dir='ltr'>successor</span> <span class='ocrx_word' id='word_1_89' title='bbox 1361 548 1446 581; x_wconf 79' lang='lat' dir='ltr'>ipsius</span> <span class='ocrx_word' id='word_1_90' title='bbox 1474 549 1519 582; x_wconf 79' lang='lat' dir='ltr'>qui</span> <span class='ocrx_word' id='word_1_91' title='bbox 1550 558 1598 583; x_wconf 89' lang='lat' dir='ltr'>pro</span> <span class='ocrx_word' id='word_1_92' title='bbox 1623 552 1747 583; x_wconf 84' lang='lat' dir='ltr'>tempore</span> 
     </span>
     <span class='ocr_line' id='line_1_15' title="bbox 120 589 1745 630; baseline 0.002 -8"><span class='ocrx_word' id='word_1_93' title='bbox 120 596 204 623; x_wconf 87' lang='lat' dir='ltr'>fuerit</span> <span class='ocrx_word' id='word_1_94' title='bbox 225 595 260 622; x_wconf 85' lang='lat' dir='ltr'>ab</span> <span class='ocrx_word' id='word_1_95' title='bbox 283 595 344 629; x_wconf 88' lang='lat' dir='ltr'>ipso</span> <span class='ocrx_word' id='word_1_96' title='bbox 367 594 423 621; x_wconf 88' lang='lat' dir='ltr'>filio</span> <span class='ocrx_word' id='word_1_97' title='bbox 448 602 496 621; x_wconf 90' lang='lat' dir='ltr'>suo</span> <span class='ocrx_word' id='word_1_98' title='bbox 521 589 742 620; x_wconf 72' lang='lat' dir='ltr'>Hartmannod</span> <span class='ocrx_word' id='word_1_99' title='bbox 767 595 885 621; x_wconf 75' lang='lat' dir='ltr'>redimet</span> <span class='ocrx_word' id='word_1_100' title='bbox 908 604 957 629; x_wconf 87' lang='lat' dir='ltr'>pro</span> <span class='ocrx_word' id='word_1_101' title='bbox 981 596 1099 630; x_wconf 84' lang='lat' dir='ltr'>pecunia</span> <span class='ocrx_word' id='word_1_102' title='bbox 1115 597 1266 629; x_wconf 83' lang='lat' dir='ltr'>nominata,</span> <span class='ocrx_word' id='word_1_103' title='bbox 1291 600 1318 624; x_wconf 83' lang='lat' dir='ltr'>et</span> <span class='ocrx_word' id='word_1_104' title='bbox 1342 599 1363 624; x_wconf 88' lang='lat' dir='ltr'>si</span> <span class='ocrx_word' id='word_1_105' title='bbox 1389 599 1458 626; x_wconf 81' lang='lat' dir='ltr'>idem</span> <span class='ocrx_word' id='word_1_106' title='bbox 1475 600 1546 626; x_wconf 82' lang='lat' dir='ltr'>filius</span> <span class='ocrx_word' id='word_1_107' title='bbox 1570 601 1628 626; x_wconf 77' lang='lat' dir='ltr'>sine</span> <span class='ocrx_word' id='word_1_108' title='bbox 1647 601 1745 626; x_wconf 62' lang='lat' dir='ltr'>herede</span> 
     </span>
     <span class='ocr_line' id='line_1_16' title="bbox 120 646 1747 685; baseline 0.002 -10"><span class='ocrx_word' id='word_1_109' title='bbox 120 647 280 680; x_wconf 81' lang='lat' dir='ltr'>decesserit,</span> <span class='ocrx_word' id='word_1_110' title='bbox 309 646 435 680; x_wconf 77' lang='lat' dir='ltr'>predicta</span> <span class='ocrx_word' id='word_1_111' title='bbox 464 646 538 672; x_wconf 88' lang='lat' dir='ltr'>bona</span> <span class='ocrx_word' id='word_1_112' title='bbox 566 646 640 679; x_wconf 82' lang='lat' dir='ltr'>apud</span> <span class='ocrx_word' id='word_1_113' title='bbox 669 646 815 680; x_wconf 87' lang='lat' dir='ltr'>imperium</span> <span class='ocrx_word' id='word_1_114' title='bbox 840 647 1022 673; x_wconf 79' lang='lat' dir='ltr'>remanebunt</span> <span class='ocrx_word' id='word_1_115' title='bbox 1050 657 1100 674; x_wconf 80' lang='lat' dir='ltr'>nec</span> <span class='ocrx_word' id='word_1_116' title='bbox 1124 648 1157 674; x_wconf 87' lang='lat' dir='ltr'>ad</span> <span class='ocrx_word' id='word_1_117' title='bbox 1181 658 1293 675; x_wconf 74' lang='lat' dir='ltr'>uxorem</span> <span class='ocrx_word' id='word_1_118' title='bbox 1317 649 1403 683; x_wconf 82' lang='lat' dir='ltr'>ipsius</span> <span class='ocrx_word' id='word_1_119' title='bbox 1433 651 1515 677; x_wconf 81' lang='lat' dir='ltr'>filiam</span> <span class='ocrx_word' id='word_1_120' title='bbox 1541 652 1612 685; x_wconf 83' lang='lat' dir='ltr'>regis</span> <span class='ocrx_word' id='word_1_121' title='bbox 1637 652 1747 678; x_wconf 65' lang='lat' dir='ltr'>lssoemie</span> 
     </span>
     <span class='ocr_line' id='line_1_17' title="bbox 121 697 795 734; baseline -0.004 -8"><span class='ocrx_word' id='word_1_122' title='bbox 121 700 267 734; x_wconf 86' lang='lat' dir='ltr'>quicquam</span> <span class='ocrx_word' id='word_1_123' title='bbox 290 699 323 725; x_wconf 84' lang='lat' dir='ltr'>de</span> <span class='ocrx_word' id='word_1_124' title='bbox 339 698 419 725; x_wconf 89' lang='lat' dir='ltr'>bonis</span> <span class='ocrx_word' id='word_1_125' title='bbox 442 697 601 724; x_wconf 84' lang='lat' dir='ltr'>huiusmodi</span> <span class='ocrx_word' id='word_1_126' title='bbox 624 698 795 724; x_wconf 79' lang='lat' dir='ltr'>devolvetur.</span> 
     </span>
    </p>

    <p class='ocr_par' dir='ltr' id='par_1_9' title="bbox 121 749 1754 1502">
     <span class='ocr_line' id='line_1_18' title="bbox 229 749 1744 780; baseline 0.002 -4"><span class='ocrx_word' id='word_1_127' title='bbox 229 751 254 777; x_wconf 84' lang='lat'>8.</span> <span class='ocrx_word' id='word_1_128' title='bbox 268 751 339 776; x_wconf 85' lang='lat' dir='ltr'>Item</span> <span class='ocrx_word' id='word_1_129' title='bbox 354 749 481 776; x_wconf 88' lang='lat' dir='ltr'>dominus</span> <span class='ocrx_word' id='word_1_130' title='bbox 498 750 593 776; x_wconf 87' lang='lat' dir='ltr'>noster</span> <span class='ocrx_word' id='word_1_131' title='bbox 609 749 640 775; x_wconf 75' lang='lat' dir='ltr'>R.</span> <span class='ocrx_word' id='word_1_132' title='bbox 657 749 845 776; x_wconf 84' lang='lat' dir='ltr'>Romanorum</span> <span class='ocrx_word' id='word_1_133' title='bbox 868 758 915 775; x_wconf 80' lang='lat' dir='ltr'>rex</span> <span class='ocrx_word' id='word_1_134' title='bbox 932 750 1025 775; x_wconf 85' lang='lat' dir='ltr'>tradet</span> <span class='ocrx_word' id='word_1_135' title='bbox 1041 759 1117 776; x_wconf 84' lang='lat' dir='ltr'>suain</span> <span class='ocrx_word' id='word_1_136' title='bbox 1134 751 1218 776; x_wconf 86' lang='lat' dir='ltr'>filiam</span> <span class='ocrx_word' id='word_1_137' title='bbox 1263 753 1274 765; x_wconf 52' lang='grc' dir='ltr'>Ε</span> <span class='ocrx_word' id='word_1_138' title='bbox 1291 752 1318 778; x_wconf 90' lang='lat' dir='ltr'>in</span> <span class='ocrx_word' id='word_1_139' title='bbox 1344 762 1455 779; x_wconf 65' lang='lat' dir='ltr'>uxorem</span> <span class='ocrx_word' id='word_1_140' title='bbox 1474 749 1665 780; x_wconf 51' lang='lat' dir='ltr'>WchcOSlao</span> <span class='ocrx_word' id='word_1_141' title='bbox 1689 754 1744 779; x_wconf 88' lang='lat' dir='ltr'>filio</span> 
     </span>
     <span class='ocr_line' id='line_1_19' title="bbox 121 800 1748 838; baseline 0.001 -8"><span class='ocrx_word' id='word_1_142' title='bbox 121 802 271 830; x_wconf 85' lang='lat' dir='ltr'>dominio.</span> <span class='ocrx_word' id='word_1_143' title='bbox 287 802 360 836; x_wconf 86' lang='lat' dir='ltr'>regis</span> <span class='ocrx_word' id='word_1_144' title='bbox 377 801 498 828; x_wconf 87' lang='lat' dir='ltr'>Boemie.</span> <span class='ocrx_word' id='word_1_145' title='bbox 532 800 569 827; x_wconf 85' lang='lat' dir='ltr'>Et</span> <span class='ocrx_word' id='word_1_146' title='bbox 591 801 670 827; x_wconf 87' lang='lat' dir='ltr'>dabit</span> <span class='ocrx_word' id='word_1_147' title='bbox 693 810 740 827; x_wconf 79' lang='lat' dir='ltr'>rex</span> <span class='ocrx_word' id='word_1_148' title='bbox 758 802 942 828; x_wconf 81' lang='lat' dir='ltr'>Romanorum</span> <span class='ocrx_word' id='word_1_149' title='bbox 968 802 1024 828; x_wconf 78' lang='lat' dir='ltr'>filio</span> <span class='ocrx_word' id='word_1_150' title='bbox 1048 803 1120 836; x_wconf 74' lang='lat' dir='ltr'>regis</span> <span class='ocrx_word' id='word_1_151' title='bbox 1138 803 1250 830; x_wconf 86' lang='lat' dir='ltr'>Boemie</span> <span class='ocrx_word' id='word_1_152' title='bbox 1273 805 1453 838; x_wconf 70' lang='lat' dir='ltr'>quatraginta</span> <span class='ocrx_word' id='word_1_153' title='bbox 1477 805 1553 831; x_wconf 77' lang='lat' dir='ltr'>milia</span> <span class='ocrx_word' id='word_1_154' title='bbox 1577 806 1748 831; x_wconf 77' lang='lat' dir='ltr'>marcharum</span> 
     </span>
     <span class='ocr_line' id='line_1_20' title="bbox 122 852 1747 889; baseline 0.001 -8"><span class='ocrx_word' id='word_1_155' title='bbox 122 853 230 889; x_wconf 81' lang='lat' dir='ltr'>argenti</span> <span class='ocrx_word' id='word_1_156' title='bbox 245 853 371 880; x_wconf 80' lang='lat' dir='ltr'>dotalicii</span> <span class='ocrx_word' id='word_1_157' title='bbox 387 852 498 879; x_wconf 90' lang='lat' dir='ltr'>nomine</span> <span class='ocrx_word' id='word_1_158' title='bbox 522 853 551 879; x_wconf 87' lang='lat' dir='ltr'>et</span> <span class='ocrx_word' id='word_1_159' title='bbox 566 861 616 886; x_wconf 90' lang='lat' dir='ltr'>pro</span> <span class='ocrx_word' id='word_1_160' title='bbox 640 853 696 878; x_wconf 89' lang='lat' dir='ltr'>illis</span> <span class='ocrx_word' id='word_1_161' title='bbox 720 853 857 887; x_wconf 78' lang='lat' dir='ltr'>obligabit</span> <span class='ocrx_word' id='word_1_162' title='bbox 881 853 934 879; x_wconf 88' lang='lat' dir='ltr'>sibi</span> <span class='ocrx_word' id='word_1_163' title='bbox 958 853 1081 879; x_wconf 88' lang='lat' dir='ltr'>redditus</span> <span class='ocrx_word' id='word_1_164' title='bbox 1104 856 1238 887; x_wconf 84' lang='lat' dir='ltr'>quattuor</span> <span class='ocrx_word' id='word_1_165' title='bbox 1260 855 1367 881; x_wconf 88' lang='lat' dir='ltr'>milium</span> <span class='ocrx_word' id='word_1_166' title='bbox 1392 857 1562 882; x_wconf 74' lang='lat' dir='ltr'>uum—harum</span> <span class='ocrx_word' id='word_1_167' title='bbox 1587 857 1696 889; x_wconf 71' lang='lat' dir='ltr'>argenti</span> <span class='ocrx_word' id='word_1_168' title='bbox 1720 857 1747 882; x_wconf 91' lang='lat' dir='ltr'>in</span> 
     </span>
     <span class='ocr_line' id='line_1_21' title="bbox 121 904 1747 941; baseline 0 -8"><span class='ocrx_word' id='word_1_169' title='bbox 121 909 195 934; x_wconf 87' lang='lat' dir='ltr'>terra</span> <span class='ocrx_word' id='word_1_170' title='bbox 209 905 322 932; x_wconf 88' lang='lat' dir='ltr'>Austrie</span> <span class='ocrx_word' id='word_1_171' title='bbox 344 905 419 931; x_wconf 83' lang='lat' dir='ltr'>ultra</span> <span class='ocrx_word' id='word_1_172' title='bbox 439 904 597 930; x_wconf 74' lang='lat' dir='ltr'>Danubium</span> <span class='ocrx_word' id='word_1_173' title='bbox 615 913 709 931; x_wconf 88' lang='lat' dir='ltr'>versus</span> <span class='ocrx_word' id='word_1_174' title='bbox 729 905 878 937; x_wconf 78' lang='lat' dir='ltr'>Hoemiam,</span> <span class='ocrx_word' id='word_1_175' title='bbox 908 905 1061 931; x_wconf 84' lang='lat' dir='ltr'>Moraviam</span> <span class='ocrx_word' id='word_1_176' title='bbox 1085 907 1113 932; x_wconf 87' lang='lat' dir='ltr'>et</span> <span class='ocrx_word' id='word_1_177' title='bbox 1139 906 1298 939; x_wconf 83' lang='lat' dir='ltr'>Ungariam,</span> <span class='ocrx_word' id='word_1_178' title='bbox 1323 906 1433 933; x_wconf 76' lang='lat' dir='ltr'>Cremsa</span> <span class='ocrx_word' id='word_1_179' title='bbox 1462 910 1488 933; x_wconf 77' lang='lat' dir='ltr'>et</span> <span class='ocrx_word' id='word_1_180' title='bbox 1513 908 1614 941; x_wconf 69' lang='lat' dir='ltr'>Stcync</span> <span class='ocrx_word' id='word_1_181' title='bbox 1639 908 1747 941; x_wconf 78' lang='lat' dir='ltr'>oppidis</span> 
     </span>
     <span class='ocr_line' id='line_1_22' title="bbox 123 956 1750 993; baseline 0 -9"><span class='ocrx_word' id='word_1_182' title='bbox 123 967 183 985; x_wconf 89' lang='lat' dir='ltr'>cum</span> <span class='ocrx_word' id='word_1_183' title='bbox 198 957 254 984; x_wconf 88' lang='lat' dir='ltr'>suis</span> <span class='ocrx_word' id='word_1_184' title='bbox 270 956 429 983; x_wconf 79' lang='lat' dir='ltr'>attinentiis</span> <span class='ocrx_word' id='word_1_185' title='bbox 442 956 589 982; x_wconf 82' lang='lat' dir='ltr'>dumtaxat</span> <span class='ocrx_word' id='word_1_186' title='bbox 605 957 737 990; x_wconf 83' lang='lat' dir='ltr'>exceptis.</span> <span class='ocrx_word' id='word_1_187' title='bbox 773 957 861 983; x_wconf 82' lang='lat' dir='ltr'>Salvis</span> <span class='ocrx_word' id='word_1_188' title='bbox 878 957 965 983; x_wconf 83' lang='lat' dir='ltr'>eciam</span> <span class='ocrx_word' id='word_1_189' title='bbox 982 957 1010 983; x_wconf 88' lang='lat' dir='ltr'>in</span> <span class='ocrx_word' id='word_1_190' title='bbox 1027 958 1079 983; x_wconf 85' lang='lat' dir='ltr'>hoc</span> <span class='ocrx_word' id='word_1_191' title='bbox 1096 966 1160 983; x_wconf 81' lang='lat' dir='ltr'>casu</span> <span class='ocrx_word' id='word_1_192' title='bbox 1177 958 1400 992; x_wconf 68' lang='lat' dir='ltr'>archiepiscopis,</span> <span class='ocrx_word' id='word_1_193' title='bbox 1425 959 1570 993; x_wconf 71' lang='lat' dir='ltr'>episcopis,</span> <span class='ocrx_word' id='word_1_194' title='bbox 1594 960 1750 991; x_wconf 71' lang='lat' dir='ltr'>comitibus,</span> 
     </span>
     <span class='ocr_line' id='line_1_23' title="bbox 123 1008 1751 1043; baseline -0.001 -7"><span class='ocrx_word' id='word_1_195' title='bbox 123 1009 284 1041; x_wconf 80' lang='lat' dir='ltr'>baronibus,</span> <span class='ocrx_word' id='word_1_196' title='bbox 312 1008 541 1035; x_wconf 80' lang='lat' dir='ltr'>ministerialibus</span> <span class='ocrx_word' id='word_1_197' title='bbox 565 1009 594 1034; x_wconf 91' lang='lat' dir='ltr'>et</span> <span class='ocrx_word' id='word_1_198' title='bbox 617 1008 680 1034; x_wconf 86' lang='lat' dir='ltr'>aliis</span> <span class='ocrx_word' id='word_1_199' title='bbox 707 1009 866 1035; x_wconf 81' lang='lat' dir='ltr'>horninibus</span> <span class='ocrx_word' id='word_1_200' title='bbox 894 1009 1113 1042; x_wconf 82' lang='lat' dir='ltr'>quibuscumque</span> <span class='ocrx_word' id='word_1_201' title='bbox 1143 1009 1217 1041; x_wconf 83' lang='lat' dir='ltr'>iure,</span> <span class='ocrx_word' id='word_1_202' title='bbox 1242 1010 1315 1043; x_wconf 81' lang='lat' dir='ltr'>quod</span> <span class='ocrx_word' id='word_1_203' title='bbox 1340 1010 1367 1035; x_wconf 91' lang='lat' dir='ltr'>in</span> <span class='ocrx_word' id='word_1_204' title='bbox 1392 1010 1505 1041; x_wconf 78' lang='lat' dir='ltr'>castris,</span> <span class='ocrx_word' id='word_1_205' title='bbox 1539 1011 1751 1042; x_wconf 81' lang='lat' dir='ltr'>municionibus,</span> 
     </span>
     <span class='ocr_line' id='line_1_24' title="bbox 121 1059 1751 1096; baseline -0.001 -8"><span class='ocrx_word' id='word_1_206' title='bbox 121 1060 342 1096; x_wconf 78' lang='lat' dir='ltr'>possessionibus</span> <span class='ocrx_word' id='word_1_207' title='bbox 366 1061 394 1086; x_wconf 91' lang='lat' dir='ltr'>et</span> <span class='ocrx_word' id='word_1_208' title='bbox 417 1059 515 1091; x_wconf 82' lang='lat' dir='ltr'>feudis,</span> <span class='ocrx_word' id='word_1_209' title='bbox 540 1068 593 1093; x_wconf 85' lang='lat' dir='ltr'>que</span> <span class='ocrx_word' id='word_1_210' title='bbox 617 1068 716 1086; x_wconf 87' lang='lat' dir='ltr'>vacare</span> <span class='ocrx_word' id='word_1_211' title='bbox 740 1062 873 1093; x_wconf 81' lang='lat' dir='ltr'>ceperunt</span> <span class='ocrx_word' id='word_1_212' title='bbox 897 1060 1000 1086; x_wconf 84' lang='lat' dir='ltr'>eisdem</span> <span class='ocrx_word' id='word_1_213' title='bbox 1024 1061 1052 1086; x_wconf 87' lang='lat' dir='ltr'>in</span> <span class='ocrx_word' id='word_1_214' title='bbox 1070 1060 1198 1086; x_wconf 84' lang='lat' dir='ltr'>districtu</span> <span class='ocrx_word' id='word_1_215' title='bbox 1222 1061 1295 1087; x_wconf 88' lang='lat' dir='ltr'>dicte</span> <span class='ocrx_word' id='word_1_216' title='bbox 1319 1063 1400 1092; x_wconf 79' lang='lat' dir='ltr'>terre,</span> <span class='ocrx_word' id='word_1_217' title='bbox 1424 1062 1529 1087; x_wconf 81' lang='lat' dir='ltr'>habcnt</span> <span class='ocrx_word' id='word_1_218' title='bbox 1553 1071 1599 1087; x_wconf 75' lang='lat' dir='ltr'>seu</span> <span class='ocrx_word' id='word_1_219' title='bbox 1617 1062 1751 1087; x_wconf 84' lang='lat' dir='ltr'>hactenus</span> 
     </span>
     <span class='ocr_line' id='line_1_25' title="bbox 122 1111 1751 1146; baseline -0.002 -6"><span class='ocrx_word' id='word_1_220' title='bbox 122 1113 288 1140; x_wconf 80' lang='lat' dir='ltr'>habuerunt.</span> <span class='ocrx_word' id='word_1_221' title='bbox 334 1111 370 1138; x_wconf 79' lang='lat' dir='ltr'>Et</span> <span class='ocrx_word' id='word_1_222' title='bbox 393 1111 416 1137; x_wconf 86' lang='lat' dir='ltr'>si</span> <span class='ocrx_word' id='word_1_223' title='bbox 440 1111 506 1145; x_wconf 88' lang='lat' dir='ltr'>quid</span> <span class='ocrx_word' id='word_1_224' title='bbox 530 1111 650 1137; x_wconf 77' lang='lat' dir='ltr'>defuerit</span> <span class='ocrx_word' id='word_1_225' title='bbox 673 1112 706 1137; x_wconf 87' lang='lat' dir='ltr'>de</span> <span class='ocrx_word' id='word_1_226' title='bbox 731 1120 837 1137; x_wconf 80' lang='lat' dir='ltr'>sumnia</span> <span class='ocrx_word' id='word_1_227' title='bbox 861 1112 987 1145; x_wconf 81' lang='lat' dir='ltr'>superius</span> <span class='ocrx_word' id='word_1_228' title='bbox 1010 1112 1066 1137; x_wconf 89' lang='lat' dir='ltr'>iam</span> <span class='ocrx_word' id='word_1_229' title='bbox 1090 1121 1220 1146; x_wconf 82' lang='lat' dir='ltr'>expressa</span> <span class='ocrx_word' id='word_1_230' title='bbox 1245 1112 1274 1138; x_wconf 89' lang='lat' dir='ltr'>in</span> <span class='ocrx_word' id='word_1_231' title='bbox 1298 1112 1451 1138; x_wconf 78' lang='lat' dir='ltr'>redditibus</span> <span class='ocrx_word' id='word_1_232' title='bbox 1475 1113 1548 1138; x_wconf 83' lang='lat' dir='ltr'>dicte</span> <span class='ocrx_word' id='word_1_233' title='bbox 1572 1115 1660 1144; x_wconf 70' lang='lat' dir='ltr'>terre,</span> <span class='ocrx_word' id='word_1_234' title='bbox 1691 1122 1751 1146; x_wconf 84' lang='lat' dir='ltr'>sup-</span> 
     </span>
     <span class='ocr_line' id='line_1_26' title="bbox 123 1163 1751 1200; baseline -0.001 -9"><span class='ocrx_word' id='word_1_235' title='bbox 123 1165 244 1200; x_wconf 88' lang='lat' dir='ltr'>plebitur</span> <span class='ocrx_word' id='word_1_236' title='bbox 266 1164 296 1190; x_wconf 89' lang='lat' dir='ltr'>in</span> <span class='ocrx_word' id='word_1_237' title='bbox 319 1163 375 1189; x_wconf 84' lang='lat' dir='ltr'>alia</span> <span class='ocrx_word' id='word_1_238' title='bbox 398 1164 478 1197; x_wconf 82' lang='lat' dir='ltr'>parte</span> <span class='ocrx_word' id='word_1_239' title='bbox 501 1163 614 1190; x_wconf 83' lang='lat' dir='ltr'>Austrie</span> <span class='ocrx_word' id='word_1_240' title='bbox 638 1164 708 1190; x_wconf 85' lang='lat' dir='ltr'>citra</span> <span class='ocrx_word' id='word_1_241' title='bbox 730 1164 903 1196; x_wconf 81' lang='lat' dir='ltr'>Danubium,</span> <span class='ocrx_word' id='word_1_242' title='bbox 927 1165 1011 1197; x_wconf 86' lang='lat' dir='ltr'>prout</span> <span class='ocrx_word' id='word_1_243' title='bbox 1034 1173 1084 1190; x_wconf 88' lang='lat' dir='ltr'>nos</span> <span class='ocrx_word' id='word_1_244' title='bbox 1108 1165 1241 1197; x_wconf 84' lang='lat' dir='ltr'>quattuor</span> <span class='ocrx_word' id='word_1_245' title='bbox 1265 1164 1363 1189; x_wconf 78' lang='lat' dir='ltr'>arbitri</span> <span class='ocrx_word' id='word_1_246' title='bbox 1387 1164 1545 1190; x_wconf 81' lang='lat' dir='ltr'>duxerimus</span> <span class='ocrx_word' id='word_1_247' title='bbox 1571 1164 1751 1190; x_wconf 82' lang='lat' dir='ltr'>ordinandum</span> 
     </span>
     <span class='ocr_line' id='line_1_27' title="bbox 124 1215 1753 1250; baseline -0.001 -8"><span class='ocrx_word' id='word_1_248' title='bbox 124 1217 167 1243; x_wconf 88' lang='lat' dir='ltr'>vel</span> <span class='ocrx_word' id='word_1_249' title='bbox 189 1216 237 1250; x_wconf 92' lang='lat' dir='ltr'>qui</span> <span class='ocrx_word' id='word_1_250' title='bbox 266 1224 282 1241; x_wconf 80' lang='lat' dir='ltr'>a</span> <span class='ocrx_word' id='word_1_251' title='bbox 312 1215 439 1249; x_wconf 85' lang='lat' dir='ltr'>partibus</span> <span class='ocrx_word' id='word_1_252' title='bbox 468 1215 548 1241; x_wconf 89' lang='lat' dir='ltr'>nobis</span> <span class='ocrx_word' id='word_1_253' title='bbox 577 1215 682 1241; x_wconf 86' lang='lat' dir='ltr'>fuerint</span> <span class='ocrx_word' id='word_1_254' title='bbox 710 1215 866 1249; x_wconf 81' lang='lat' dir='ltr'>subrogati;</span> <span class='ocrx_word' id='word_1_255' title='bbox 898 1217 925 1241; x_wconf 86' lang='lat' dir='ltr'>et</span> <span class='ocrx_word' id='word_1_256' title='bbox 954 1216 976 1241; x_wconf 90' lang='lat' dir='ltr'>si</span> <span class='ocrx_word' id='word_1_257' title='bbox 1007 1215 1113 1248; x_wconf 87' lang='lat' dir='ltr'>aliquid</span> <span class='ocrx_word' id='word_1_258' title='bbox 1142 1215 1322 1248; x_wconf 81' lang='lat' dir='ltr'>superfuerit,</span> <span class='ocrx_word' id='word_1_259' title='bbox 1353 1216 1404 1241; x_wconf 81' lang='lat' dir='ltr'>hoc</span> <span class='ocrx_word' id='word_1_260' title='bbox 1428 1216 1613 1241; x_wconf 77' lang='lat' dir='ltr'>Romanorum</span> <span class='ocrx_word' id='word_1_261' title='bbox 1643 1215 1700 1248; x_wconf 65' lang='lat' dir='ltr'>regi</span> <span class='ocrx_word' id='word_1_262' title='bbox 1726 1217 1753 1240; x_wconf 74' lang='lat' dir='ltr'>et</span> 
     </span>
     <span class='ocr_line' id='line_1_28' title="bbox 123 1266 1752 1302; baseline -0.001 -8"><span class='ocrx_word' id='word_1_263' title='bbox 123 1267 239 1302; x_wconf 80' lang='lat' dir='ltr'>imperio</span> <span class='ocrx_word' id='word_1_264' title='bbox 263 1267 322 1294; x_wconf 88' lang='lat' dir='ltr'>sine</span> <span class='ocrx_word' id='word_1_265' title='bbox 346 1267 512 1293; x_wconf 81' lang='lat' dir='ltr'>difficultate</span> <span class='ocrx_word' id='word_1_266' title='bbox 535 1267 662 1300; x_wconf 85' lang='lat' dir='ltr'>qualibet</span> <span class='ocrx_word' id='word_1_267' title='bbox 685 1267 849 1293; x_wconf 79' lang='lat' dir='ltr'>remanebit.</span> <span class='ocrx_word' id='word_1_268' title='bbox 888 1267 988 1293; x_wconf 85' lang='lat' dir='ltr'>Verum</span> <span class='ocrx_word' id='word_1_269' title='bbox 1015 1267 1037 1292; x_wconf 89' lang='lat' dir='ltr'>si</span> <span class='ocrx_word' id='word_1_270' title='bbox 1060 1267 1132 1293; x_wconf 89' lang='lat' dir='ltr'>filius</span> <span class='ocrx_word' id='word_1_271' title='bbox 1156 1267 1228 1301; x_wconf 82' lang='lat' dir='ltr'>regis</span> <span class='ocrx_word' id='word_1_272' title='bbox 1252 1266 1364 1292; x_wconf 85' lang='lat' dir='ltr'>Boemic</span> <span class='ocrx_word' id='word_1_273' title='bbox 1388 1267 1447 1293; x_wconf 83' lang='lat' dir='ltr'>sine</span> <span class='ocrx_word' id='word_1_274' title='bbox 1469 1267 1569 1293; x_wconf 76' lang='lat' dir='ltr'>herede</span> <span class='ocrx_word' id='word_1_275' title='bbox 1593 1266 1752 1297; x_wconf 79' lang='lat' dir='ltr'>decesserit,</span> 
     </span>
     <span class='ocr_line' id='line_1_29' title="bbox 124 1318 1751 1352; baseline -0.002 -6"><span class='ocrx_word' id='word_1_276' title='bbox 124 1319 198 1346; x_wconf 78' lang='lat' dir='ltr'>dicta</span> <span class='ocrx_word' id='word_1_277' title='bbox 226 1320 301 1346; x_wconf 80' lang='lat' dir='ltr'>terra</span> <span class='ocrx_word' id='word_1_278' title='bbox 328 1319 404 1345; x_wconf 78' lang='lat' dir='ltr'>ultra</span> <span class='ocrx_word' id='word_1_279' title='bbox 426 1318 585 1344; x_wconf 81' lang='lat' dir='ltr'>Danubium</span> <span class='ocrx_word' id='word_1_280' title='bbox 614 1327 698 1352; x_wconf 83' lang='lat' dir='ltr'>penes</span> <span class='ocrx_word' id='word_1_281' title='bbox 723 1327 816 1352; x_wconf 82' lang='lat' dir='ltr'>regem</span> <span class='ocrx_word' id='word_1_282' title='bbox 840 1319 952 1345; x_wconf 80' lang='lat' dir='ltr'>Boemie</span> <span class='ocrx_word' id='word_1_283' title='bbox 980 1319 1064 1344; x_wconf 86' lang='lat' dir='ltr'>titulo</span> <span class='ocrx_word' id='word_1_284' title='bbox 1093 1318 1217 1352; x_wconf 81' lang='lat' dir='ltr'>pignoris</span> <span class='ocrx_word' id='word_1_285' title='bbox 1246 1318 1401 1344; x_wconf 82' lang='lat' dir='ltr'>remanebit</span> <span class='ocrx_word' id='word_1_286' title='bbox 1424 1328 1474 1344; x_wconf 86' lang='lat' dir='ltr'>nec</span> <span class='ocrx_word' id='word_1_287' title='bbox 1506 1319 1540 1344; x_wconf 83' lang='lat' dir='ltr'>ad</span> <span class='ocrx_word' id='word_1_288' title='bbox 1570 1327 1683 1344; x_wconf 80' lang='lat' dir='ltr'>uxorem</span> <span class='ocrx_word' id='word_1_289' title='bbox 1713 1318 1751 1351; x_wconf 90' lang='lat' dir='ltr'>ip—</span> 
     </span>
     <span class='ocr_line' id='line_1_30' title="bbox 125 1370 1754 1404; baseline -0.002 -7"><span class='ocrx_word' id='word_1_290' title='bbox 125 1371 180 1398; x_wconf 84' lang='lat' dir='ltr'>sius</span> <span class='ocrx_word' id='word_1_291' title='bbox 225 1371 236 1384; x_wconf 79' lang='lat'>‘³</span> <span class='ocrx_word' id='word_1_292' title='bbox 252 1370 338 1397; x_wconf 76' lang='lat' dir='ltr'>filiam</span> <span class='ocrx_word' id='word_1_293' title='bbox 354 1370 427 1404; x_wconf 84' lang='lat' dir='ltr'>regis</span> <span class='ocrx_word' id='word_1_294' title='bbox 443 1370 631 1396; x_wconf 80' lang='lat' dir='ltr'>Romanorum</span> <span class='ocrx_word' id='word_1_295' title='bbox 647 1370 797 1403; x_wconf 87' lang='lat' dir='ltr'>quicquam</span> <span class='ocrx_word' id='word_1_296' title='bbox 813 1370 846 1396; x_wconf 80' lang='lat' dir='ltr'>de</span> <span class='ocrx_word' id='word_1_297' title='bbox 863 1370 942 1396; x_wconf 88' lang='lat' dir='ltr'>bonis</span> <span class='ocrx_word' id='word_1_298' title='bbox 958 1370 1116 1396; x_wconf 87' lang='lat' dir='ltr'>huiusmodi</span> <span class='ocrx_word' id='word_1_299' title='bbox 1131 1370 1302 1402; x_wconf 79' lang='lat' dir='ltr'>devolvetur,</span> <span class='ocrx_word' id='word_1_300' title='bbox 1320 1371 1347 1396; x_wconf 89' lang='lat' dir='ltr'>et</span> <span class='ocrx_word' id='word_1_301' title='bbox 1363 1370 1489 1396; x_wconf 89' lang='lat' dir='ltr'>dominus</span> <span class='ocrx_word' id='word_1_302' title='bbox 1506 1379 1552 1395; x_wconf 74' lang='lat' dir='ltr'>rex</span> <span class='ocrx_word' id='word_1_303' title='bbox 1570 1370 1754 1395; x_wconf 74' lang='lat' dir='ltr'>Romanorum</span> 
     </span>
     <span class='ocr_line' id='line_1_31' title="bbox 125 1421 1754 1456; baseline -0.002 -7"><span class='ocrx_word' id='word_1_304' title='bbox 125 1423 167 1450; x_wconf 87' lang='lat' dir='ltr'>vel</span> <span class='ocrx_word' id='word_1_305' title='bbox 190 1431 361 1449; x_wconf 81' lang='lat' dir='ltr'>successores</span> <span class='ocrx_word' id='word_1_306' title='bbox 384 1422 471 1456; x_wconf 90' lang='lat' dir='ltr'>ipsius</span> <span class='ocrx_word' id='word_1_307' title='bbox 495 1422 599 1448; x_wconf 86' lang='lat' dir='ltr'>dictam</span> <span class='ocrx_word' id='word_1_308' title='bbox 615 1423 719 1448; x_wconf 83' lang='lat' dir='ltr'>terram</span> <span class='ocrx_word' id='word_1_309' title='bbox 735 1421 887 1448; x_wconf 74' lang='lat' dir='ltr'>redimendi</span> <span class='ocrx_word' id='word_1_310' title='bbox 912 1431 960 1456; x_wconf 90' lang='lat' dir='ltr'>pro</span> <span class='ocrx_word' id='word_1_311' title='bbox 985 1422 1168 1455; x_wconf 72' lang='lat' dir='ltr'>quatraginta</span> <span class='ocrx_word' id='word_1_312' title='bbox 1191 1421 1302 1447; x_wconf 86' lang='lat' dir='ltr'>milibus</span> <span class='ocrx_word' id='word_1_313' title='bbox 1321 1422 1495 1448; x_wconf 83' lang='lat' dir='ltr'>marcharum</span> <span class='ocrx_word' id='word_1_314' title='bbox 1519 1421 1627 1453; x_wconf 61' lang='lat' dir='ltr'>argenti</span> <span class='ocrx_word' id='word_1_315' title='bbox 1652 1430 1667 1446; x_wconf 78' lang='lat' dir='ltr'>a</span> <span class='ocrx_word' id='word_1_316' title='bbox 1691 1430 1754 1454; x_wconf 67' lang='lat' dir='ltr'>rege</span> 
     </span>
     <span class='ocr_line' id='line_1_32' title="bbox 125 1474 738 1502; baseline -0.005 0"><span class='ocrx_word' id='word_1_317' title='bbox 125 1475 236 1502; x_wconf 82' lang='lat' dir='ltr'>Boemie</span> <span class='ocrx_word' id='word_1_318' title='bbox 259 1474 403 1501; x_wconf 84' lang='lat' dir='ltr'>habebunt</span> <span class='ocrx_word' id='word_1_319' title='bbox 425 1474 543 1500; x_wconf 85' lang='lat' dir='ltr'>liberam</span> <span class='ocrx_word' id='word_1_320' title='bbox 565 1474 738 1500; x_wconf 81' lang='lat' dir='ltr'>facultatem.</span> 
     </span>
    </p>

    <p class='ocr_par' dir='ltr' id='par_1_10' title="bbox 126 1523 1756 1769">
     <span class='ocr_line' id='line_1_33' title="bbox 232 1523 1753 1561; baseline -0.003 -8"><span class='ocrx_word' id='word_1_321' title='bbox 232 1528 258 1554; x_wconf 88' lang='grc'>9.</span> <span class='ocrx_word' id='word_1_322' title='bbox 280 1528 358 1553; x_wconf 86' lang='lat' dir='ltr'>Inter</span> <span class='ocrx_word' id='word_1_323' title='bbox 381 1528 474 1552; x_wconf 83' lang='lat' dir='ltr'>cetera</span> <span class='ocrx_word' id='word_1_324' title='bbox 493 1526 656 1561; x_wconf 71' lang='lat' dir='ltr'>,specialiter</span> <span class='ocrx_word' id='word_1_325' title='bbox 672 1526 847 1557; x_wconf 79' lang='lat' dir='ltr'>arbitramur,</span> <span class='ocrx_word' id='word_1_326' title='bbox 872 1526 945 1559; x_wconf 86' lang='lat' dir='ltr'>quod</span> <span class='ocrx_word' id='word_1_327' title='bbox 969 1525 1096 1551; x_wconf 86' lang='lat' dir='ltr'>dominus</span> <span class='ocrx_word' id='word_1_328' title='bbox 1120 1526 1215 1551; x_wconf 88' lang='lat' dir='ltr'>noster</span> <span class='ocrx_word' id='word_1_329' title='bbox 1238 1533 1285 1551; x_wconf 74' lang='lat' dir='ltr'>rex</span> <span class='ocrx_word' id='word_1_330' title='bbox 1301 1524 1487 1551; x_wconf 81' lang='lat' dir='ltr'>Romanorum</span> <span class='ocrx_word' id='word_1_331' title='bbox 1511 1523 1629 1557; x_wconf 72' lang='lat' dir='ltr'>recipiat</span> <span class='ocrx_word' id='word_1_332' title='bbox 1651 1523 1753 1556; x_wconf 80' lang='lat' dir='ltr'>specia-</span> 
     </span>
     <span class='ocr_line' id='line_1_34' title="bbox 126 1575 1750 1612; baseline -0.003 -7"><span class='ocrx_word' id='word_1_333' title='bbox 126 1579 190 1606; x_wconf 88' lang='lat' dir='ltr'>liter</span> <span class='ocrx_word' id='word_1_334' title='bbox 221 1579 250 1605; x_wconf 91' lang='lat' dir='ltr'>in</span> <span class='ocrx_word' id='word_1_335' title='bbox 277 1586 355 1604; x_wconf 80' lang='lat' dir='ltr'>suam</span> <span class='ocrx_word' id='word_1_336' title='bbox 381 1577 505 1612; x_wconf 83' lang='lat' dir='ltr'>graciam</span> <span class='ocrx_word' id='word_1_337' title='bbox 535 1579 563 1603; x_wconf 89' lang='lat' dir='ltr'>et</span> <span class='ocrx_word' id='word_1_338' title='bbox 590 1578 714 1603; x_wconf 85' lang='lat' dir='ltr'>favorem</span> <span class='ocrx_word' id='word_1_339' title='bbox 744 1577 914 1603; x_wconf 84' lang='lat' dir='ltr'>Paltramum</span> <span class='ocrx_word' id='word_1_340' title='bbox 943 1578 971 1603; x_wconf 79' lang='lat' dir='ltr'>et</span> <span class='ocrx_word' id='word_1_341' title='bbox 999 1577 1162 1610; x_wconf 79' lang='lat' dir='ltr'>magistrum</span> <span class='ocrx_word' id='word_1_342' title='bbox 1187 1576 1363 1602; x_wconf 77' lang='lat' dir='ltr'>Chuni-adum</span> <span class='ocrx_word' id='word_1_343' title='bbox 1391 1576 1531 1602; x_wconf 83' lang='lat' dir='ltr'>notarium</span> <span class='ocrx_word' id='word_1_344' title='bbox 1563 1576 1635 1601; x_wconf 78' lang='lat' dir='ltr'>cives</span> <span class='ocrx_word' id='word_1_345' title='bbox 1660 1575 1750 1600; x_wconf 81' lang='lat' dir='ltr'>Wien-</span> 
     </span>
     <span class='ocr_line' id='line_1_35' title="bbox 126 1627 1755 1664; baseline -0.004 -6"><span class='ocrx_word' id='word_1_346' title='bbox 126 1640 224 1658; x_wconf 88' lang='lat' dir='ltr'>nenses</span> <span class='ocrx_word' id='word_1_347' title='bbox 248 1639 309 1657; x_wconf 81' lang='lat' dir='ltr'>cuni</span> <span class='ocrx_word' id='word_1_348' title='bbox 333 1630 389 1656; x_wconf 89' lang='lat' dir='ltr'>suis</span> <span class='ocrx_word' id='word_1_349' title='bbox 406 1630 570 1664; x_wconf 73' lang='lat' dir='ltr'>parentilms</span> <span class='ocrx_word' id='word_1_350' title='bbox 594 1631 622 1655; x_wconf 90' lang='lat' dir='ltr'>et</span> <span class='ocrx_word' id='word_1_351' title='bbox 639 1629 735 1655; x_wconf 81' lang='lat' dir='ltr'>amicis</span> <span class='ocrx_word' id='word_1_352' title='bbox 759 1631 787 1655; x_wconf 85' lang='lat' dir='ltr'>et</span> <span class='ocrx_word' id='word_1_353' title='bbox 808 1629 951 1655; x_wconf 81' lang='lat' dir='ltr'>civitatem</span> <span class='ocrx_word' id='word_1_354' title='bbox 971 1629 1168 1655; x_wconf 84' lang='lat' dir='ltr'>Wiennensem</span> <span class='ocrx_word' id='word_1_355' title='bbox 1192 1638 1253 1654; x_wconf 85' lang='lat' dir='ltr'>cum</span> <span class='ocrx_word' id='word_1_356' title='bbox 1270 1629 1397 1654; x_wconf 84' lang='lat' dir='ltr'>omnibus</span> <span class='ocrx_word' id='word_1_357' title='bbox 1416 1628 1521 1654; x_wconf 87' lang='lat' dir='ltr'>civibus</span> <span class='ocrx_word' id='word_1_358' title='bbox 1545 1630 1573 1653; x_wconf 86' lang='lat' dir='ltr'>et</span> <span class='ocrx_word' id='word_1_359' title='bbox 1590 1627 1755 1657; x_wconf 82' lang='lat' dir='ltr'>hominibus,</span> 
     </span>
     <span class='ocr_line' id='line_1_36' title="bbox 127 1678 1756 1716; baseline -0.003 -8"><span class='ocrx_word' id='word_1_360' title='bbox 127 1682 232 1708; x_wconf 87' lang='lat' dir='ltr'>iuribus</span> <span class='ocrx_word' id='word_1_361' title='bbox 255 1684 284 1709; x_wconf 89' lang='lat' dir='ltr'>et</span> <span class='ocrx_word' id='word_1_362' title='bbox 306 1682 529 1716; x_wconf 84' lang='lat' dir='ltr'>possessionibus</span> <span class='ocrx_word' id='word_1_363' title='bbox 552 1681 620 1715; x_wconf 86' lang='lat' dir='ltr'>ipsis</span> <span class='ocrx_word' id='word_1_364' title='bbox 637 1681 824 1707; x_wconf 87' lang='lat' dir='ltr'>attinentibus</span> <span class='ocrx_word' id='word_1_365' title='bbox 848 1690 898 1707; x_wconf 83' lang='lat' dir='ltr'>nec</span> <span class='ocrx_word' id='word_1_366' title='bbox 915 1681 1060 1714; x_wconf 77' lang='lat' dir='ltr'>permittet</span> <span class='ocrx_word' id='word_1_367' title='bbox 1084 1689 1130 1706; x_wconf 84' lang='lat' dir='ltr'>eos</span> <span class='ocrx_word' id='word_1_368' title='bbox 1149 1680 1273 1706; x_wconf 83' lang='lat' dir='ltr'>indebite</span> <span class='ocrx_word' id='word_1_369' title='bbox 1290 1680 1440 1711; x_wconf 84' lang='lat' dir='ltr'>molestari,</span> <span class='ocrx_word' id='word_1_370' title='bbox 1464 1679 1650 1710; x_wconf 74' lang='lat' dir='ltr'>libertatilms,</span> <span class='ocrx_word' id='word_1_371' title='bbox 1674 1678 1756 1712; x_wconf 79' lang='lat' dir='ltr'>privi-</span> 
     </span>
     <span class='ocr_line' id='line_1_37' title="bbox 127 1727 1755 1769; baseline -0.003 -9"><span class='ocrx_word' id='word_1_372' title='bbox 127 1734 207 1769; x_wconf 86' lang='lat' dir='ltr'>legiis</span> <span class='ocrx_word' id='word_1_373' title='bbox 230 1736 259 1761; x_wconf 85' lang='lat' dir='ltr'>et</span> <span class='ocrx_word' id='word_1_374' title='bbox 281 1734 506 1760; x_wconf 87' lang='lat' dir='ltr'>immunitatibus</span> <span class='ocrx_word' id='word_1_375' title='bbox 530 1742 625 1760; x_wconf 83' lang='lat' dir='ltr'>eorum</span> <span class='ocrx_word' id='word_1_376' title='bbox 649 1742 698 1767; x_wconf 80' lang='lat' dir='ltr'>per</span> <span class='ocrx_word' id='word_1_377' title='bbox 722 1733 815 1759; x_wconf 89' lang='lat' dir='ltr'>omnia</span> <span class='ocrx_word' id='word_1_378' title='bbox 832 1733 988 1764; x_wconf 68' lang='lat' dir='ltr'>reservatis,</span> <span class='ocrx_word' id='word_1_379' title='bbox 1013 1732 1150 1758; x_wconf 81' lang='lat' dir='ltr'>revocatis</span> <span class='ocrx_word' id='word_1_380' title='bbox 1169 1732 1296 1758; x_wconf 81' lang='lat' dir='ltr'>omnibus</span> <span class='ocrx_word' id='word_1_381' title='bbox 1314 1727 1402 1757; x_wconf 83' lang='lat' dir='ltr'>illatis</span> <span class='ocrx_word' id='word_1_382' title='bbox 1420 1731 1566 1757; x_wconf 86' lang='lat' dir='ltr'>sententiis</span> <span class='ocrx_word' id='word_1_383' title='bbox 1583 1732 1679 1756; x_wconf 82' lang='lat' dir='ltr'>contra</span> <span class='ocrx_word' id='word_1_384' title='bbox 1702 1738 1755 1755; x_wconf 59' lang='lat' dir='ltr'>eos</span> 
     </span>
    </p>

    <p class='ocr_par' dir='ltr' id='par_1_11' title="bbox 128 1782 1757 1976">
     <span class='ocr_line' id='line_1_38' title="bbox 237 1782 1757 1819; baseline -0.004 -7"><span class='ocrx_word' id='word_1_385' title='bbox 237 1786 282 1812; x_wconf 90' lang='lat'>10.</span> <span class='ocrx_word' id='word_1_386' title='bbox 307 1786 378 1812; x_wconf 89' lang='lat' dir='ltr'>Item</span> <span class='ocrx_word' id='word_1_387' title='bbox 402 1785 562 1819; x_wconf 80' lang='lat' dir='ltr'>specialiter</span> <span class='ocrx_word' id='word_1_388' title='bbox 585 1785 765 1816; x_wconf 78' lang='lat' dir='ltr'>arbitramur,</span> <span class='ocrx_word' id='word_1_389' title='bbox 797 1785 870 1818; x_wconf 83' lang='lat' dir='ltr'>quod</span> <span class='ocrx_word' id='word_1_390' title='bbox 894 1784 1027 1818; x_wconf 75' lang='lat' dir='ltr'>magister</span> <span class='ocrx_word' id='word_1_391' title='bbox 1051 1784 1159 1809; x_wconf 88' lang='lat' dir='ltr'>Ulricus</span> <span class='ocrx_word' id='word_1_392' title='bbox 1182 1784 1309 1809; x_wconf 89' lang='lat' dir='ltr'>notarius</span> <span class='ocrx_word' id='word_1_393' title='bbox 1332 1784 1361 1809; x_wconf 89' lang='lat' dir='ltr'>in</span> <span class='ocrx_word' id='word_1_394' title='bbox 1385 1783 1501 1809; x_wconf 84' lang='lat' dir='ltr'>ecclesia</span> <span class='ocrx_word' id='word_1_395' title='bbox 1525 1782 1685 1808; x_wconf 83' lang='lat' dir='ltr'>Wiennensi</span> <span class='ocrx_word' id='word_1_396' title='bbox 1709 1790 1757 1814; x_wconf 76' lang='lat' dir='ltr'>per</span> 
     </span>
     <span class='ocr_line' id='line_1_39' title="bbox 128 1833 1756 1872; baseline -0.004 -8"><span class='ocrx_word' id='word_1_397' title='bbox 128 1846 220 1872; x_wconf 84' lang='lat' dir='ltr'>regem</span> <span class='ocrx_word' id='word_1_398' title='bbox 236 1837 348 1864; x_wconf 86' lang='lat' dir='ltr'>Boemie</span> <span class='ocrx_word' id='word_1_399' title='bbox 366 1839 552 1871; x_wconf 80' lang='lat' dir='ltr'>presentatus,</span> <span class='ocrx_word' id='word_1_400' title='bbox 577 1836 688 1868; x_wconf 84' lang='lat' dir='ltr'>notarii,</span> <span class='ocrx_word' id='word_1_401' title='bbox 714 1836 851 1870; x_wconf 79' lang='lat' dir='ltr'>capellani</span> <span class='ocrx_word' id='word_1_402' title='bbox 877 1838 905 1862; x_wconf 87' lang='lat' dir='ltr'>et</span> <span class='ocrx_word' id='word_1_403' title='bbox 928 1836 975 1861; x_wconf 84' lang='lat' dir='ltr'>alii</span> <span class='ocrx_word' id='word_1_404' title='bbox 993 1835 1085 1861; x_wconf 80' lang='lat' dir='ltr'>clerici</span> <span class='ocrx_word' id='word_1_405' title='bbox 1109 1835 1137 1860; x_wconf 92' lang='lat' dir='ltr'>in</span> <span class='ocrx_word' id='word_1_406' title='bbox 1155 1837 1229 1861; x_wconf 81' lang='lat' dir='ltr'>terra</span> <span class='ocrx_word' id='word_1_407' title='bbox 1246 1835 1356 1861; x_wconf 82' lang='lat' dir='ltr'>Austrie</span> <span class='ocrx_word' id='word_1_408' title='bbox 1374 1834 1408 1860; x_wconf 86' lang='lat' dir='ltr'>et</span> <span class='ocrx_word' id='word_1_409' title='bbox 1424 1834 1514 1867; x_wconf 67' lang='lat' dir='ltr'>Styrie</span> <span class='ocrx_word' id='word_1_410' title='bbox 1538 1836 1566 1859; x_wconf 76' lang='lat' dir='ltr'>et</span> <span class='ocrx_word' id='word_1_411' title='bbox 1583 1833 1650 1859; x_wconf 77' lang='lat' dir='ltr'>alibi</span> <span class='ocrx_word' id='word_1_412' title='bbox 1674 1833 1756 1858; x_wconf 62' lang='lat' dir='ltr'>‹wele-</span> 
     </span>
     <span class='ocr_line' id='line_1_40' title="bbox 129 1885 1757 1921; baseline -0.004 -5"><span class='ocrx_word' id='word_1_413' title='bbox 129 1889 182 1916; x_wconf 83' lang='lat' dir='ltr'>sias</span> <span class='ocrx_word' id='word_1_414' title='bbox 206 1890 249 1916; x_wconf 91' lang='lat' dir='ltr'>vel</span> <span class='ocrx_word' id='word_1_415' title='bbox 274 1889 465 1915; x_wconf 81' lang='lat' dir='ltr'>ecclesiastica</span> <span class='ocrx_word' id='word_1_416' title='bbox 487 1888 622 1915; x_wconf 85' lang='lat' dir='ltr'>beneficia</span> <span class='ocrx_word' id='word_1_417' title='bbox 647 1889 675 1913; x_wconf 88' lang='lat' dir='ltr'>et</span> <span class='ocrx_word' id='word_1_418' title='bbox 698 1888 887 1921; x_wconf 70' lang='lat' dir='ltr'>possessiones</span> <span class='ocrx_word' id='word_1_419' title='bbox 916 1887 986 1913; x_wconf 80' lang='lat' dir='ltr'>alias</span> <span class='ocrx_word' id='word_1_420' title='bbox 1015 1887 1174 1913; x_wconf 76' lang='lat' dir='ltr'>obtinentes</span> <span class='ocrx_word' id='word_1_421' title='bbox 1206 1889 1303 1913; x_wconf 76' lang='lat' dir='ltr'>contra</span> <span class='ocrx_word' id='word_1_422' title='bbox 1326 1887 1367 1912; x_wconf 73' lang='lat' dir='ltr'>ius</span> <span class='ocrx_word' id='word_1_423' title='bbox 1392 1886 1550 1911; x_wconf 69' lang='lat' dir='ltr'>nullatcnus</span> <span class='ocrx_word' id='word_1_424' title='bbox 1575 1885 1757 1915; x_wconf 53' lang='lat' dir='ltr'>ostendantur,</span> 
     </span>
     <span class='ocr_line' id='line_1_41' title="bbox 129 1939 1018 1976; baseline -0.003 -8"><span class='ocrx_word' id='word_1_425' title='bbox 129 1941 302 1976; x_wconf 80' lang='lat' dir='ltr'>possessione</span> <span class='ocrx_word' id='word_1_426' title='bbox 328 1942 370 1967; x_wconf 88' lang='lat' dir='ltr'>vel</span> <span class='ocrx_word' id='word_1_427' title='bbox 394 1941 474 1974; x_wconf 85' lang='lat' dir='ltr'>quasi</span> <span class='ocrx_word' id='word_1_428' title='bbox 497 1942 591 1974; x_wconf 85' lang='lat' dir='ltr'>preter</span> <span class='ocrx_word' id='word_1_429' title='bbox 614 1939 681 1965; x_wconf 82' lang='lat' dir='ltr'>iuris</span> <span class='ocrx_word' id='word_1_430' title='bbox 706 1940 830 1965; x_wconf 71' lang='lat' dir='ltr'>ordinem</span> <span class='ocrx_word' id='word_1_431' title='bbox 855 1939 1018 1973; x_wconf 76' lang='lat' dir='ltr'>spolientur.</span> 
     </span>
    </p>

    <p class='ocr_par' dir='ltr' id='par_1_12' title="bbox 131 1988 1760 2439">
     <span class='ocr_line' id='line_1_42' title="bbox 238 1988 1757 2027; baseline -0.004 -8"><span class='ocrx_word' id='word_1_432' title='bbox 238 1994 284 2020; x_wconf 90' lang='lat'>11.</span> <span class='ocrx_word' id='word_1_433' title='bbox 308 1993 378 2019; x_wconf 87' lang='lat' dir='ltr'>Item</span> <span class='ocrx_word' id='word_1_434' title='bbox 395 1992 608 2027; x_wconf 82' lang='lat' dir='ltr'>pronuntiamus</span> <span class='ocrx_word' id='word_1_435' title='bbox 631 1993 802 2024; x_wconf 81' lang='lat' dir='ltr'>arbitrando,</span> <span class='ocrx_word' id='word_1_436' title='bbox 827 1992 900 2026; x_wconf 80' lang='lat' dir='ltr'>quod</span> <span class='ocrx_word' id='word_1_437' title='bbox 924 1991 1041 2017; x_wconf 80' lang='lat' dir='ltr'>illustris</span> <span class='ocrx_word' id='word_1_438' title='bbox 1067 2000 1113 2017; x_wconf 75' lang='lat' dir='ltr'>rex</span> <span class='ocrx_word' id='word_1_439' title='bbox 1132 1990 1253 2024; x_wconf 74' lang='lat' dir='ltr'>Ungarie</span> <span class='ocrx_word' id='word_1_440' title='bbox 1278 1999 1338 2016; x_wconf 88' lang='lat' dir='ltr'>cum</span> <span class='ocrx_word' id='word_1_441' title='bbox 1362 1989 1420 2015; x_wconf 85' lang='lat' dir='ltr'>suis</span> <span class='ocrx_word' id='word_1_442' title='bbox 1443 1989 1534 2022; x_wconf 76' lang='lat' dir='ltr'>quoad</span> <span class='ocrx_word' id='word_1_443' title='bbox 1559 1988 1669 2022; x_wconf 76' lang='lat' dir='ltr'>plenam</span> <span class='ocrx_word' id='word_1_444' title='bbox 1692 1988 1757 2013; x_wconf 86' lang='lat' dir='ltr'>ami-</span> 
     </span>
     <span class='ocr_line' id='line_1_43' title="bbox 131 2040 1758 2078; baseline -0.004 -7"><span class='ocrx_word' id='word_1_445' title='bbox 131 2045 225 2072; x_wconf 88' lang='lat' dir='ltr'>citiam</span> <span class='ocrx_word' id='word_1_446' title='bbox 248 2054 310 2072; x_wconf 84' lang='lat' dir='ltr'>cum</span> <span class='ocrx_word' id='word_1_447' title='bbox 334 2044 445 2071; x_wconf 85' lang='lat' dir='ltr'>domino</span> <span class='ocrx_word' id='word_1_448' title='bbox 474 2053 538 2078; x_wconf 81' lang='lat' dir='ltr'>rege</span> <span class='ocrx_word' id='word_1_449' title='bbox 562 2045 675 2071; x_wconf 83' lang='lat' dir='ltr'>Boemie</span> <span class='ocrx_word' id='word_1_450' title='bbox 704 2054 736 2070; x_wconf 76' lang='lat' dir='ltr'>ac</span> <span class='ocrx_word' id='word_1_451' title='bbox 763 2045 819 2070; x_wconf 83' lang='lat' dir='ltr'>suis</span> <span class='ocrx_word' id='word_1_452' title='bbox 847 2044 972 2078; x_wconf 82' lang='lat' dir='ltr'>presenti</span> <span class='ocrx_word' id='word_1_453' title='bbox 1002 2042 1148 2069; x_wconf 80' lang='lat' dir='ltr'>concordie</span> <span class='ocrx_word' id='word_1_454' title='bbox 1179 2042 1370 2073; x_wconf 80' lang='lat' dir='ltr'>includantur,</span> <span class='ocrx_word' id='word_1_455' title='bbox 1402 2041 1442 2066; x_wconf 86' lang='lat' dir='ltr'>ita</span> <span class='ocrx_word' id='word_1_456' title='bbox 1471 2041 1545 2074; x_wconf 83' lang='lat' dir='ltr'>quod</span> <span class='ocrx_word' id='word_1_457' title='bbox 1572 2040 1702 2073; x_wconf 73' lang='lat' dir='ltr'>quicquid</span> <span class='ocrx_word' id='word_1_458' title='bbox 1726 2040 1758 2065; x_wconf 70' lang='lat' dir='ltr'>«le</span> 
     </span>
     <span class='ocr_line' id='line_1_44' title="bbox 131 2092 1758 2130; baseline -0.004 -7"><span class='ocrx_word' id='word_1_459' title='bbox 131 2097 237 2130; x_wconf 82' lang='lat' dir='ltr'>castris,</span> <span class='ocrx_word' id='word_1_460' title='bbox 262 2097 433 2128; x_wconf 80' lang='lat' dir='ltr'>civitatibus,</span> <span class='ocrx_word' id='word_1_461' title='bbox 457 2096 676 2129; x_wconf 84' lang='lat' dir='ltr'>munitionibus,</span> <span class='ocrx_word' id='word_1_462' title='bbox 700 2096 806 2122; x_wconf 87' lang='lat' dir='ltr'>iuribus</span> <span class='ocrx_word' id='word_1_463' title='bbox 831 2097 858 2122; x_wconf 79' lang='lat' dir='ltr'>et</span> <span class='ocrx_word' id='word_1_464' title='bbox 882 2095 1103 2129; x_wconf 82' lang='lat' dir='ltr'>possessionibus</span> <span class='ocrx_word' id='word_1_465' title='bbox 1127 2095 1155 2120; x_wconf 83' lang='lat' dir='ltr'>et</span> <span class='ocrx_word' id='word_1_466' title='bbox 1178 2094 1337 2119; x_wconf 82' lang='lat' dir='ltr'>hominibus</span> <span class='ocrx_word' id='word_1_467' title='bbox 1365 2093 1437 2126; x_wconf 81' lang='lat' dir='ltr'>regis</span> <span class='ocrx_word' id='word_1_468' title='bbox 1463 2092 1584 2125; x_wconf 74' lang='lat' dir='ltr'>Ungaric</span> <span class='ocrx_word' id='word_1_469' title='bbox 1616 2093 1693 2117; x_wconf 79' lang='lat' dir='ltr'>tenet</span> <span class='ocrx_word' id='word_1_470' title='bbox 1717 2092 1758 2117; x_wconf 83' lang='lat' dir='ltr'>vel</span> 
     </span>
     <span class='ocr_line' id='line_1_45' title="bbox 131 2143 1759 2183; baseline -0.004 -8"><span class='ocrx_word' id='word_1_471' title='bbox 131 2149 255 2183; x_wconf 85' lang='lat' dir='ltr'>possidet</span> <span class='ocrx_word' id='word_1_472' title='bbox 278 2157 326 2175; x_wconf 81' lang='lat' dir='ltr'>rex</span> <span class='ocrx_word' id='word_1_473' title='bbox 348 2148 462 2174; x_wconf 80' lang='lat' dir='ltr'>Boeinie</span> <span class='ocrx_word' id='word_1_474' title='bbox 486 2148 544 2174; x_wconf 88' lang='lat' dir='ltr'>sive</span> <span class='ocrx_word' id='word_1_475' title='bbox 568 2148 623 2180; x_wconf 82' lang='lat' dir='ltr'>sui⁷</span> <span class='ocrx_word' id='word_1_476' title='bbox 654 2148 713 2174; x_wconf 88' lang='lat' dir='ltr'>sinc</span> <span class='ocrx_word' id='word_1_477' title='bbox 741 2148 906 2173; x_wconf 87' lang='lat' dir='ltr'>difficultate</span> <span class='ocrx_word' id='word_1_478' title='bbox 938 2147 1064 2180; x_wconf 84' lang='lat' dir='ltr'>qualibet</span> <span class='ocrx_word' id='word_1_479' title='bbox 1096 2145 1228 2172; x_wconf 84' lang='lat' dir='ltr'>restituat</span> <span class='ocrx_word' id='word_1_480' title='bbox 1252 2147 1280 2171; x_wconf 76' lang='lat' dir='ltr'>ct</span> <span class='ocrx_word' id='word_1_481' title='bbox 1303 2144 1428 2170; x_wconf 82' lang='lat' dir='ltr'>dimittat</span> <span class='ocrx_word' id='word_1_482' title='bbox 1452 2144 1536 2169; x_wconf 65' lang='lat' dir='ltr'>libere</span> <span class='ocrx_word' id='word_1_483' title='bbox 1559 2143 1687 2168; x_wconf 80' lang='lat' dir='ltr'>absoluta</span> <span class='ocrx_word' id='word_1_484' title='bbox 1710 2152 1759 2168; x_wconf 73' lang='lat' dir='ltr'>nec</span> 
     </span>
     <span class='ocr_line' id='line_1_46' title="bbox 132 2195 1759 2234; baseline -0.005 -7"><span class='ocrx_word' id='word_1_485' title='bbox 132 2200 261 2234; x_wconf 87' lang='lat' dir='ltr'>deinceps</span> <span class='ocrx_word' id='word_1_486' title='bbox 284 2200 421 2234; x_wconf 84' lang='lat' dir='ltr'>impediat</span> <span class='ocrx_word' id='word_1_487' title='bbox 443 2200 471 2225; x_wconf 89' lang='lat' dir='ltr'>in</span> <span class='ocrx_word' id='word_1_488' title='bbox 496 2199 610 2225; x_wconf 87' lang='lat' dir='ltr'>eisdem.</span> <span class='ocrx_word' id='word_1_489' title='bbox 656 2198 691 2225; x_wconf 79' lang='lat' dir='ltr'>Et</span> <span class='ocrx_word' id='word_1_490' title='bbox 714 2200 767 2225; x_wconf 87' lang='lat' dir='ltr'>hoc</span> <span class='ocrx_word' id='word_1_491' title='bbox 790 2199 862 2225; x_wconf 77' lang='lat' dir='ltr'>idem</span> <span class='ocrx_word' id='word_1_492' title='bbox 887 2208 935 2232; x_wconf 87' lang='lat' dir='ltr'>pro</span> <span class='ocrx_word' id='word_1_493' title='bbox 961 2208 1024 2231; x_wconf 78' lang='lat' dir='ltr'>rege</span> <span class='ocrx_word' id='word_1_494' title='bbox 1049 2197 1161 2223; x_wconf 81' lang='lat' dir='ltr'>Boemie</span> <span class='ocrx_word' id='word_1_495' title='bbox 1186 2199 1214 2223; x_wconf 81' lang='lat' dir='ltr'>et</span> <span class='ocrx_word' id='word_1_496' title='bbox 1238 2197 1294 2222; x_wconf 82' lang='lat' dir='ltr'>suis</span> <span class='ocrx_word' id='word_1_497' title='bbox 1318 2206 1367 2230; x_wconf 86' lang='lat' dir='ltr'>per</span> <span class='ocrx_word' id='word_1_498' title='bbox 1391 2205 1482 2229; x_wconf 71' lang='lat' dir='ltr'>regem</span> <span class='ocrx_word' id='word_1_499' title='bbox 1503 2195 1622 2227; x_wconf 66' lang='lat' dir='ltr'>Ungarie</span> <span class='ocrx_word' id='word_1_500' title='bbox 1646 2196 1674 2220; x_wconf 76' lang='lat' dir='ltr'>et</span> <span class='ocrx_word' id='word_1_501' title='bbox 1697 2203 1759 2220; x_wconf 76' lang='lat' dir='ltr'>snos</span> 
     </span>
     <span class='ocr_line' id='line_1_47' title="bbox 133 2246 1758 2286; baseline -0.005 -8"><span class='ocrx_word' id='word_1_502' title='bbox 133 2252 186 2278; x_wconf 87' lang='lat' dir='ltr'>erit</span> <span class='ocrx_word' id='word_1_503' title='bbox 208 2252 267 2279; x_wconf 88' lang='lat' dir='ltr'>sine</span> <span class='ocrx_word' id='word_1_504' title='bbox 290 2252 420 2286; x_wconf 84' lang='lat' dir='ltr'>captione</span> <span class='ocrx_word' id='word_1_505' title='bbox 444 2251 571 2285; x_wconf 81' lang='lat' dir='ltr'>qualibet</span> <span class='ocrx_word' id='word_1_506' title='bbox 595 2251 811 2283; x_wconf 78' lang='lat' dir='ltr'>observandum,</span> <span class='ocrx_word' id='word_1_507' title='bbox 841 2250 925 2276; x_wconf 85' lang='lat' dir='ltr'>salvis</span> <span class='ocrx_word' id='word_1_508' title='bbox 950 2250 1061 2283; x_wconf 79' lang='lat' dir='ltr'>utrique</span> <span class='ocrx_word' id='word_1_509' title='bbox 1085 2258 1181 2283; x_wconf 81' lang='lat' dir='ltr'>regum</span> <span class='ocrx_word' id='word_1_510' title='bbox 1205 2250 1341 2275; x_wconf 81' lang='lat' dir='ltr'>terrarum</span> <span class='ocrx_word' id='word_1_511' title='bbox 1365 2256 1475 2273; x_wconf 81' lang='lat' dir='ltr'>suarum</span> <span class='ocrx_word' id='word_1_512' title='bbox 1499 2246 1633 2272; x_wconf 80' lang='lat' dir='ltr'>limitibus</span> <span class='ocrx_word' id='word_1_513' title='bbox 1657 2247 1680 2271; x_wconf 75' lang='lat' dir='ltr'>cl</span> <span class='ocrx_word' id='word_1_514' title='bbox 1708 2248 1758 2271; x_wconf 68' lang='lat' dir='ltr'>lvr-</span> 
     </span>
     <span class='ocr_line' id='line_1_48' title="bbox 132 2297 1759 2337; baseline -0.006 -7"><span class='ocrx_word' id='word_1_515' title='bbox 132 2303 227 2336; x_wconf 42' lang='lat' dir='ltr'>minim</span> <span class='ocrx_word' id='word_1_516' title='bbox 256 2304 329 2330; x_wconf 87' lang='lat' dir='ltr'>sicut</span> <span class='ocrx_word' id='word_1_517' title='bbox 356 2303 391 2330; x_wconf 91' lang='lat' dir='ltr'>ab</span> <span class='ocrx_word' id='word_1_518' title='bbox 423 2303 540 2337; x_wconf 85' lang='lat' dir='ltr'>antiquo</span> <span class='ocrx_word' id='word_1_519' title='bbox 573 2304 698 2336; x_wconf 83' lang='lat' dir='ltr'>tempore</span> <span class='ocrx_word' id='word_1_520' title='bbox 728 2304 793 2329; x_wconf 90' lang='lat' dir='ltr'>sunt</span> <span class='ocrx_word' id='word_1_521' title='bbox 816 2302 951 2328; x_wconf 84' lang='lat' dir='ltr'>distincti.</span> <span class='ocrx_word' id='word_1_522' title='bbox 996 2301 1031 2327; x_wconf 85' lang='lat' dir='ltr'>Et</span> <span class='ocrx_word' id='word_1_523' title='bbox 1054 2301 1221 2334; x_wconf 82' lang='lat' dir='ltr'>quicumque</span> <span class='ocrx_word' id='word_1_524' title='bbox 1245 2309 1340 2334; x_wconf 80' lang='lat' dir='ltr'>regum</span> <span class='ocrx_word' id='word_1_525' title='bbox 1365 2299 1514 2325; x_wconf 76' lang='lat' dir='ltr'>eorundem</span> <span class='ocrx_word' id='word_1_526' title='bbox 1538 2298 1611 2323; x_wconf 65' lang='lat' dir='ltr'>ilict«)</span> <span class='ocrx_word' id='word_1_527' title='bbox 1635 2297 1709 2330; x_wconf 73' lang='lat' dir='ltr'>pat-is</span> <span class='ocrx_word' id='word_1_528' title='bbox 1733 2298 1759 2321; x_wconf 74' lang='lat' dir='ltr'>et</span> 
     </span>
     <span class='ocr_line' id='line_1_49' title="bbox 133 2348 1760 2387; baseline -0.006 -5"><span class='ocrx_word' id='word_1_529' title='bbox 133 2355 278 2382; x_wconf 82' lang='lat' dir='ltr'>concordie</span> <span class='ocrx_word' id='word_1_530' title='bbox 301 2355 387 2382; x_wconf 85' lang='lat' dir='ltr'>fuerit</span> <span class='ocrx_word' id='word_1_531' title='bbox 410 2355 543 2387; x_wconf 78' lang='lat' dir='ltr'>violator,</span> <span class='ocrx_word' id='word_1_532' title='bbox 573 2356 671 2381; x_wconf 82' lang='lat' dir='ltr'>contra</span> <span class='ocrx_word' id='word_1_533' title='bbox 694 2354 780 2380; x_wconf 69' lang='lat' dir='ltr'>talem</span> <span class='ocrx_word' id='word_1_534' title='bbox 803 2354 930 2380; x_wconf 85' lang='lat' dir='ltr'>dominus</span> <span class='ocrx_word' id='word_1_535' title='bbox 954 2362 1001 2379; x_wconf 83' lang='lat' dir='ltr'>rex</span> <span class='ocrx_word' id='word_1_536' title='bbox 1026 2353 1211 2379; x_wconf 77' lang='lat' dir='ltr'>Romanorum</span> <span class='ocrx_word' id='word_1_537' title='bbox 1236 2351 1395 2378; x_wconf 76' lang='lat' dir='ltr'>observanti</span> <span class='ocrx_word' id='word_1_538' title='bbox 1418 2360 1513 2384; x_wconf 71' lang='lat' dir='ltr'>pacem</span> <span class='ocrx_word' id='word_1_539' title='bbox 1537 2351 1565 2375; x_wconf 73' lang='lat' dir='ltr'>ct</span> <span class='ocrx_word' id='word_1_540' title='bbox 1588 2348 1760 2375; x_wconf 76' lang='lat' dir='ltr'>concordiam</span> 
     </span>
     <span class='ocr_line' id='line_1_50' title="bbox 133 2407 700 2439; baseline 0 -7"><span class='ocrx_word' id='word_1_541' title='bbox 133 2407 245 2434; x_wconf 82' lang='lat' dir='ltr'>assistet</span> <span class='ocrx_word' id='word_1_542' title='bbox 268 2407 392 2439; x_wconf 87' lang='lat' dir='ltr'>consilio,</span> <span class='ocrx_word' id='word_1_543' title='bbox 417 2407 521 2433; x_wconf 78' lang='lat' dir='ltr'>auxilio</span> <span class='ocrx_word' id='word_1_544' title='bbox 546 2408 574 2433; x_wconf 89' lang='lat' dir='ltr'>et</span> <span class='ocrx_word' id='word_1_545' title='bbox 598 2407 700 2433; x_wconf 84' lang='lat' dir='ltr'>favore.</span> 
     </span>
    </p>

    <p class='ocr_par' dir='ltr' id='par_1_13' title="bbox 238 2453 1524 2491">
     <span class='ocr_line' id='line_1_51' title="bbox 238 2453 1524 2491; baseline -0.005 -6"><span class='ocrx_word' id='word_1_546' title='bbox 238 2459 270 2485; x_wconf 89' lang='lat' dir='ltr'>In</span> <span class='ocrx_word' id='word_1_547' title='bbox 294 2459 370 2485; x_wconf 83' lang='lat' dir='ltr'>cuius</span> <span class='ocrx_word' id='word_1_548' title='bbox 394 2458 434 2485; x_wconf 88' lang='lat' dir='ltr'>rei</span> <span class='ocrx_word' id='word_1_549' title='bbox 457 2458 649 2484; x_wconf 78' lang='lat' dir='ltr'>testiinonium</span> <span class='ocrx_word' id='word_1_550' title='bbox 672 2458 815 2491; x_wconf 82' lang='lat' dir='ltr'>presentes</span> <span class='ocrx_word' id='word_1_551' title='bbox 839 2457 949 2483; x_wconf 86' lang='lat' dir='ltr'>litteras</span> <span class='ocrx_word' id='word_1_552' title='bbox 973 2456 1072 2489; x_wconf 75' lang='lat' dir='ltr'>sigillis</span> <span class='ocrx_word' id='word_1_553' title='bbox 1096 2455 1198 2482; x_wconf 85' lang='lat' dir='ltr'>nostris</span> <span class='ocrx_word' id='word_1_554' title='bbox 1222 2454 1329 2488; x_wconf 81' lang='lat' dir='ltr'>placuit</span> <span class='ocrx_word' id='word_1_555' title='bbox 1352 2453 1524 2480; x_wconf 82' lang='lat' dir='ltr'>communiri.</span> 
     </span>
    </p>

    <p class='ocr_par' dir='ltr' id='par_1_14' title="bbox 134 2504 1759 2641">
     <span class='ocr_line' id='line_1_52' title="bbox 238 2504 1759 2541; baseline -0.007 -4"><span class='ocrx_word' id='word_1_556' title='bbox 238 2511 339 2537; x_wconf 80' lang='lat' dir='ltr'>Actum</span> <span class='ocrx_word' id='word_1_557' title='bbox 362 2510 390 2536; x_wconf 93' lang='lat' dir='ltr'>in</span> <span class='ocrx_word' id='word_1_558' title='bbox 413 2510 512 2537; x_wconf 82' lang='lat' dir='ltr'>castris</span> <span class='ocrx_word' id='word_1_559' title='bbox 535 2512 601 2536; x_wconf 85' lang='lat' dir='ltr'>ante</span> <span class='ocrx_word' id='word_1_560' title='bbox 622 2510 785 2541; x_wconf 60' lang='lat' dir='ltr'>IViennain,</span> <span class='ocrx_word' id='word_1_561' title='bbox 815 2517 888 2535; x_wconf 88' lang='lat' dir='ltr'>anno</span> <span class='ocrx_word' id='word_1_562' title='bbox 912 2508 1022 2534; x_wconf 87' lang='lat' dir='ltr'>Domini</span> <span class='ocrx_word' id='word_1_563' title='bbox 1052 2508 1199 2533; x_wconf 80' lang='lat' dir='ltr'>millesimo</span> <span class='ocrx_word' id='word_1_564' title='bbox 1228 2505 1416 2532; x_wconf 66' lang='lat' dir='ltr'>ducentesimo</span> <span class='ocrx_word' id='word_1_565' title='bbox 1446 2504 1650 2538; x_wconf 62' lang='lat' dir='ltr'>septuagesimo</span> <span class='ocrx_word' id='word_1_566' title='bbox 1674 2504 1759 2529; x_wconf 61' lang='lat' dir='ltr'>sexto.</span> 
     </span>
     <span class='ocr_line' id='line_1_53' title="bbox 134 2554 1759 2595; baseline -0.007 -6"><span class='ocrx_word' id='word_1_567' title='bbox 134 2561 180 2588; x_wconf 86' lang='lat' dir='ltr'>XI.</span> <span class='ocrx_word' id='word_1_568' title='bbox 195 2562 256 2589; x_wconf 81' lang='lat' dir='ltr'>Kal.</span> <span class='ocrx_word' id='word_1_569' title='bbox 272 2562 440 2589; x_wconf 73' lang='lat' dir='ltr'>Decembris.</span> <span class='ocrx_word' id='word_1_570' title='bbox 477 2561 514 2588; x_wconf 86' lang='lat' dir='ltr'>Et</span> <span class='ocrx_word' id='word_1_571' title='bbox 537 2561 603 2595; x_wconf 89' lang='lat' dir='ltr'>quia</span> <span class='ocrx_word' id='word_1_572' title='bbox 626 2562 659 2588; x_wconf 89' lang='lat' dir='ltr'>H.</span> <span class='ocrx_word' id='word_1_573' title='bbox 675 2561 849 2595; x_wconf 82' lang='lat' dir='ltr'>lantgravius</span> <span class='ocrx_word' id='word_1_574' title='bbox 873 2560 906 2586; x_wconf 78' lang='lat' dir='ltr'>de</span> <span class='ocrx_word' id='word_1_575' title='bbox 923 2560 1022 2585; x_wconf 87' lang='lat' dir='ltr'>Hassia</span> <span class='ocrx_word' id='word_1_576' title='bbox 1039 2559 1179 2593; x_wconf 81' lang='lat' dir='ltr'>premissis</span> <span class='ocrx_word' id='word_1_577' title='bbox 1196 2558 1331 2589; x_wconf 75' lang='lat' dir='ltr'>interfuit,</span> <span class='ocrx_word' id='word_1_578' title='bbox 1356 2557 1475 2590; x_wconf 77' lang='lat' dir='ltr'>sigillum</span> <span class='ocrx_word' id='word_1_579' title='bbox 1494 2565 1570 2581; x_wconf 76' lang='lat' dir='ltr'>suum</span> <span class='ocrx_word' id='word_1_580' title='bbox 1589 2554 1759 2588; x_wconf 59' lang='lat' dir='ltr'>presentibus</span> 
     </span>
     <span class='ocr_line' id='line_1_54' title="bbox 135 2613 355 2641; baseline 0 -1"><span class='ocrx_word' id='word_1_581' title='bbox 135 2614 178 2640; x_wconf 87' lang='lat' dir='ltr'>est</span> <span class='ocrx_word' id='word_1_582' title='bbox 199 2613 355 2641; x_wconf 85' lang='lat' dir='ltr'>adiectum.’</span> 
     </span>
    </p>

    <p class='ocr_par' dir='ltr' id='par_1_15' title="bbox 136 2652 1759 2754">
     <span class='ocr_line' id='line_1_55' title="bbox 240 2652 1759 2695; baseline -0.008 -3"><span class='ocrx_word' id='word_1_583' title='bbox 240 2660 307 2692; x_wconf 84' lang='lat' dir='ltr'>Nos</span> <span class='ocrx_word' id='word_1_584' title='bbox 329 2664 436 2692; x_wconf 87' lang='lat' dir='ltr'>autem</span> <span class='ocrx_word' id='word_1_585' title='bbox 454 2660 629 2691; x_wconf 76' lang='lat' dir='ltr'>Rudolfusf</span> <span class='ocrx_word' id='word_1_586' title='bbox 644 2659 860 2690; x_wconf 79' lang='lat' dir='ltr'>Rornanorum</span> <span class='ocrx_word' id='word_1_587' title='bbox 879 2662 911 2689; x_wconf 87' lang='lat' dir='ltr'>ct</span> <span class='ocrx_word' id='word_1_588' title='bbox 928 2658 1091 2689; x_wconf 84' lang='lat' dir='ltr'>Otakarus</span> <span class='ocrx_word' id='word_1_589' title='bbox 1108 2657 1240 2688; x_wconf 81' lang='lat' dir='ltr'>Boemic</span> <span class='ocrx_word' id='word_1_590' title='bbox 1258 2667 1351 2695; x_wconf 70' lang='lat' dir='ltr'>roges</span> <span class='ocrx_word' id='word_1_591' title='bbox 1370 2653 1501 2695; x_wconf 72' lang='lat' dir='ltr'>predicti</span> <span class='ocrx_word' id='word_1_592' title='bbox 1521 2652 1759 2683; x_wconf 64' lang='lat' dir='ltr'>‹ii-‹li11211i1›1n=111,</span> 
     </span>
     <span class='ocr_line' id='line_1_56' title="bbox 136 2705 1759 2754; baseline -0.008 -10"><span class='ocrx_word' id='word_1_593' title='bbox 136 2713 446 2754; x_wconf 77' lang='lat' dir='ltr'>pronunciationem,</span> <span class='ocrx_word' id='word_1_594' title='bbox 481 2712 645 2743; x_wconf 84' lang='lat' dir='ltr'>arbitrium</span> <span class='ocrx_word' id='word_1_595' title='bbox 675 2712 741 2741; x_wconf 88' lang='lat' dir='ltr'>sive</span> <span class='ocrx_word' id='word_1_596' title='bbox 771 2710 890 2741; x_wconf 88' lang='lat' dir='ltr'>dictum</span> <span class='ocrx_word' id='word_1_597' title='bbox 921 2709 1179 2751; x_wconf 79' lang='lat' dir='ltr'>supradictorum</span> <span class='ocrx_word' id='word_1_598' title='bbox 1208 2708 1415 2739; x_wconf 75' lang='lat' dir='ltr'>arbitrorum.</span> <span class='ocrx_word' id='word_1_599' title='bbox 1452 2705 1672 2735; x_wconf 72' lang='lat' dir='ltr'>arbitratoruiu</span> <span class='ocrx_word' id='word_1_600' title='bbox 1704 2713 1759 2732; x_wconf 62' lang='lat' dir='ltr'>sou</span> 
     </span>
    </p>
   </div>
   <div class='ocr_carea' id='block_1_9' title="bbox 239 2795 1211 2832">
    <p class='ocr_par' dir='ltr' id='par_1_16' title="bbox 239 2795 1211 2832">
     <span class='ocr_line' id='line_1_57' title="bbox 239 2795 1211 2832; baseline -0.007 -8"><span class='ocrx_word' id='word_1_601' title='bbox 239 2797 301 2824; x_wconf 78' lang='lat'>114.</span> <span class='ocrx_word' id='word_1_602' title='bbox 322 2798 344 2831; x_wconf 78' lang='lat' dir='ltr'>e)</span> <span class='ocrx_word' id='word_1_603' title='bbox 363 2799 471 2832; x_wconf 64' lang='lat' dir='ltr'>spatium</span> <span class='ocrx_word' id='word_1_604' title='bbox 486 2798 588 2831; x_wconf 68' lang='lat' dir='ltr'>punctis</span> <span class='ocrx_word' id='word_1_605' title='bbox 607 2797 710 2822; x_wconf 68' lang='lat' dir='ltr'>onn&#39;ssis.</span> <span class='ocrx_word' id='word_1_606' title='bbox 730 2806 767 2822; x_wconf 88' lang='lat' dir='ltr'>or.</span> <span class='ocrx_word' id='word_1_607' title='bbox 855 2795 873 2826; x_wconf 74' lang='lat' dir='ltr'>f)</span> <span class='ocrx_word' id='word_1_608' title='bbox 895 2796 1004 2827; x_wconf 67' lang='lat' dir='ltr'>sequitur</span> <span class='ocrx_word' id='word_1_609' title='bbox 1025 2801 1036 2824; x_wconf 91' lang='lat'>7</span> <span class='ocrx_word' id='word_1_610' title='bbox 1056 2802 1155 2817; x_wconf 67' lang='lat' dir='ltr'>erasmi</span> <span class='ocrx_word' id='word_1_611' title='bbox 1175 2803 1211 2818; x_wconf 75' lang='lat' dir='ltr'>or.</span> 
     </span>
    </p>
   </div>
   <div class='ocr_carea' id='block_1_10' title="bbox 2245 2 2253 359">
    <p class='ocr_par' dir='ltr' id='par_1_17' title="bbox 2245 2 2253 359">
     <span class='ocr_line' id='line_1_58' title="bbox 2245 2 2253 359; textangle 90"><span class='ocrx_word' id='word_1_612' title='bbox 2247 266 2252 359; x_wconf 39' lang='grc' dir='ltr'>,ἠ-</span> <span class='ocrx_word' id='word_1_613' title='bbox 2246 179 2250 234; x_wconf 34' lang='grc' dir='ltr'>.-.μ</span> <span class='ocrx_word' id='word_1_614' title='bbox 2245 2 2253 170; x_wconf 30' lang='grc' dir='ltr'>Γή-,Ϋ</span> 
     </span>
    </p>
   </div>
   <div class='ocr_carea' id='block_1_11' title="bbox 2251 1401 2259 1961">
    <p class='ocr_par' dir='ltr' id='par_1_18' title="bbox 2251 1401 2259 1961">
     <span class='ocr_line' id='line_1_59' title="bbox 2251 1401 2259 1961; baseline 0 0"><span class='ocrx_word' id='word_1_615' title='bbox 2251 1401 2259 1961; x_wconf 95' lang='lat' dir='ltr'> </span> 
     </span>
    </p>
   </div>
  </div>
 </body>
</html>
