<?xml version="1.0" encoding="UTF-8"?>
<!DOCTYPE html PUBLIC "-//W3C//DTD XHTML 1.0 Transitional//EN"
    "http://www.w3.org/TR/xhtml1/DTD/xhtml1-transitional.dtd">
<html xmlns="http://www.w3.org/1999/xhtml" xml:lang="en" lang="en">
 <head>
  <title>
</title>
<meta http-equiv="Content-Type" content="text/html;charset=utf-8" />
  <meta name='ocr-system' content='tesseract 3.04.00' />
  <meta name='ocr-capabilities' content='ocr_page ocr_carea ocr_par ocr_line ocrx_word'/>
</head>
<body>
  <div class='ocr_page' id='page_1' title='image "./monumentagelegum03geseuoft/monumentagelegum03geseuoft_0661.png"; bbox 0 0 2259 3164; ppageno 0'>
   <div class='ocr_carea' id='block_1_1' title="bbox 0 1308 9 2366">
    <p class='ocr_par' dir='ltr' id='par_1_1' title="bbox 0 1308 9 2366">
     <span class='ocr_line' id='line_1_1' title="bbox 0 1308 9 2366; baseline 0 0"><span class='ocrx_word' id='word_1_1' title='bbox 0 1308 9 2366; x_wconf 95' lang='lat' dir='ltr'> </span> 
     </span>
    </p>
   </div>
   <div class='ocr_carea' id='block_1_2' title="bbox 10 2512 17 3124">
    <p class='ocr_par' dir='ltr' id='par_1_2' title="bbox 10 2512 17 3124">
     <span class='ocr_line' id='line_1_2' title="bbox 10 2512 17 3124; baseline 0 0"><span class='ocrx_word' id='word_1_2' title='bbox 10 2512 17 3124; x_wconf 95' lang='lat' dir='ltr'> </span> 
     </span>
    </p>
   </div>
   <div class='ocr_carea' id='block_1_3' title="bbox 599 162 1841 199">
    <p class='ocr_par' dir='ltr' id='par_1_3' title="bbox 599 162 1841 199">
     <span class='ocr_line' id='line_1_3' title="bbox 599 162 1841 199; baseline 0.009 -12"><span class='ocrx_word' id='word_1_3' title='bbox 599 162 752 187; x_wconf 71' lang='lat' dir='ltr'>SCRIPTA</span> <span class='ocrx_word' id='word_1_4' title='bbox 774 162 893 187; x_wconf 76' lang='lat' dir='ltr'>VARIA.</span> <span class='ocrx_word' id='word_1_5' title='bbox 934 163 1007 188; x_wconf 78' lang='lat'>1274.</span> <span class='ocrx_word' id='word_1_6' title='bbox 1029 164 1101 190; x_wconf 62' lang='lat'><strong>1276.</strong></span> <span class='ocrx_word' id='word_1_7' title='bbox 1123 165 1195 190; x_wconf 73' lang='lat'><strong>1277.</strong></span> <span class='ocrx_word' id='word_1_8' title='bbox 1232 164 1445 191; x_wconf 59' lang='lat' dir='ltr'>Nnss36—638.</span> <span class='ocrx_word' id='word_1_9' title='bbox 1781 169 1841 199; x_wconf 76' lang='lat'>623</span> 
     </span>
    </p>
   </div>
   <div class='ocr_carea' id='block_1_4' title="bbox 172 247 1843 597">
    <p class='ocr_par' dir='ltr' id='par_1_4' title="bbox 206 247 1843 293">
     <span class='ocr_line' id='line_1_4' title="bbox 206 247 1843 293; baseline 0.004 -16"><span class='ocrx_word' id='word_1_10' title='bbox 206 248 378 278; x_wconf 77' lang='lat' dir='ltr'>dinoscitur</span> <span class='ocrx_word' id='word_1_11' title='bbox 403 247 580 288; x_wconf 79' lang='lat' dir='ltr'>possidere,</span> <span class='ocrx_word' id='word_1_12' title='bbox 615 248 676 277; x_wconf 88' lang='lat' dir='ltr'>sint</span> <span class='ocrx_word' id='word_1_13' title='bbox 705 247 887 278; x_wconf 84' lang='lat' dir='ltr'>abiudicata</span> <span class='ocrx_word' id='word_1_14' title='bbox 912 248 1016 279; x_wconf 89' lang='lat' dir='ltr'>eidem</span> <span class='ocrx_word' id='word_1_15' title='bbox 1046 250 1150 280; x_wconf 88' lang='lat' dir='ltr'>medio</span> <span class='ocrx_word' id='word_1_16' title='bbox 1182 250 1325 290; x_wconf 88' lang='lat' dir='ltr'>quolibet</span> <span class='ocrx_word' id='word_1_17' title='bbox 1359 253 1524 289; x_wconf 80' lang='lat' dir='ltr'>resarcito,</span> <span class='ocrx_word' id='word_1_18' title='bbox 1559 252 1749 283; x_wconf 77' lang='lat' dir='ltr'>conferenda</span> <span class='ocrx_word' id='word_1_19' title='bbox 1786 263 1843 293; x_wconf 89' lang='lat' dir='ltr'>per</span> 
     </span>
    </p>

    <p class='ocr_par' dir='ltr' id='par_1_5' title="bbox 204 298 1842 344">
     <span class='ocr_line' id='line_1_5' title="bbox 204 298 1842 344; baseline 0.004 -17"><span class='ocrx_word' id='word_1_20' title='bbox 204 298 364 340; x_wconf 88' lang='lat' dir='ltr'>prefatum</span> <span class='ocrx_word' id='word_1_21' title='bbox 388 298 550 329; x_wconf 85' lang='lat' dir='ltr'>dominum</span> <span class='ocrx_word' id='word_1_22' title='bbox 572 301 715 328; x_wconf 77' lang='lat' dir='ltr'>nostrum</span> <span class='ocrx_word' id='word_1_23' title='bbox 739 309 848 339; x_wconf 86' lang='lat' dir='ltr'>regem</span> <span class='ocrx_word' id='word_1_24' title='bbox 866 299 1081 331; x_wconf 85' lang='lat' dir='ltr'>Romanorum</span> <span class='ocrx_word' id='word_1_25' title='bbox 1106 301 1156 331; x_wconf 77' lang='lat' dir='ltr'>vel</span> <span class='ocrx_word' id='word_1_26' title='bbox 1177 301 1265 338; x_wconf 75' lang='lat' dir='ltr'>alios,</span> <span class='ocrx_word' id='word_1_27' title='bbox 1290 303 1342 342; x_wconf 87' lang='lat' dir='ltr'>qui</span> <span class='ocrx_word' id='word_1_28' title='bbox 1359 303 1456 343; x_wconf 85' lang='lat' dir='ltr'>ipsius</span> <span class='ocrx_word' id='word_1_29' title='bbox 1472 303 1596 344; x_wconf 89' lang='lat' dir='ltr'>imperii</span> <span class='ocrx_word' id='word_1_30' title='bbox 1613 303 1842 343; x_wconf 71' lang='lat' dir='ltr'>gubernatores</span> 
     </span>
    </p>

    <p class='ocr_par' dir='ltr' id='par_1_6' title="bbox 206 349 1842 394">
     <span class='ocr_line' id='line_1_6' title="bbox 206 349 1842 394; baseline 0.004 -14"><span class='ocrx_word' id='word_1_31' title='bbox 206 361 263 391; x_wconf 90' lang='lat' dir='ltr'>pro</span> <span class='ocrx_word' id='word_1_32' title='bbox 287 353 432 390; x_wconf 84' lang='lat' dir='ltr'>tempore</span> <span class='ocrx_word' id='word_1_33' title='bbox 458 349 583 387; x_wconf 85' lang='lat' dir='ltr'>fuerint,</span> <span class='ocrx_word' id='word_1_34' title='bbox 608 349 754 380; x_wconf 84' lang='lat' dir='ltr'>absolute</span> <span class='ocrx_word' id='word_1_35' title='bbox 778 350 858 389; x_wconf 86' lang='lat' dir='ltr'>aliis,</span> <span class='ocrx_word' id='word_1_36' title='bbox 882 354 976 391; x_wconf 88' lang='lat' dir='ltr'>prout</span> <span class='ocrx_word' id='word_1_37' title='bbox 1001 352 1046 381; x_wconf 85' lang='lat' dir='ltr'>eis</span> <span class='ocrx_word' id='word_1_38' title='bbox 1064 352 1221 383; x_wconf 76' lang='lat' dir='ltr'>videbitur</span> <span class='ocrx_word' id='word_1_39' title='bbox 1245 353 1408 393; x_wconf 83' lang='lat' dir='ltr'>expedire,</span> <span class='ocrx_word' id='word_1_40' title='bbox 1434 358 1465 384; x_wconf 87' lang='lat' dir='ltr'>et</span> <span class='ocrx_word' id='word_1_41' title='bbox 1482 355 1609 394; x_wconf 76' lang='lat' dir='ltr'>insuper</span> <span class='ocrx_word' id='word_1_42' title='bbox 1633 354 1716 385; x_wconf 91' lang='lat' dir='ltr'>idem</span> <span class='ocrx_word' id='word_1_43' title='bbox 1741 358 1842 386; x_wconf 89' lang='lat' dir='ltr'>trans-</span> 
     </span>
    </p>

    <p class='ocr_par' dir='ltr' id='par_1_7' title="bbox 206 401 1842 445">
     <span class='ocr_line' id='line_1_7' title="bbox 206 401 1842 445; baseline 0.004 -15"><span class='ocrx_word' id='word_1_44' title='bbox 206 411 333 442; x_wconf 88' lang='lat' dir='ltr'>gressor</span> <span class='ocrx_word' id='word_1_45' title='bbox 355 401 509 441; x_wconf 82' lang='lat' dir='ltr'>periuruS,</span> <span class='ocrx_word' id='word_1_46' title='bbox 535 401 630 431; x_wconf 80' lang='lat' dir='ltr'>exlex</span> <span class='ocrx_word' id='word_1_47' title='bbox 646 411 769 431; x_wconf 81' lang='lat' dir='ltr'>necnon</span> <span class='ocrx_word' id='word_1_48' title='bbox 793 411 811 431; x_wconf 91' lang='lat' dir='ltr'>a</span> <span class='ocrx_word' id='word_1_49' title='bbox 828 401 898 431; x_wconf 92' lang='lat' dir='ltr'>Deo</span> <span class='ocrx_word' id='word_1_50' title='bbox 916 402 1104 433; x_wconf 80' lang='lat' dir='ltr'>maledictus</span> <span class='ocrx_word' id='word_1_51' title='bbox 1121 406 1153 433; x_wconf 91' lang='lat' dir='ltr'>et</span> <span class='ocrx_word' id='word_1_52' title='bbox 1168 404 1347 434; x_wconf 89' lang='lat' dir='ltr'>hominibus</span> <span class='ocrx_word' id='word_1_53' title='bbox 1365 408 1519 445; x_wconf 82' lang='lat' dir='ltr'>perpetuo</span> <span class='ocrx_word' id='word_1_54' title='bbox 1537 408 1712 436; x_wconf 78' lang='lat' dir='ltr'>censeatur.</span> <span class='ocrx_word' id='word_1_55' title='bbox 1800 406 1842 436; x_wconf 75' lang='lat' dir='ltr'>Ut</span> 
     </span>
    </p>

    <p class='ocr_par' dir='ltr' id='par_1_8' title="bbox 172 451 1842 544">
     <span class='ocr_line' id='line_1_8' title="bbox 172 451 1842 495; baseline 0.004 -14"><span class='ocrx_word' id='word_1_56' title='bbox 172 463 184 481; x_wconf 79' lang='lat'>⁵</span> <span class='ocrx_word' id='word_1_57' title='bbox 206 455 313 482; x_wconf 89' lang='lat' dir='ltr'>autem</span> <span class='ocrx_word' id='word_1_58' title='bbox 336 451 463 492; x_wconf 84' lang='lat' dir='ltr'>prefata</span> <span class='ocrx_word' id='word_1_59' title='bbox 492 452 597 482; x_wconf 85' lang='lat' dir='ltr'>omnia</span> <span class='ocrx_word' id='word_1_60' title='bbox 627 462 684 492; x_wconf 90' lang='lat' dir='ltr'>per</span> <span class='ocrx_word' id='word_1_61' title='bbox 713 463 769 482; x_wconf 88' lang='lat' dir='ltr'>nos</span> <span class='ocrx_word' id='word_1_62' title='bbox 797 452 1026 483; x_wconf 89' lang='lat' dir='ltr'>inmutabiliter</span> <span class='ocrx_word' id='word_1_63' title='bbox 1056 453 1276 491; x_wconf 82' lang='lat' dir='ltr'>observentur,</span> <span class='ocrx_word' id='word_1_64' title='bbox 1308 459 1489 495; x_wconf 70' lang='lat' dir='ltr'>presentem</span> <span class='ocrx_word' id='word_1_65' title='bbox 1519 456 1613 486; x_wconf 77' lang='lat' dir='ltr'><strong>scribi</strong></span> <span class='ocrx_word' id='word_1_66' title='bbox 1644 457 1781 488; x_wconf 83' lang='lat' dir='ltr'>litteram</span> <span class='ocrx_word' id='word_1_67' title='bbox 1810 462 1842 487; x_wconf 84' lang='lat' dir='ltr'>et</span> 
     </span>
     <span class='ocr_line' id='line_1_9' title="bbox 205 502 1163 544; baseline 0.002 -11"><span class='ocrx_word' id='word_1_68' title='bbox 205 502 379 544; x_wconf 89' lang='lat' dir='ltr'>sigillorum</span> <span class='ocrx_word' id='word_1_69' title='bbox 403 506 581 533; x_wconf 87' lang='lat' dir='ltr'>nostrorum</span> <span class='ocrx_word' id='word_1_70' title='bbox 605 503 830 533; x_wconf 82' lang='lat' dir='ltr'>muniminibus</span> <span class='ocrx_word' id='word_1_71' title='bbox 854 504 987 534; x_wconf 79' lang='lat' dir='ltr'>fecimus</span> <span class='ocrx_word' id='word_1_72' title='bbox 1012 504 1163 535; x_wconf 80' lang='lat' dir='ltr'>roborari.</span> 
     </span>
    </p>

    <p class='ocr_par' dir='ltr' id='par_1_9' title="bbox 312 553 1842 597">
     <span class='ocr_line' id='line_1_10' title="bbox 312 553 1842 597; baseline 0.004 -13"><span class='ocrx_word' id='word_1_73' title='bbox 312 555 428 584; x_wconf 88' lang='lat' dir='ltr'>Actum</span> <span class='ocrx_word' id='word_1_74' title='bbox 457 557 489 585; x_wconf 84' lang='lat' dir='ltr'>et</span> <span class='ocrx_word' id='word_1_75' title='bbox 512 553 621 584; x_wconf 90' lang='lat' dir='ltr'>datum</span> <span class='ocrx_word' id='word_1_76' title='bbox 649 555 681 585; x_wconf 92' lang='lat' dir='ltr'>in</span> <span class='ocrx_word' id='word_1_77' title='bbox 703 556 895 585; x_wconf 88' lang='lat' dir='ltr'>monasterio</span> <span class='ocrx_word' id='word_1_78' title='bbox 924 555 1019 586; x_wconf 86' lang='lat' dir='ltr'>beate</span> <span class='ocrx_word' id='word_1_79' title='bbox 1043 555 1143 586; x_wconf 84' lang='lat' dir='ltr'>Marie</span> <span class='ocrx_word' id='word_1_80' title='bbox 1170 557 1298 597; x_wconf 75' lang='lat' dir='ltr'>virginis</span> <span class='ocrx_word' id='word_1_81' title='bbox 1326 558 1410 597; x_wconf 80' lang='lat' dir='ltr'>apud</span> <span class='ocrx_word' id='word_1_82' title='bbox 1434 558 1573 593; x_wconf 73' lang='lat' dir='ltr'>Rsmam,</span> <span class='ocrx_word' id='word_1_83' title='bbox 1609 570 1689 589; x_wconf 83' lang='lat' dir='ltr'>anno</span> <span class='ocrx_word' id='word_1_84' title='bbox 1714 559 1842 590; x_wconf 84' lang='lat' dir='ltr'>Domini</span> 
     </span>
    </p>
   </div>
   <div class='ocr_carea' id='block_1_5' title="bbox 204 604 1083 644">
    <p class='ocr_par' dir='ltr' id='par_1_10' title="bbox 204 604 1083 644">
     <span class='ocr_line' id='line_1_11' title="bbox 204 604 1083 644; baseline 0.001 -8"><span class='ocrx_word' id='word_1_85' title='bbox 204 605 372 636; x_wconf 83' lang='lat' dir='ltr'>millesimo</span> <span class='ocrx_word' id='word_1_86' title='bbox 398 604 604 644; x_wconf 74' lang='lat' dir='ltr'>CCLXXVL</span> <span class='ocrx_word' id='word_1_87' title='bbox 628 605 720 636; x_wconf 89' lang='lat' dir='ltr'>XIII.</span> <span class='ocrx_word' id='word_1_88' title='bbox 739 605 902 637; x_wconf 76' lang='lat' dir='ltr'>Kalendas</span> <span class='ocrx_word' id='word_1_89' title='bbox 927 606 1083 638; x_wconf 73' lang='lat' dir='ltr'>Octobris.</span> 
     </span>
    </p>
   </div>
   <div class='ocr_carea' id='block_1_6' title="bbox 163 889 1781 1020">
    <p class='ocr_par' dir='ltr' id='par_1_11' title="bbox 163 889 1781 1020">
     <span class='ocr_line' id='line_1_12' title="bbox 265 889 1781 954; baseline 0.002 -12"><span class='ocrx_word' id='word_1_90' title='bbox 265 892 364 942; x_wconf 74' lang='lat'>638.</span> <span class='ocrx_word' id='word_1_91' title='bbox 413 889 953 954; x_wconf 81' lang='lat' dir='ltr'><strong>QUERIMONIA</strong></span> <span class='ocrx_word' id='word_1_92' title='bbox 995 890 1103 943; x_wconf 83' lang='lat' dir='ltr'>DE</span> <span class='ocrx_word' id='word_1_93' title='bbox 1146 890 1409 944; x_wconf 76' lang='lat' dir='ltr'>STATU</span> <span class='ocrx_word' id='word_1_94' title='bbox 1450 893 1781 945; x_wconf 79' lang='lat' dir='ltr'>TERRAE</span> 
     </span>
     <span class='ocr_line' id='line_1_13' title="bbox 163 967 1299 1020; baseline 0.002 -2"><span class='ocrx_word' id='word_1_95' title='bbox 163 983 186 1001; x_wconf 83' lang='lat'>¹0</span> <span class='ocrx_word' id='word_1_96' title='bbox 751 967 1299 1020; x_wconf 76' lang='lat' dir='ltr'><strong>THURINGIAE.</strong></span> 
     </span>
    </p>
   </div>
   <div class='ocr_carea' id='block_1_7' title="bbox 870 1069 1180 1112">
    <p class='ocr_par' dir='ltr' id='par_1_12' title="bbox 870 1069 1180 1112">
     <span class='ocr_line' id='line_1_14' title="bbox 870 1069 1180 1112; baseline 0 -8"><span class='ocrx_word' id='word_1_97' title='bbox 870 1069 1026 1111; x_wconf 77' lang='lat' dir='ltr'>(circiter</span> <span class='ocrx_word' id='word_1_98' title='bbox 1058 1069 1180 1112; x_wconf 77' lang='lat'>10277.)</span> 
     </span>
    </p>
   </div>
   <div class='ocr_carea' id='block_1_8' title="bbox 161 1159 1843 1355">
    <p class='ocr_par' dir='ltr' id='par_1_13' title="bbox 315 1159 1842 1200">
     <span class='ocr_line' id='line_1_15' title="bbox 315 1159 1842 1200; baseline 0.001 -10"><span class='ocrx_word' id='word_1_99' title='bbox 315 1160 464 1199; x_wconf 76' lang='lat' dir='ltr'>Superest</span> <span class='ocrx_word' id='word_1_100' title='bbox 486 1160 521 1190; x_wconf 72' lang='lat' dir='ltr'>in</span> <span class='ocrx_word' id='word_1_101' title='bbox 543 1159 605 1190; x_wconf 76' lang='lat' dir='ltr'>solo</span> <span class='ocrx_word' id='word_1_102' title='bbox 628 1160 729 1190; x_wconf 76' lang='lat' dir='ltr'>codice</span> <span class='ocrx_word' id='word_1_103' title='bbox 755 1159 959 1191; x_wconf 73' lang='lat' dir='ltr'>Ottoboniano</span> <span class='ocrx_word' id='word_1_104' title='bbox 987 1161 1081 1198; x_wconf 72' lang='lat'><strong><em>2115,</em></strong></span> <span class='ocrx_word' id='word_1_105' title='bbox 1109 1161 1146 1191; x_wconf 80' lang='lat' dir='ltr'>de</span> <span class='ocrx_word' id='word_1_106' title='bbox 1167 1171 1227 1200; x_wconf 76' lang='lat' dir='ltr'>quo</span> <span class='ocrx_word' id='word_1_107' title='bbox 1250 1172 1275 1192; x_wconf 75' lang='lat' dir='ltr'>v.</span> <span class='ocrx_word' id='word_1_108' title='bbox 1299 1172 1395 1200; x_wconf 74' lang='lat' dir='ltr'>supra</span> <span class='ocrx_word' id='word_1_109' title='bbox 1420 1162 1462 1191; x_wconf 77' lang='lat' dir='ltr'>acl</span> <span class='ocrx_word' id='word_1_110' title='bbox 1485 1172 1532 1192; x_wconf 63' lang='lat' dir='ltr'>m:</span> <span class='ocrx_word' id='word_1_111' title='bbox 1552 1163 1694 1199; x_wconf 65' lang='lat'>14—10,</span> <span class='ocrx_word' id='word_1_112' title='bbox 1721 1162 1773 1200; x_wconf 80' lang='lat' dir='ltr'>fol.</span> <span class='ocrx_word' id='word_1_113' title='bbox 1791 1162 1842 1192; x_wconf 72' lang='lat'>37⁷</span> 
     </span>
    </p>

    <p class='ocr_par' dir='ltr' id='par_1_14' title="bbox 204 1210 1843 1253">
     <span class='ocr_line' id='line_1_16' title="bbox 204 1210 1843 1253; baseline 0.001 -11"><span class='ocrx_word' id='word_1_114' title='bbox 204 1222 252 1243; x_wconf 70' lang='grc' dir='ltr'>ην.</span> <span class='ocrx_word' id='word_1_115' title='bbox 280 1214 328 1249; x_wconf 80' lang='lat'>76,</span> <span class='ocrx_word' id='word_1_116' title='bbox 357 1212 412 1242; x_wconf 71' lang='lat' dir='ltr'>ubi</span> <span class='ocrx_word' id='word_1_117' title='bbox 440 1211 570 1241; x_wconf 74' lang='lat' dir='ltr'>rubrum</span> <span class='ocrx_word' id='word_1_118' title='bbox 605 1210 721 1241; x_wconf 87' lang='lat' dir='ltr'>Comes</span> <span class='ocrx_word' id='word_1_119' title='bbox 754 1212 870 1242; x_wconf 89' lang='lat' dir='ltr'>comiti.</span> <span class='ocrx_word' id='word_1_120' title='bbox 931 1212 1030 1243; x_wconf 76' lang='lat' dir='ltr'>Cuius</span> <span class='ocrx_word' id='word_1_121' title='bbox 1064 1212 1227 1242; x_wconf 74' lang='lat' dir='ltr'>editionem</span> <span class='ocrx_word' id='word_1_122' title='bbox 1252 1211 1393 1243; x_wconf 75' lang='lat' dir='ltr'>‘Wiener</span> <span class='ocrx_word' id='word_1_123' title='bbox 1421 1212 1702 1253; x_wconf 63' lang='lat' dir='ltr'>Rriefsa‘nmzlzmgs</span> <span class='ocrx_word' id='word_1_124' title='bbox 1726 1223 1759 1251; x_wconf 76' lang='lat' dir='ltr'>p.</span> <span class='ocrx_word' id='word_1_125' title='bbox 1782 1215 1843 1243; x_wconf 77' lang='lat'>113</span> 
     </span>
    </p>

    <p class='ocr_par' dir='ltr' id='par_1_15' title="bbox 161 1262 1841 1355">
     <span class='ocr_line' id='line_1_17' title="bbox 203 1262 1841 1303; baseline 0 -9"><span class='ocrx_word' id='word_1_126' title='bbox 203 1274 251 1294; x_wconf 70' lang='lat' dir='ltr'>nr.</span> <span class='ocrx_word' id='word_1_127' title='bbox 271 1265 332 1293; x_wconf 64' lang='lat'>104</span> <span class='ocrx_word' id='word_1_128' title='bbox 351 1265 502 1303; x_wconf 71' lang='lat' dir='ltr'>paratam</span> <span class='ocrx_word' id='word_1_129' title='bbox 532 1263 584 1293; x_wconf 72' lang='lat' dir='ltr'>llic</span> <span class='ocrx_word' id='word_1_130' title='bbox 614 1263 791 1301; x_wconf 62' lang='lat' dir='ltr'>repetimus.</span> <span class='ocrx_word' id='word_1_131' title='bbox 836 1262 885 1293; x_wconf 77' lang='lat' dir='ltr'>De</span> <span class='ocrx_word' id='word_1_132' title='bbox 908 1266 1040 1301; x_wconf 74' lang='lat' dir='ltr'>tempore</span> <span class='ocrx_word' id='word_1_133' title='bbox 1062 1274 1088 1295; x_wconf 75' lang='lat' dir='ltr'>r.</span> <span class='ocrx_word' id='word_1_134' title='bbox 1113 1263 1244 1303; x_wconf 69' lang='lat' dir='ltr'>Reqesta</span> <span class='ocrx_word' id='word_1_135' title='bbox 1267 1264 1392 1302; x_wconf 49' lang='lat' dir='ltr'>‘imperii</span> <span class='ocrx_word' id='word_1_136' title='bbox 1415 1266 1442 1293; x_wconf 77' lang='lat' dir='ltr'>et</span> <span class='ocrx_word' id='word_1_137' title='bbox 1467 1263 1597 1294; x_wconf 37' lang='lat' dir='ltr'>Resllfe&#39;eh</span> <span class='ocrx_word' id='word_1_138' title='bbox 1620 1264 1639 1295; x_wconf 78' lang='lat' dir='ltr'>l.</span> <span class='ocrx_word' id='word_1_139' title='bbox 1656 1275 1680 1294; x_wconf 79' lang='lat' dir='ltr'>c.</span> <span class='ocrx_word' id='word_1_140' title='bbox 1706 1266 1776 1294; x_wconf 82' lang='lat'><em>115.</em></span> <span class='ocrx_word' id='word_1_141' title='bbox 1801 1282 1841 1286; x_wconf 80' lang='lat'><em>-</em></span> 
     </span>
     <span class='ocr_line' id='line_1_18' title="bbox 161 1312 1736 1355; baseline 0.001 -12"><span class='ocrx_word' id='word_1_142' title='bbox 161 1325 185 1343; x_wconf 78' lang='lat'>15</span> <span class='ocrx_word' id='word_1_143' title='bbox 204 1314 349 1351; x_wconf 75' lang='lat' dir='ltr'>Bo&#39;hmer,</span> <span class='ocrx_word' id='word_1_144' title='bbox 374 1314 448 1354; x_wconf 75' lang='lat' dir='ltr'>Rey.</span> <span class='ocrx_word' id='word_1_145' title='bbox 474 1315 545 1353; x_wconf 75' lang='lat' dir='ltr'>imp.</span> <span class='ocrx_word' id='word_1_146' title='bbox 570 1312 625 1351; x_wconf 79' lang='lat' dir='ltr'>VI,</span> <span class='ocrx_word' id='word_1_147' title='bbox 649 1314 718 1344; x_wconf 81' lang='lat'><em>909.</em></span> <span class='ocrx_word' id='word_1_148' title='bbox 1552 1315 1605 1355; x_wconf 87' lang='lat' dir='ltr'>(P.</span> <span class='ocrx_word' id='word_1_149' title='bbox 1630 1316 1736 1355; x_wconf 72' lang='lat' dir='ltr'>deest.)</span> 
     </span>
    </p>
   </div>
   <div class='ocr_carea' id='block_1_9' title="bbox 157 1399 1842 2728">
    <p class='ocr_par' dir='ltr' id='par_1_16' title="bbox 157 1399 1842 2728">
     <span class='ocr_line' id='line_1_19' title="bbox 310 1399 1841 1441; baseline 0 -10"><span class='ocrx_word' id='word_1_150' title='bbox 310 1399 418 1431; x_wconf 84' lang='lat' dir='ltr'>Nobili</span> <span class='ocrx_word' id='word_1_151' title='bbox 447 1400 512 1430; x_wconf 87' lang='lat' dir='ltr'>viro</span> <span class='ocrx_word' id='word_1_152' title='bbox 543 1400 663 1430; x_wconf 87' lang='lat' dir='ltr'>sororio</span> <span class='ocrx_word' id='word_1_153' title='bbox 693 1411 747 1430; x_wconf 86' lang='lat' dir='ltr'>suo</span> <span class='ocrx_word' id='word_1_154' title='bbox 776 1400 942 1430; x_wconf 85' lang='lat' dir='ltr'>karissimo</span> <span class='ocrx_word' id='word_1_155' title='bbox 972 1399 1100 1430; x_wconf 83' lang='lat' dir='ltr'>domino</span> <span class='ocrx_word' id='word_1_156' title='bbox 1128 1399 1317 1440; x_wconf 84' lang='lat' dir='ltr'>F(riderico)</span> <span class='ocrx_word' id='word_1_157' title='bbox 1346 1400 1556 1441; x_wconf 87' lang='lat' dir='ltr'>burchgravio</span> <span class='ocrx_word' id='word_1_158' title='bbox 1586 1400 1624 1430; x_wconf 88' lang='lat' dir='ltr'>de</span> <span class='ocrx_word' id='word_1_159' title='bbox 1653 1400 1841 1431; x_wconf 83' lang='lat' dir='ltr'>Nurnberch</span> 
     </span>
     <span class='ocr_line' id='line_1_20' title="bbox 206 1451 1840 1493; baseline -0.001 -10"><span class='ocrx_word' id='word_1_160' title='bbox 206 1452 308 1492; x_wconf 81' lang='lat' dir='ltr'>Ot(t0)</span> <span class='ocrx_word' id='word_1_161' title='bbox 332 1452 395 1483; x_wconf 92' lang='lat' dir='ltr'>Dei</span> <span class='ocrx_word' id='word_1_162' title='bbox 419 1452 528 1493; x_wconf 81' lang='lat' dir='ltr'>gracia</span> <span class='ocrx_word' id='word_1_163' title='bbox 553 1461 660 1482; x_wconf 89' lang='lat' dir='ltr'>comes</span> <span class='ocrx_word' id='word_1_164' title='bbox 685 1451 862 1482; x_wconf 86' lang='lat' dir='ltr'>Orlamund</span> <span class='ocrx_word' id='word_1_165' title='bbox 885 1462 955 1482; x_wconf 88' lang='lat' dir='ltr'>cum</span> <span class='ocrx_word' id='word_1_166' title='bbox 980 1452 1102 1481; x_wconf 85' lang='lat' dir='ltr'>sincera</span> <span class='ocrx_word' id='word_1_167' title='bbox 1127 1451 1297 1482; x_wconf 77' lang='lat' dir='ltr'>dilectione</span> <span class='ocrx_word' id='word_1_168' title='bbox 1322 1452 1449 1482; x_wconf 84' lang='lat' dir='ltr'>honoris</span> <span class='ocrx_word' id='word_1_169' title='bbox 1474 1455 1506 1482; x_wconf 84' lang='lat' dir='ltr'>et</span> <span class='ocrx_word' id='word_1_170' title='bbox 1530 1451 1673 1492; x_wconf 85' lang='lat' dir='ltr'>obsequii</span> <span class='ocrx_word' id='word_1_171' title='bbox 1697 1452 1840 1492; x_wconf 79' lang='lat' dir='ltr'>quitquid</span> 
     </span>
     <span class='ocr_line' id='line_1_21' title="bbox 203 1507 318 1544; baseline 0 -10"><span class='ocrx_word' id='word_1_172' title='bbox 203 1507 318 1544; x_wconf 88' lang='lat' dir='ltr'>potest.</span> 
     </span>
     <span class='ocr_line' id='line_1_22' title="bbox 311 1554 1842 1595; baseline -0.001 -9"><span class='ocrx_word' id='word_1_173' title='bbox 311 1555 467 1590; x_wconf 80' lang='lat' dir='ltr'>Quoniam</span> <span class='ocrx_word' id='word_1_174' title='bbox 493 1555 761 1586; x_wconf 77' lang='lat' dir='ltr'>excellentissimo</span> <span class='ocrx_word' id='word_1_175' title='bbox 780 1555 906 1585; x_wconf 91' lang='lat' dir='ltr'>domino</span> <span class='ocrx_word' id='word_1_176' title='bbox 931 1558 1038 1585; x_wconf 86' lang='lat' dir='ltr'>nostro</span> <span class='ocrx_word' id='word_1_177' title='bbox 1063 1554 1170 1585; x_wconf 88' lang='lat' dir='ltr'>inclito</span> <span class='ocrx_word' id='word_1_178' title='bbox 1188 1554 1354 1593; x_wconf 78' lang='lat' dir='ltr'>R(udolfo)</span> <span class='ocrx_word' id='word_1_179' title='bbox 1371 1554 1586 1585; x_wconf 76' lang='lat' dir='ltr'>Romanorum</span> <span class='ocrx_word' id='word_1_180' title='bbox 1611 1556 1699 1595; x_wconf 75' lang='lat' dir='ltr'>regi³</span> <span class='ocrx_word' id='word_1_181' title='bbox 1715 1565 1842 1595; x_wconf 90' lang='lat' dir='ltr'>semper</span> 
     </span>
     <span class='ocr_line' id='line_1_23' title="bbox 159 1606 1841 1648; baseline -0.001 -11"><span class='ocrx_word' id='word_1_182' title='bbox 159 1615 184 1634; x_wconf 79' lang='lat'>20</span> <span class='ocrx_word' id='word_1_183' title='bbox 203 1610 336 1648; x_wconf 84' lang='lat' dir='ltr'>augusto</span> <span class='ocrx_word' id='word_1_184' title='bbox 361 1618 418 1637; x_wconf 87' lang='lat' dir='ltr'>nos</span> <span class='ocrx_word' id='word_1_185' title='bbox 442 1617 503 1637; x_wconf 86' lang='lat' dir='ltr'>una</span> <span class='ocrx_word' id='word_1_186' title='bbox 526 1617 597 1637; x_wconf 91' lang='lat' dir='ltr'>cum</span> <span class='ocrx_word' id='word_1_187' title='bbox 614 1607 768 1637; x_wconf 87' lang='lat' dir='ltr'>universis</span> <span class='ocrx_word' id='word_1_188' title='bbox 784 1607 942 1637; x_wconf 86' lang='lat' dir='ltr'>nobilibus</span> <span class='ocrx_word' id='word_1_189' title='bbox 969 1618 1005 1637; x_wconf 86' lang='lat' dir='ltr'>ac</span> <span class='ocrx_word' id='word_1_190' title='bbox 1030 1607 1288 1637; x_wconf 78' lang='lat' dir='ltr'>ministerialibus</span> <span class='ocrx_word' id='word_1_191' title='bbox 1305 1606 1488 1647; x_wconf 84' lang='lat' dir='ltr'>Thuringie,</span> <span class='ocrx_word' id='word_1_192' title='bbox 1513 1606 1692 1637; x_wconf 86' lang='lat' dir='ltr'>civitatibus</span> <span class='ocrx_word' id='word_1_193' title='bbox 1715 1617 1841 1647; x_wconf 89' lang='lat' dir='ltr'>quoque</span> 
     </span>
     <span class='ocr_line' id='line_1_24' title="bbox 203 1657 1841 1699; baseline -0.001 -10"><span class='ocrx_word' id='word_1_194' title='bbox 203 1658 394 1699; x_wconf 87' lang='lat' dir='ltr'>quibusdam</span> <span class='ocrx_word' id='word_1_195' title='bbox 423 1658 464 1688; x_wconf 88' lang='lat' dir='ltr'>ad</span> <span class='ocrx_word' id='word_1_196' title='bbox 488 1659 657 1699; x_wconf 89' lang='lat' dir='ltr'>imperium</span> <span class='ocrx_word' id='word_1_197' title='bbox 681 1659 913 1698; x_wconf 88' lang='lat' dir='ltr'>pertinentibus</span> <span class='ocrx_word' id='word_1_198' title='bbox 942 1658 1076 1699; x_wconf 91' lang='lat' dir='ltr'>aliisque</span> <span class='ocrx_word' id='word_1_199' title='bbox 1101 1658 1281 1688; x_wconf 73' lang='lat' dir='ltr'>civitatibus</span> <span class='ocrx_word' id='word_1_200' title='bbox 1306 1657 1449 1688; x_wconf 88' lang='lat' dir='ltr'>eiusdem</span> <span class='ocrx_word' id='word_1_201' title='bbox 1473 1661 1572 1697; x_wconf 88' lang='lat' dir='ltr'>terre,</span> <span class='ocrx_word' id='word_1_202' title='bbox 1605 1657 1745 1688; x_wconf 77' lang='lat' dir='ltr'>cenobiis</span> <span class='ocrx_word' id='word_1_203' title='bbox 1772 1658 1841 1688; x_wconf 90' lang='lat' dir='ltr'>uni-</span> 
     </span>
     <span class='ocr_line' id='line_1_25' title="bbox 202 1709 1841 1750; baseline -0.001 -10"><span class='ocrx_word' id='word_1_204' title='bbox 202 1711 315 1743; x_wconf 75' lang='lat' dir='ltr'>versis.</span> <span class='ocrx_word' id='word_1_205' title='bbox 351 1711 447 1740; x_wconf 89' lang='lat' dir='ltr'>immo</span> <span class='ocrx_word' id='word_1_206' title='bbox 473 1710 574 1740; x_wconf 78' lang='lat' dir='ltr'>eciam</span> <span class='ocrx_word' id='word_1_207' title='bbox 599 1710 758 1740; x_wconf 84' lang='lat' dir='ltr'>communi</span> <span class='ocrx_word' id='word_1_208' title='bbox 781 1710 900 1750; x_wconf 89' lang='lat' dir='ltr'>populo</span> <span class='ocrx_word' id='word_1_209' title='bbox 925 1714 1008 1740; x_wconf 82' lang='lat' dir='ltr'>terre</span> <span class='ocrx_word' id='word_1_210' title='bbox 1037 1710 1135 1750; x_wconf 85' lang='lat' dir='ltr'>ipsius</span> <span class='ocrx_word' id='word_1_211' title='bbox 1158 1710 1281 1739; x_wconf 81' lang='lat' dir='ltr'>litteras</span> <span class='ocrx_word' id='word_1_212' title='bbox 1304 1712 1427 1739; x_wconf 86' lang='lat' dir='ltr'>nostras</span> <span class='ocrx_word' id='word_1_213' title='bbox 1452 1709 1638 1747; x_wconf 85' lang='lat' dir='ltr'>direximus,</span> <span class='ocrx_word' id='word_1_214' title='bbox 1674 1709 1841 1749; x_wconf 86' lang='lat' dir='ltr'>querulose</span> 
     </span>
     <span class='ocr_line' id='line_1_26' title="bbox 204 1760 1842 1802; baseline -0.002 -10"><span class='ocrx_word' id='word_1_215' title='bbox 204 1762 418 1802; x_wconf 87' lang='lat' dir='ltr'>significantes</span> <span class='ocrx_word' id='word_1_216' title='bbox 442 1761 547 1791; x_wconf 88' lang='lat' dir='ltr'>eidem</span> <span class='ocrx_word' id='word_1_217' title='bbox 572 1760 699 1791; x_wconf 85' lang='lat' dir='ltr'>domino</span> <span class='ocrx_word' id='word_1_218' title='bbox 724 1765 830 1791; x_wconf 84' lang='lat' dir='ltr'>nostro</span> <span class='ocrx_word' id='word_1_219' title='bbox 855 1762 1017 1801; x_wconf 70' lang='lat' dir='ltr'>angustias</span> <span class='ocrx_word' id='word_1_220' title='bbox 1042 1766 1125 1791; x_wconf 85' lang='lat' dir='ltr'>terre</span> <span class='ocrx_word' id='word_1_221' title='bbox 1149 1764 1256 1791; x_wconf 87' lang='lat' dir='ltr'>nostre</span> <span class='ocrx_word' id='word_1_222' title='bbox 1281 1766 1377 1801; x_wconf 88' lang='lat' dir='ltr'>atque</span> <span class='ocrx_word' id='word_1_223' title='bbox 1402 1760 1557 1799; x_wconf 78' lang='lat' dir='ltr'>malicias,</span> <span class='ocrx_word' id='word_1_224' title='bbox 1582 1771 1660 1800; x_wconf 85' lang='lat' dir='ltr'>quas</span> <span class='ocrx_word' id='word_1_225' title='bbox 1684 1761 1842 1800; x_wconf 88' lang='lat' dir='ltr'>principes</span> 
     </span>
     <span class='ocr_line' id='line_1_27' title="bbox 204 1812 1840 1854; baseline -0.002 -10"><span class='ocrx_word' id='word_1_226' title='bbox 204 1815 301 1854; x_wconf 88' lang='lat' dir='ltr'>ipsius</span> <span class='ocrx_word' id='word_1_227' title='bbox 328 1816 412 1844; x_wconf 89' lang='lat' dir='ltr'>terre</span> <span class='ocrx_word' id='word_1_228' title='bbox 437 1813 646 1853; x_wconf 82' lang='lat' dir='ltr'>lantgravius,</span> <span class='ocrx_word' id='word_1_229' title='bbox 676 1812 827 1842; x_wconf 81' lang='lat' dir='ltr'>videlicet</span> <span class='ocrx_word' id='word_1_230' title='bbox 851 1812 1039 1853; x_wconf 81' lang='lat' dir='ltr'>Tliuringie,</span> <span class='ocrx_word' id='word_1_231' title='bbox 1073 1816 1106 1842; x_wconf 89' lang='lat' dir='ltr'>et</span> <span class='ocrx_word' id='word_1_232' title='bbox 1128 1812 1268 1842; x_wconf 89' lang='lat' dir='ltr'>marchio</span> <span class='ocrx_word' id='word_1_233' title='bbox 1293 1812 1391 1842; x_wconf 86' lang='lat' dir='ltr'>frater</span> <span class='ocrx_word' id='word_1_234' title='bbox 1421 1812 1488 1842; x_wconf 81' lang='lat' dir='ltr'>eius</span> <span class='ocrx_word' id='word_1_235' title='bbox 1511 1822 1573 1842; x_wconf 88' lang='lat' dir='ltr'>non</span> <span class='ocrx_word' id='word_1_236' title='bbox 1596 1812 1697 1841; x_wconf 89' lang='lat' dir='ltr'>solum</span> <span class='ocrx_word' id='word_1_237' title='bbox 1720 1812 1751 1841; x_wconf 94' lang='lat' dir='ltr'>in</span> <span class='ocrx_word' id='word_1_238' title='bbox 1774 1822 1840 1851; x_wconf 85' lang='lat' dir='ltr'>nos,</span> 
     </span>
     <span class='ocr_line' id='line_1_28' title="bbox 160 1862 1842 1906; baseline -0.002 -11"><span class='ocrx_word' id='word_1_239' title='bbox 160 1872 184 1891; x_wconf 75' lang='lat'>2⁵</span> <span class='ocrx_word' id='word_1_240' title='bbox 204 1865 257 1906; x_wconf 91' lang='lat' dir='ltr'>qui</span> <span class='ocrx_word' id='word_1_241' title='bbox 281 1865 427 1905; x_wconf 79' lang='lat' dir='ltr'>pociores</span> <span class='ocrx_word' id='word_1_242' title='bbox 450 1864 595 1894; x_wconf 80' lang='lat' dir='ltr'>videmur</span> <span class='ocrx_word' id='word_1_243' title='bbox 618 1863 697 1903; x_wconf 83' lang='lat' dir='ltr'>aliis,</span> <span class='ocrx_word' id='word_1_244' title='bbox 721 1864 818 1894; x_wconf 90' lang='lat' dir='ltr'>immo</span> <span class='ocrx_word' id='word_1_245' title='bbox 843 1864 873 1894; x_wconf 93' lang='lat' dir='ltr'>in</span> <span class='ocrx_word' id='word_1_246' title='bbox 897 1864 1060 1894; x_wconf 86' lang='lat' dir='ltr'>universos</span> <span class='ocrx_word' id='word_1_247' title='bbox 1084 1867 1149 1894; x_wconf 87' lang='lat' dir='ltr'>tam</span> <span class='ocrx_word' id='word_1_248' title='bbox 1173 1863 1333 1894; x_wconf 85' lang='lat' dir='ltr'>seculares</span> <span class='ocrx_word' id='word_1_249' title='bbox 1358 1874 1452 1903; x_wconf 84' lang='lat' dir='ltr'>quam</span> <span class='ocrx_word' id='word_1_250' title='bbox 1473 1863 1648 1903; x_wconf 78' lang='lat' dir='ltr'>religiosos,</span> <span class='ocrx_word' id='word_1_251' title='bbox 1673 1862 1786 1893; x_wconf 78' lang='lat' dir='ltr'>divites</span> <span class='ocrx_word' id='word_1_252' title='bbox 1811 1867 1842 1893; x_wconf 82' lang='lat' dir='ltr'>et</span> 
     </span>
     <span class='ocr_line' id='line_1_29' title="bbox 203 1914 1841 1957; baseline -0.001 -11"><span class='ocrx_word' id='word_1_253' title='bbox 203 1926 362 1957; x_wconf 83' lang='lat' dir='ltr'>pauperes</span> <span class='ocrx_word' id='word_1_254' title='bbox 379 1926 440 1946; x_wconf 88' lang='lat' dir='ltr'>non</span> <span class='ocrx_word' id='word_1_255' title='bbox 458 1915 604 1946; x_wconf 79' lang='lat' dir='ltr'>desinunt</span> <span class='ocrx_word' id='word_1_256' title='bbox 621 1926 784 1955; x_wconf 82' lang='lat' dir='ltr'>exercere,</span> <span class='ocrx_word' id='word_1_257' title='bbox 809 1926 903 1956; x_wconf 89' lang='lat' dir='ltr'>quam</span> <span class='ocrx_word' id='word_1_258' title='bbox 921 1915 1083 1945; x_wconf 79' lang='lat' dir='ltr'>maliciose</span> <span class='ocrx_word' id='word_1_259' title='bbox 1101 1925 1261 1956; x_wconf 89' lang='lat' dir='ltr'>quamque</span> <span class='ocrx_word' id='word_1_260' title='bbox 1279 1914 1496 1945; x_wconf 84' lang='lat' dir='ltr'>fraudulenter</span> <span class='ocrx_word' id='word_1_261' title='bbox 1515 1914 1555 1944; x_wconf 87' lang='lat' dir='ltr'>ad</span> <span class='ocrx_word' id='word_1_262' title='bbox 1574 1914 1841 1945; x_wconf 83' lang='lat' dir='ltr'>disturbacionem</span> 
     </span>
     <span class='ocr_line' id='line_1_30' title="bbox 203 1966 1842 2008; baseline -0.002 -10"><span class='ocrx_word' id='word_1_263' title='bbox 203 1969 291 2008; x_wconf 83' lang='lat' dir='ltr'>pacis</span> <span class='ocrx_word' id='word_1_264' title='bbox 321 1967 523 2008; x_wconf 83' lang='lat' dir='ltr'>frequencius</span> <span class='ocrx_word' id='word_1_265' title='bbox 555 1967 734 2006; x_wconf 89' lang='lat' dir='ltr'>elaborant,</span> <span class='ocrx_word' id='word_1_266' title='bbox 770 1967 948 2007; x_wconf 82' lang='lat' dir='ltr'>quibusque</span> <span class='ocrx_word' id='word_1_267' title='bbox 982 1967 1062 1997; x_wconf 86' lang='lat' dir='ltr'>dolis</span> <span class='ocrx_word' id='word_1_268' title='bbox 1093 1967 1257 1997; x_wconf 81' lang='lat' dir='ltr'>universos</span> <span class='ocrx_word' id='word_1_269' title='bbox 1288 1977 1344 1996; x_wconf 89' lang='lat' dir='ltr'>nos</span> <span class='ocrx_word' id='word_1_270' title='bbox 1380 1970 1412 1997; x_wconf 80' lang='lat' dir='ltr'>et</span> <span class='ocrx_word' id='word_1_271' title='bbox 1443 1966 1583 2007; x_wconf 85' lang='lat' dir='ltr'>singulos</span> <span class='ocrx_word' id='word_1_272' title='bbox 1617 1976 1673 1996; x_wconf 89' lang='lat' dir='ltr'>sua</span> <span class='ocrx_word' id='word_1_273' title='bbox 1704 1967 1842 1996; x_wconf 85' lang='lat' dir='ltr'>nituntur</span> 
     </span>
     <span class='ocr_line' id='line_1_31' title="bbox 203 2017 1842 2059; baseline -0.001 -10"><span class='ocrx_word' id='word_1_274' title='bbox 203 2019 384 2050; x_wconf 88' lang='lat' dir='ltr'>hereditate</span> <span class='ocrx_word' id='word_1_275' title='bbox 397 2020 532 2059; x_wconf 84' lang='lat' dir='ltr'>privare,</span> <span class='ocrx_word' id='word_1_276' title='bbox 550 2018 712 2049; x_wconf 82' lang='lat' dir='ltr'>trahentes</span> <span class='ocrx_word' id='word_1_277' title='bbox 728 2029 785 2048; x_wconf 91' lang='lat' dir='ltr'>nos</span> <span class='ocrx_word' id='word_1_278' title='bbox 802 2018 1004 2059; x_wconf 85' lang='lat' dir='ltr'>frequencius</span> <span class='ocrx_word' id='word_1_279' title='bbox 1020 2018 1060 2049; x_wconf 89' lang='lat' dir='ltr'>ad</span> <span class='ocrx_word' id='word_1_280' title='bbox 1074 2019 1328 2048; x_wconf 83' lang='lat' dir='ltr'>eoniuracionem</span> <span class='ocrx_word' id='word_1_281' title='bbox 1342 2018 1438 2058; x_wconf 89' lang='lat' dir='ltr'>pacis,</span> <span class='ocrx_word' id='word_1_282' title='bbox 1456 2022 1488 2048; x_wconf 84' lang='lat' dir='ltr'>et</span> <span class='ocrx_word' id='word_1_283' title='bbox 1503 2018 1546 2047; x_wconf 87' lang='lat' dir='ltr'>sic</span> <span class='ocrx_word' id='word_1_284' title='bbox 1563 2017 1702 2058; x_wconf 85' lang='lat' dir='ltr'>aliquem</span> <span class='ocrx_word' id='word_1_285' title='bbox 1716 2027 1842 2057; x_wconf 83' lang='lat' dir='ltr'>semper</span> 
     </span>
     <span class='ocr_line' id='line_1_32' title="bbox 204 2069 1841 2109; baseline -0.002 -8"><span class='ocrx_word' id='word_1_286' title='bbox 204 2081 221 2101; x_wconf 88' lang='lat' dir='ltr'>e</span> <span class='ocrx_word' id='word_1_287' title='bbox 244 2070 345 2109; x_wconf 88' lang='lat' dir='ltr'>nobis,</span> <span class='ocrx_word' id='word_1_288' title='bbox 369 2071 439 2101; x_wconf 86' lang='lat' dir='ltr'>aliis</span> <span class='ocrx_word' id='word_1_289' title='bbox 463 2070 522 2100; x_wconf 88' lang='lat' dir='ltr'>sibi</span> <span class='ocrx_word' id='word_1_290' title='bbox 546 2069 712 2109; x_wconf 78' lang='lat' dir='ltr'>adiunctis,</span> <span class='ocrx_word' id='word_1_291' title='bbox 736 2071 876 2100; x_wconf 85' lang='lat' dir='ltr'>nituntur</span> <span class='ocrx_word' id='word_1_292' title='bbox 900 2070 1064 2100; x_wconf 85' lang='lat' dir='ltr'>destruere</span> <span class='ocrx_word' id='word_1_293' title='bbox 1089 2073 1121 2100; x_wconf 89' lang='lat' dir='ltr'>et</span> <span class='ocrx_word' id='word_1_294' title='bbox 1144 2069 1298 2100; x_wconf 86' lang='lat' dir='ltr'>laborant.</span> <span class='ocrx_word' id='word_1_295' title='bbox 1382 2069 1523 2104; x_wconf 85' lang='lat' dir='ltr'>Quantas</span> <span class='ocrx_word' id='word_1_296' title='bbox 1547 2079 1621 2099; x_wconf 87' lang='lat' dir='ltr'>vero</span> <span class='ocrx_word' id='word_1_297' title='bbox 1645 2069 1787 2098; x_wconf 84' lang='lat' dir='ltr'>malicias</span> <span class='ocrx_word' id='word_1_298' title='bbox 1811 2069 1841 2098; x_wconf 90' lang='lat' dir='ltr'>in</span> 
     </span>
     <span class='ocr_line' id='line_1_33' title="bbox 160 2120 1840 2163; baseline -0.002 -10"><span class='ocrx_word' id='word_1_299' title='bbox 160 2129 184 2148; x_wconf 81' lang='lat'>³⁰</span> <span class='ocrx_word' id='word_1_300' title='bbox 205 2122 343 2153; x_wconf 83' lang='lat' dir='ltr'>claustra</span> <span class='ocrx_word' id='word_1_301' title='bbox 367 2126 398 2153; x_wconf 89' lang='lat' dir='ltr'>et</span> <span class='ocrx_word' id='word_1_302' title='bbox 414 2132 568 2163; x_wconf 83' lang='lat' dir='ltr'>personas</span> <span class='ocrx_word' id='word_1_303' title='bbox 592 2121 757 2162; x_wconf 85' lang='lat' dir='ltr'>religiosas</span> <span class='ocrx_word' id='word_1_304' title='bbox 774 2121 843 2151; x_wconf 91' lang='lat' dir='ltr'>Deo</span> <span class='ocrx_word' id='word_1_305' title='bbox 869 2121 999 2151; x_wconf 77' lang='lat' dir='ltr'>cottidie</span> <span class='ocrx_word' id='word_1_306' title='bbox 1024 2121 1215 2151; x_wconf 83' lang='lat' dir='ltr'>famulantes</span> <span class='ocrx_word' id='word_1_307' title='bbox 1232 2124 1412 2159; x_wconf 72' lang='lat' dir='ltr'>exerceant,</span> <span class='ocrx_word' id='word_1_308' title='bbox 1437 2131 1495 2160; x_wconf 87' lang='lat' dir='ltr'>per</span> <span class='ocrx_word' id='word_1_309' title='bbox 1510 2120 1632 2150; x_wconf 85' lang='lat' dir='ltr'>litteras</span> <span class='ocrx_word' id='word_1_310' title='bbox 1655 2130 1717 2150; x_wconf 91' lang='lat' dir='ltr'>non</span> <span class='ocrx_word' id='word_1_311' title='bbox 1734 2123 1840 2160; x_wconf 84' lang='lat' dir='ltr'>posset</span> 
     </span>
     <span class='ocr_line' id='line_1_34' title="bbox 205 2171 1839 2215; baseline -0.002 -10"><span class='ocrx_word' id='word_1_312' title='bbox 205 2174 340 2205; x_wconf 86' lang='lat' dir='ltr'>faciliter</span> <span class='ocrx_word' id='word_1_313' title='bbox 364 2174 526 2215; x_wconf 86' lang='lat' dir='ltr'>explicari.</span> <span class='ocrx_word' id='word_1_314' title='bbox 616 2173 719 2214; x_wconf 84' lang='lat' dir='ltr'>Super</span> <span class='ocrx_word' id='word_1_315' title='bbox 741 2173 800 2204; x_wconf 90' lang='lat' dir='ltr'>hac</span> <span class='ocrx_word' id='word_1_316' title='bbox 824 2174 919 2213; x_wconf 86' lang='lat' dir='ltr'>igitur</span> <span class='ocrx_word' id='word_1_317' title='bbox 943 2173 1140 2214; x_wconf 84' lang='lat' dir='ltr'>querimonia</span> <span class='ocrx_word' id='word_1_318' title='bbox 1164 2173 1319 2213; x_wconf 87' lang='lat' dir='ltr'>gloriosus</span> <span class='ocrx_word' id='word_1_319' title='bbox 1343 2172 1488 2202; x_wconf 88' lang='lat' dir='ltr'>dominus</span> <span class='ocrx_word' id='word_1_320' title='bbox 1511 2176 1618 2202; x_wconf 85' lang='lat' dir='ltr'>noster</span> <span class='ocrx_word' id='word_1_321' title='bbox 1641 2181 1696 2201; x_wconf 88' lang='lat' dir='ltr'>rex</span> <span class='ocrx_word' id='word_1_322' title='bbox 1720 2171 1839 2201; x_wconf 81' lang='lat' dir='ltr'>Roma-</span> 
     </span>
     <span class='ocr_line' id='line_1_35' title="bbox 204 2223 1840 2266; baseline -0.003 -10"><span class='ocrx_word' id='word_1_323' title='bbox 204 2236 316 2256; x_wconf 91' lang='lat' dir='ltr'>norum</span> <span class='ocrx_word' id='word_1_324' title='bbox 340 2225 516 2266; x_wconf 62' lang='lat' dir='ltr'>prediatus,</span> <span class='ocrx_word' id='word_1_325' title='bbox 540 2228 635 2266; x_wconf 91' lang='lat' dir='ltr'>prout</span> <span class='ocrx_word' id='word_1_326' title='bbox 658 2226 780 2266; x_wconf 88' lang='lat' dir='ltr'>regiam</span> <span class='ocrx_word' id='word_1_327' title='bbox 805 2224 911 2255; x_wconf 84' lang='lat' dir='ltr'>decuit</span> <span class='ocrx_word' id='word_1_328' title='bbox 935 2225 1150 2263; x_wconf 86' lang='lat' dir='ltr'>maiestatem,</span> <span class='ocrx_word' id='word_1_329' title='bbox 1175 2225 1238 2254; x_wconf 88' lang='lat' dir='ltr'>iam</span> <span class='ocrx_word' id='word_1_330' title='bbox 1262 2224 1385 2264; x_wconf 90' lang='lat' dir='ltr'>pridem</span> <span class='ocrx_word' id='word_1_331' title='bbox 1410 2224 1511 2254; x_wconf 87' lang='lat' dir='ltr'>sinum</span> <span class='ocrx_word' id='word_1_332' title='bbox 1536 2223 1762 2263; x_wconf 86' lang='lat' dir='ltr'>compassionis</span> <span class='ocrx_word' id='word_1_333' title='bbox 1785 2233 1840 2252; x_wconf 76' lang='lat' dir='ltr'>sue</span> 
     </span>
     <span class='ocr_line' id='line_1_36' title="bbox 205 2273 1839 2318; baseline -0.002 -11"><span class='ocrx_word' id='word_1_334' title='bbox 205 2281 237 2308; x_wconf 86' lang='lat' dir='ltr'>et</span> <span class='ocrx_word' id='word_1_335' title='bbox 256 2277 483 2314; x_wconf 62' lang='lat' dir='ltr'>misericordie,</span> <span class='ocrx_word' id='word_1_336' title='bbox 508 2276 623 2318; x_wconf 86' lang='lat' dir='ltr'>quemb</span> <span class='ocrx_word' id='word_1_337' title='bbox 640 2276 717 2306; x_wconf 90' lang='lat' dir='ltr'>nulli</span> <span class='ocrx_word' id='word_1_338' title='bbox 734 2276 882 2307; x_wconf 88' lang='lat' dir='ltr'>claudere</span> <span class='ocrx_word' id='word_1_339' title='bbox 900 2276 1034 2314; x_wconf 84' lang='lat' dir='ltr'>videtur,</span> <span class='ocrx_word' id='word_1_340' title='bbox 1059 2276 1216 2316; x_wconf 87' lang='lat' dir='ltr'>aperiens,</span> <span class='ocrx_word' id='word_1_341' title='bbox 1240 2286 1295 2305; x_wconf 89' lang='lat' dir='ltr'>sue</span> <span class='ocrx_word' id='word_1_342' title='bbox 1312 2275 1488 2306; x_wconf 86' lang='lat' dir='ltr'>maiestatis</span> <span class='ocrx_word' id='word_1_343' title='bbox 1505 2276 1612 2315; x_wconf 83' lang='lat' dir='ltr'>apices</span> <span class='ocrx_word' id='word_1_344' title='bbox 1628 2274 1719 2304; x_wconf 91' lang='lat' dir='ltr'>nobis</span> <span class='ocrx_word' id='word_1_345' title='bbox 1743 2273 1839 2303; x_wconf 83' lang='lat' dir='ltr'>desti-</span> 
     </span>
     <span class='ocr_line' id='line_1_37' title="bbox 204 2326 1839 2369; baseline -0.003 -10"><span class='ocrx_word' id='word_1_346' title='bbox 204 2339 280 2359; x_wconf 86' lang='lat' dir='ltr'>nare</span> <span class='ocrx_word' id='word_1_347' title='bbox 305 2328 452 2369; x_wconf 87' lang='lat' dir='ltr'>dignatus</span> <span class='ocrx_word' id='word_1_348' title='bbox 470 2332 527 2368; x_wconf 83' lang='lat' dir='ltr'>est,</span> <span class='ocrx_word' id='word_1_349' title='bbox 551 2329 603 2369; x_wconf 88' lang='lat' dir='ltr'>pie</span> <span class='ocrx_word' id='word_1_350' title='bbox 619 2339 676 2359; x_wconf 89' lang='lat' dir='ltr'>nos</span> <span class='ocrx_word' id='word_1_351' title='bbox 701 2331 733 2359; x_wconf 90' lang='lat' dir='ltr'>et</span> <span class='ocrx_word' id='word_1_352' title='bbox 749 2328 967 2358; x_wconf 82' lang='lat' dir='ltr'>favorabiliter</span> <span class='ocrx_word' id='word_1_353' title='bbox 983 2327 1174 2358; x_wconf 85' lang='lat' dir='ltr'>consolando</span> <span class='ocrx_word' id='word_1_354' title='bbox 1199 2337 1235 2357; x_wconf 85' lang='lat' dir='ltr'>ac</span> <span class='ocrx_word' id='word_1_355' title='bbox 1253 2326 1450 2357; x_wconf 83' lang='lat' dir='ltr'>exhortando</span> <span class='ocrx_word' id='word_1_356' title='bbox 1468 2326 1647 2367; x_wconf 78' lang='lat' dir='ltr'>diligenter,</span> <span class='ocrx_word' id='word_1_357' title='bbox 1670 2328 1705 2355; x_wconf 91' lang='lat' dir='ltr'>ut</span> <span class='ocrx_word' id='word_1_358' title='bbox 1727 2335 1839 2365; x_wconf 87' lang='lat' dir='ltr'>pacem</span> 
     </span>
     <span class='ocr_line' id='line_1_38' title="bbox 157 2376 1839 2419; baseline -0.004 -8"><span class='ocrx_word' id='word_1_359' title='bbox 157 2386 182 2405; x_wconf 81' lang='lat'>³⁵</span> <span class='ocrx_word' id='word_1_360' title='bbox 204 2381 339 2411; x_wconf 88' lang='lat' dir='ltr'>iuratam</span> <span class='ocrx_word' id='word_1_361' title='bbox 362 2381 394 2410; x_wconf 90' lang='lat' dir='ltr'>in</span> <span class='ocrx_word' id='word_1_362' title='bbox 418 2383 502 2411; x_wconf 84' lang='lat' dir='ltr'>terra</span> <span class='ocrx_word' id='word_1_363' title='bbox 519 2383 626 2410; x_wconf 87' lang='lat' dir='ltr'>nostra</span> <span class='ocrx_word' id='word_1_364' title='bbox 642 2380 774 2410; x_wconf 89' lang='lat' dir='ltr'>firmiter</span> <span class='ocrx_word' id='word_1_365' title='bbox 791 2380 997 2410; x_wconf 88' lang='lat' dir='ltr'>observemus</span> <span class='ocrx_word' id='word_1_366' title='bbox 1021 2389 1057 2409; x_wconf 87' lang='lat' dir='ltr'>ac</span> <span class='ocrx_word' id='word_1_367' title='bbox 1074 2382 1222 2409; x_wconf 86' lang='lat' dir='ltr'>strennue</span> <span class='ocrx_word' id='word_1_368' title='bbox 1240 2388 1447 2419; x_wconf 83' lang='lat' dir='ltr'>exequamur,</span> <span class='ocrx_word' id='word_1_369' title='bbox 1473 2377 1513 2408; x_wconf 89' lang='lat' dir='ltr'>ad</span> <span class='ocrx_word' id='word_1_370' title='bbox 1531 2377 1615 2418; x_wconf 88' lang='lat' dir='ltr'>quod</span> <span class='ocrx_word' id='word_1_371' title='bbox 1640 2387 1695 2407; x_wconf 83' lang='lat' dir='ltr'>sue</span> <span class='ocrx_word' id='word_1_372' title='bbox 1713 2376 1839 2416; x_wconf 72' lang='lat' dir='ltr'>pietatis</span> 
     </span>
     <span class='ocr_line' id='line_1_39' title="bbox 205 2428 1838 2472; baseline -0.004 -10"><span class='ocrx_word' id='word_1_373' title='bbox 205 2436 314 2462; x_wconf 89' lang='lat' dir='ltr'>eontra</span> <span class='ocrx_word' id='word_1_374' title='bbox 341 2442 409 2471; x_wconf 84' lang='lat' dir='ltr'>eOS,</span> <span class='ocrx_word' id='word_1_375' title='bbox 441 2433 494 2472; x_wconf 93' lang='lat' dir='ltr'>qui</span> <span class='ocrx_word' id='word_1_376' title='bbox 523 2433 626 2472; x_wconf 85' lang='lat' dir='ltr'>ipsam</span> <span class='ocrx_word' id='word_1_377' title='bbox 658 2431 834 2462; x_wconf 84' lang='lat' dir='ltr'>disturbare</span> <span class='ocrx_word' id='word_1_378' title='bbox 864 2431 1019 2469; x_wconf 79' lang='lat' dir='ltr'>nituntur,</span> <span class='ocrx_word' id='word_1_379' title='bbox 1054 2431 1211 2471; x_wconf 87' lang='lat' dir='ltr'>pollicitus</span> <span class='ocrx_word' id='word_1_380' title='bbox 1243 2434 1290 2460; x_wconf 86' lang='lat' dir='ltr'>est</span> <span class='ocrx_word' id='word_1_381' title='bbox 1320 2440 1354 2460; x_wconf 85' lang='lat' dir='ltr'>se</span> <span class='ocrx_word' id='word_1_382' title='bbox 1382 2430 1473 2460; x_wconf 82' lang='lat' dir='ltr'>nobis</span> <span class='ocrx_word' id='word_1_383' title='bbox 1506 2429 1659 2460; x_wconf 82' lang='lat' dir='ltr'>auxilium</span> <span class='ocrx_word' id='word_1_384' title='bbox 1688 2428 1838 2468; x_wconf 84' lang='lat' dir='ltr'>inpertiri.</span> 
     </span>
     <span class='ocr_line' id='line_1_40' title="bbox 205 2479 1838 2524; baseline -0.004 -11"><span class='ocrx_word' id='word_1_385' title='bbox 205 2482 284 2513; x_wconf 84' lang='lat' dir='ltr'>Cum</span> <span class='ocrx_word' id='word_1_386' title='bbox 308 2483 416 2524; x_wconf 81' lang='lat' dir='ltr'>itaque</span> <span class='ocrx_word' id='word_1_387' title='bbox 441 2483 600 2523; x_wconf 88' lang='lat' dir='ltr'>prenotati</span> <span class='ocrx_word' id='word_1_388' title='bbox 624 2483 783 2523; x_wconf 86' lang='lat' dir='ltr'>principes</span> <span class='ocrx_word' id='word_1_389' title='bbox 810 2483 840 2512; x_wconf 87' lang='lat' dir='ltr'>in</span> <span class='ocrx_word' id='word_1_390' title='bbox 865 2493 921 2512; x_wconf 84' lang='lat' dir='ltr'>nos</span> <span class='ocrx_word' id='word_1_391' title='bbox 946 2483 1107 2522; x_wconf 86' lang='lat' dir='ltr'>insurgant</span> <span class='ocrx_word' id='word_1_392' title='bbox 1130 2481 1312 2522; x_wconf 85' lang='lat' dir='ltr'>specialiter</span> <span class='ocrx_word' id='word_1_393' title='bbox 1336 2480 1560 2511; x_wconf 79' lang='lat' dir='ltr'>vehemencius</span> <span class='ocrx_word' id='word_1_394' title='bbox 1584 2490 1677 2520; x_wconf 80' lang='lat' dir='ltr'>quam</span> <span class='ocrx_word' id='word_1_395' title='bbox 1708 2480 1737 2508; x_wconf 94' lang='lat' dir='ltr'>in</span> <span class='ocrx_word' id='word_1_396' title='bbox 1761 2479 1838 2508; x_wconf 76' lang='lat' dir='ltr'>alios</span> 
     </span>
     <span class='ocr_line' id='line_1_41' title="bbox 204 2531 1837 2575; baseline -0.003 -11"><span class='ocrx_word' id='word_1_397' title='bbox 204 2537 390 2575; x_wconf 85' lang='lat' dir='ltr'>nostrasque</span> <span class='ocrx_word' id='word_1_398' title='bbox 413 2535 610 2564; x_wconf 81' lang='lat' dir='ltr'>municiones</span> <span class='ocrx_word' id='word_1_399' title='bbox 634 2544 759 2573; x_wconf 86' lang='lat' dir='ltr'>capere,</span> <span class='ocrx_word' id='word_1_400' title='bbox 784 2534 808 2563; x_wconf 85' lang='lat' dir='ltr'>si</span> <span class='ocrx_word' id='word_1_401' title='bbox 832 2536 972 2573; x_wconf 75' lang='lat' dir='ltr'>possent,</span> <span class='ocrx_word' id='word_1_402' title='bbox 999 2543 1053 2563; x_wconf 88' lang='lat' dir='ltr'>nos</span> <span class='ocrx_word' id='word_1_403' title='bbox 1076 2536 1263 2573; x_wconf 87' lang='lat' dir='ltr'>nostrosque</span> <span class='ocrx_word' id='word_1_404' title='bbox 1288 2532 1404 2562; x_wconf 85' lang='lat' dir='ltr'>liberos</span> <span class='ocrx_word' id='word_1_405' title='bbox 1429 2531 1651 2562; x_wconf 83' lang='lat' dir='ltr'>exhereditarc</span> <span class='ocrx_word' id='word_1_406' title='bbox 1677 2534 1707 2560; x_wconf 84' lang='lat' dir='ltr'>et</span> <span class='ocrx_word' id='word_1_407' title='bbox 1732 2534 1837 2559; x_wconf 85' lang='lat' dir='ltr'>exter-</span> 
     </span>
     <span class='ocr_line' id='line_1_42' title="bbox 204 2582 1836 2623; baseline -0.004 -8"><span class='ocrx_word' id='word_1_408' title='bbox 204 2586 324 2616; x_wconf 88' lang='lat' dir='ltr'>minare</span> <span class='ocrx_word' id='word_1_409' title='bbox 354 2585 530 2616; x_wconf 86' lang='lat' dir='ltr'>fervencius</span> <span class='ocrx_word' id='word_1_410' title='bbox 560 2585 739 2623; x_wconf 86' lang='lat' dir='ltr'>elaborent,</span> <span class='ocrx_word' id='word_1_411' title='bbox 807 2584 924 2614; x_wconf 87' lang='lat' dir='ltr'>idcirco</span> <span class='ocrx_word' id='word_1_412' title='bbox 957 2595 1025 2614; x_wconf 88' lang='lat' dir='ltr'>cum</span> <span class='ocrx_word' id='word_1_413' title='bbox 1056 2595 1111 2614; x_wconf 87' lang='lat' dir='ltr'>vos</span> <span class='ocrx_word' id='word_1_414' title='bbox 1138 2587 1215 2623; x_wconf 89' lang='lat' dir='ltr'>aput</span> <span class='ocrx_word' id='word_1_415' title='bbox 1241 2584 1475 2613; x_wconf 81' lang='lat' dir='ltr'>serenissimum</span> <span class='ocrx_word' id='word_1_416' title='bbox 1507 2582 1667 2612; x_wconf 86' lang='lat' dir='ltr'>dominum</span> <span class='ocrx_word' id='word_1_417' title='bbox 1697 2583 1836 2610; x_wconf 85' lang='lat' dir='ltr'>nostrum</span> 
     </span>
     <span class='ocr_line' id='line_1_43' title="bbox 160 2632 1838 2677; baseline -0.004 -10"><span class='ocrx_word' id='word_1_418' title='bbox 160 2645 188 2663; x_wconf 75' lang='lat'>⁴0</span> <span class='ocrx_word' id='word_1_419' title='bbox 206 2646 314 2677; x_wconf 86' lang='lat' dir='ltr'>regem</span> <span class='ocrx_word' id='word_1_420' title='bbox 332 2637 467 2667; x_wconf 86' lang='lat' dir='ltr'>sciamus</span> <span class='ocrx_word' id='word_1_421' title='bbox 484 2637 589 2666; x_wconf 89' lang='lat' dir='ltr'>omnia</span> <span class='ocrx_word' id='word_1_422' title='bbox 606 2646 699 2676; x_wconf 86' lang='lat' dir='ltr'>posse</span> <span class='ocrx_word' id='word_1_423' title='bbox 717 2639 880 2676; x_wconf 85' lang='lat' dir='ltr'>tamquam</span> <span class='ocrx_word' id='word_1_424' title='bbox 898 2646 980 2673; x_wconf 92' lang='lat' dir='ltr'>eum,</span> <span class='ocrx_word' id='word_1_425' title='bbox 1005 2636 1092 2665; x_wconf 90' lang='lat' dir='ltr'>cuius</span> <span class='ocrx_word' id='word_1_426' title='bbox 1110 2635 1239 2665; x_wconf 91' lang='lat' dir='ltr'>arbitrio</span> <span class='ocrx_word' id='word_1_427' title='bbox 1256 2634 1341 2664; x_wconf 89' lang='lat' dir='ltr'>idem</span> <span class='ocrx_word' id='word_1_428' title='bbox 1360 2634 1503 2664; x_wconf 75' lang='lat' dir='ltr'>dominus</span> <span class='ocrx_word' id='word_1_429' title='bbox 1519 2637 1626 2662; x_wconf 85' lang='lat' dir='ltr'>noster</span> <span class='ocrx_word' id='word_1_430' title='bbox 1646 2642 1701 2661; x_wconf 81' lang='lat' dir='ltr'>rex</span> <span class='ocrx_word' id='word_1_431' title='bbox 1718 2632 1838 2671; x_wconf 82' lang='lat' dir='ltr'>regitur</span> 
     </span>
     <span class='ocr_line' id='line_1_44' title="bbox 205 2684 1841 2728; baseline -0.004 -10"><span class='ocrx_word' id='word_1_432' title='bbox 205 2690 301 2728; x_wconf 85' lang='lat' dir='ltr'>atque</span> <span class='ocrx_word' id='word_1_433' title='bbox 325 2691 416 2727; x_wconf 87' lang='lat' dir='ltr'>nutu,</span> <span class='ocrx_word' id='word_1_434' title='bbox 441 2687 480 2718; x_wconf 89' lang='lat' dir='ltr'>de</span> <span class='ocrx_word' id='word_1_435' title='bbox 504 2691 609 2718; x_wconf 84' lang='lat' dir='ltr'>vestra</span> <span class='ocrx_word' id='word_1_436' title='bbox 634 2687 804 2717; x_wconf 85' lang='lat' dir='ltr'>dilectione</span> <span class='ocrx_word' id='word_1_437' title='bbox 828 2686 1020 2727; x_wconf 87' lang='lat' dir='ltr'>singularem</span> <span class='ocrx_word' id='word_1_438' title='bbox 1045 2689 1193 2726; x_wconf 86' lang='lat' dir='ltr'>gerentes</span> <span class='ocrx_word' id='word_1_439' title='bbox 1217 2685 1454 2717; x_wconf 80' lang='lat' dir='ltr'>confidenciam,</span> <span class='ocrx_word' id='word_1_440' title='bbox 1479 2684 1676 2714; x_wconf 74' lang='lat' dir='ltr'>nobilitatem</span> <span class='ocrx_word' id='word_1_441' title='bbox 1701 2686 1841 2712; x_wconf 77' lang='lat' dir='ltr'>vestram</span> 
     </span>
    </p>
   </div>
   <div class='ocr_carea' id='block_1_10' title="bbox 306 2781 871 2814">
    <p class='ocr_par' dir='ltr' id='par_1_17' title="bbox 306 2781 871 2814">
     <span class='ocr_line' id='line_1_45' title="bbox 306 2781 871 2814; baseline -0.005 -7"><span class='ocrx_word' id='word_1_442' title='bbox 306 2781 371 2807; x_wconf 80' lang='grc'>638.</span> <span class='ocrx_word' id='word_1_443' title='bbox 391 2782 413 2814; x_wconf 71' lang='lat'>⁸)</span> <span class='ocrx_word' id='word_1_444' title='bbox 432 2783 438 2806; x_wconf 92' lang='lat' dir='ltr'>i</span> <span class='ocrx_word' id='word_1_445' title='bbox 459 2783 484 2807; x_wconf 76' lang='lat' dir='ltr'>in</span> <span class='ocrx_word' id='word_1_446' title='bbox 503 2791 598 2806; x_wconf 78' lang='lat' dir='ltr'>rasura</span> <span class='ocrx_word' id='word_1_447' title='bbox 617 2791 636 2806; x_wconf 80' lang='lat' dir='ltr'>c.</span> <span class='ocrx_word' id='word_1_448' title='bbox 725 2781 747 2811; x_wconf 78' lang='lat' dir='ltr'>b)</span> <span class='ocrx_word' id='word_1_449' title='bbox 767 2781 832 2813; x_wconf 82' lang='lat' dir='ltr'>quod</span> <span class='ocrx_word' id='word_1_450' title='bbox 852 2790 871 2805; x_wconf 75' lang='lat' dir='ltr'>c,</span> 
     </span>
    </p>
   </div>
  </div>
 </body>
</html>
