2259 3164
107 841 131 859 10

108 1101 129 1120 15

107 1381 130 1400 20

109 1635 132 1653 25

112 1892 135 1912 ³0

114 2149 136 2167 ³5

115 2404 139 2422 40

117 2679 139 2698 45

490 200 645 226 RUDOLFI
663 199 769 226 REGIS
789 199 1108 228 CONSTITUTIONES.
1148 204 1220 229 1287.
1258 204 1302 229 Nr.
1316 205 1374 230 390.
1389 206 1447 231 391.
1730 210 1790 239 377

155 288 275 319 diseml‘
306 287 499 318 lantfridenq
528 298 566 318 zu
594 287 796 327 bezzerungc
826 287 890 317 und
921 298 959 318 zu
989 291 1204 330 vestenunge,
1238 290 1295 320 daz
1326 301 1443 332 mugen
1475 292 1500 323 si
1536 294 1594 323 wol
1625 294 1687 324 dun
1727 294 1790 325 und

155 341 196 372 da
218 340 309 371 mitte
334 339 475 370 brechen
500 339 546 369 sie
571 338 626 369 des
650 336 868 380 lantf[r]idcnr
892 339 969 369 niht.

260 390 334 422 Und
364 401 403 421 zu
433 391 537 421 einem
568 389 681 420 rehten
712 389 858 420 urkundc
889 401 923 421 so
953 391 1058 422 haben
1085 392 1141 422 wir
1166 393 1254 423 unsir
1279 394 1443 435 kuniglich
1469 396 1583 437 insigel
1608 408 1646 428 an
1671 398 1791 429 disem‘·

155 444 240 476 brief
260 443 434 484 gehenket.

259 495 371 525 Diser‘
394 493 565 524 lantfrideu
591 497 669 524 wart
693 493 867 534 gemachet
891 493 955 524 und
980 494 1055 525 derv
1080 495 1186 525 briefw
1212 500 1290 526 wart
1314 498 1486 538 gegebenx
1511 509 1549 529 zu
1573 499 1644 529 dcm
1663 501 1790 532 offenen

155 547 236 579 hove
267 547 298 577 in
326 545 398 576 dem
430 544 586 576 concilioy
611 556 649 575 zu
673 544 898 586 Wirzeburgz,
931 556 971 576 an
1000 556 1097 576 unser
1121 546 1259 578 Vrowen
1291 548 1389 579 abent
1420 548 1498 579 derfl
1528 550 1559 580 in
1590 551 1646 581 der
1678 556 1790 583 vasten

156 598 293 641 gestetb‚
317 597 358 628 da
382 607 454 628 man
479 596 561 627 zalte
587 607 647 627 von
672 607 784 627 unsers
802 596 952 628 Herren⁰
976 597 1113 639 geburte
1139 597 1254 629 dusent
1279 599 1500 631 zweihundert
1523 602 1587 632 und
1612 602 1702 634 siben
1728 604 1791 636 und

156 650 244 682 aziel]
265 649 348 690 jard.

225 768 300 801 391.
325 769 588 801 SENTENTIA
612 769 680 801 DE
702 769 993 801 CONDITIONE
1012 769 1210 802 PUPILLI
1228 771 1327 802 NON
1347 771 1727 806 DETERIORANDA.

892 821 991 852 Mart.
1008 823 1060 853 24.

263 882 492 922 Autoyraphon
515 882 618 921 Hassis
646 882 798 913 Comitwn
829 882 863 912 in
891 881 1048 912 tabulario
1076 882 1158 921 reyio
1181 886 1376 914 asservatum
1400 884 1500 915 demto
1525 895 1580 916 nos
1605 886 1664 925 ipsi
1687 889 1793 917 contu—

157 935 256 966 limus.
310 933 455 974 Sigillum
487 934 581 971 deest,
610 934 675 972 filis
704 934 812 964 sericis
840 933 964 964 relictis
1014 933 1253 965 Transsmntum
1277 935 1413 966 eiusdem
1436 938 1606 967 sententiae
1628 948 1688 976 per
1715 939 1794 977 epis-

156 997 263 1027 copum
288 986 502 1017 Traiectinum
525 996 554 1016 a.
574 987 665 1016 1292.
686 986 765 1024 Apr.
787 986 837 1015 22.
861 986 998 1024 factum,
1022 986 1105 1024 quod
1127 996 1164 1016 rw
1187 986 1342 1017 tabulario
1359 987 1519 1018 Montensi
1536 989 1720 1020 ‘Trdsorerie
1743 990 1795 1019 des

156 1039 283 1071 char-tes'
299 1049 346 1070 nr.
365 1038 424 1068 135
441 1038 503 1068 iam
522 1037 592 1069 olim
609 1037 791 1076 exemplavit
808 1037 996 1074 Bellimaim,
1013 1037 1210 1076 inplet-imus.
1234 1057 1268 1060 a
1290 1038 1434 1076 Billimer,
1453 1039 1526 1079 Regl.
1543 1040 1613 1079 imp.
1635 1040 1686 1077 VJ,
1699 1043 1792 1072 2069.

1522 1091 1574 1127 (P.
1599 1092 1687 1131 432)

263 1158 419 1190 Rudolfus
447 1158 510 1189 Dei
538 1158 641 1199 gratia
669 1158 887 1189 Romanorum
919 1169 975 1189 rex
1007 1169 1136 1200 semper
1167 1162 1323 1200 augustus
1354 1159 1512 1190 universis
1543 1160 1625 1190 sacri
1657 1160 1792 1190 Romani

155 1211 279 1253 imperii
304 1210 451 1241 fidelibus
477 1214 645 1252 presentes
669 1210 794 1240 litteras
819 1210 1012 1251 inspecturis
1037 1211 1177 1251 graciam
1203 1222 1293 1241 suam
1320 1214 1351 1241 et
1377 1222 1470 1241 omne
1500 1211 1628 1243 bonum.

263 1262 310 1304 (1)
329 1261 493 1293 Creditum
512 1262 605 1293 nobis
623 1261 764 1303 desuper
781 1262 879 1292 nostri
898 1262 1060 1301 regiminis
1081 1262 1221 1292 officium
1240 1262 1279 1293 ad
1298 1263 1356 1293 hoe
1375 1273 1431 1293 nos
1449 1263 1570 1303 obligat
1587 1266 1618 1293 et
1636 1263 1793 1304 astringit,

157 1317 192 1345 ut
215 1314 399 1356 exstirpatis
422 1313 563 1355 undique
588 1314 820 1344 discordiarum
846 1317 878 1344 et
904 1314 1091 1344 iniuriarum
1116 1314 1285 1355 scrupulis,
1311 1314 1471 1345 universis
1497 1317 1529 1344 et
1546 1314 1679 1355 siugulis
1704 1326 1794 1345 sacro

156 1367 300 1398 Romano
325 1365 479 1396 subiectis
504 1365 637 1406 imperio
662 1366 751 1406 pacis
770 1365 904 1396 comoda
929 1369 961 1395 et
978 1365 1220 1406 tranquillitatis
1238 1366 1356 1405 votive,
1381 1369 1533 1407 quantum
1562 1366 1593 1395 in
1618 1366 1709 1396 nobis
1735 1370 1793 1406 est,

157 1418 372 1460 quietudinem
397 1427 617 1458 procuremus.
665 1416 715 1447 Ex
740 1417 882 1458 ipsorum
914 1416 1063 1458 equidem
1094 1421 1274 1448 nostrorum
1306 1417 1448 1448 fidelium
1480 1421 1564 1447 statu
1589 1417 1675 1447 felici
1702 1417 1793 1447 nobis

156 1471 271 1501 mentis
308 1469 422 1500 crescit
450 1468 665 1510 tranquillitas
696 1472 727 1499 et
762 1479 899 1510 persone
932 1473 1041 1499 nostre
1079 1469 1283 1499 comedit-atis
1318 1469 1396 1498 felix
1433 1468 1575 1499 suavitas
1611 1473 1793 1509 generatur.

157 1522 204 1562 (2)
228 1521 278 1552 Ad
304 1521 453 1551 noticiam
478 1520 575 1561 igitur
598 1520 820 1550 universorum
852 1521 932 1550 sacri
958 1519 1093 1550 Romani
1126 1520 1249 1561 imperii
1274 1520 1415 1550 fidelium
1443 1520 1589 1550 volumus
1614 1521 1792 1561 pervenire,

158 1573 240 1615 quod
268 1583 323 1614 pro
352 1575 438 1603 statu
468 1572 552 1602 bono
583 1572 627 1602 rei
658 1571 785 1613 publice
814 1571 953 1602 feliciter
984 1571 1151 1612 dirigendo
1183 1572 1214 1602 in
1244 1572 1332 1602 curia
1361 1575 1470 1601 nostra
1506 1571 1672 1612 sollempni
1709 1572 1793 1612 apud

159 1624 359 1666 Herbipolim
383 1623 488 1654 edicta
512 1623 543 1654 in
569 1624 677 1663 vigilia
701 1623 963 1653 annunciaeionis
988 1623 1083 1653 beate
1100 1623 1243 1663 Virginis
1268 1622 1384 1653 iudicio
1410 1622 1618 1663 presedimus,
1643 1622 1790 1653 assiden-

159 1675 242 1706 tibus
267 1678 299 1705 et
322 1673 502 1705 astantibus
527 1674 619 1704 nobis
644 1674 842 1715 principibus
869 1674 986 1703 nostris
1005 1674 1171 1704 nobiscum
1197 1674 1227 1704 in
1253 1673 1366 1704 eodem
1386 1673 1502 1704 iudicio
1521 1674 1712 1708 constitutis,
1738 1674 1793 1704 ubi

158 1726 239 1757 inter
261 1726 360 1757 multa
383 1726 446 1756 alia
467 1725 701 1756 sententialiter
726 1725 885 1766 quesitum
911 1725 1050 1755 exstitit:
1078 1725 1102 1754 si
1129 1728 1212 1755 tutor
1236 1725 1350 1765 aliquis
1376 1725 1413 1755 de
1438 1725 1531 1755 bonis
1556 1725 1679 1765 pupilli,
1705 1725 1795 1755 cuius

159 1781 242 1808 tutor
273 1777 399 1816 existit,
431 1788 491 1818 que
517 1777 619 1808 teneri
644 1777 764 1807 debent
788 1777 828 1807 ab
853 1777 1004 1817 imperio.
1029 1777 1212 1817 pactiones,
1237 1777 1462 1817 obligationes,
1490 1776 1720 1817 promissiones
1745 1777 1795 1806 vel

160 1829 266 1869 aliqua
293 1828 356 1859 alia
384 1828 490 1859 facere
520 1828 639 1869 possit,
675 1838 736 1869 que
766 1829 796 1858 in
828 1828 930 1869 ipsius
963 1827 1074 1868 pupilli
1105 1827 1316 1868 preiudicium
1349 1828 1400 1858 vel
1431 1827 1634 1868 dispendium
1660 1838 1792 1868 vergere

161 1879 337 1911 videantur.
375 1879 416 1910 Et
438 1880 667 1910 sententiatum
693 1880 819 1910 exstitit
844 1879 1056 1909 communiter
1079 1878 1118 1909 ab
1137 1879 1284 1909 omnibus
1302 1879 1500 1920 principibus
1517 1883 1548 1909 et
1567 1879 1661 1909 etiam
1680 1889 1793 1920 appro-

161 1931 283 1962 batum:
314 1931 398 1972 quod
429 1931 535 1962 nullus
565 1935 652 1962 tutor
675 1932 776 1972 possit
799 1931 847 1961 vel
874 1930 991 1961 debeat
1021 1930 1060 1961 de
1085 1930 1177 1960 bonis
1203 1931 1313 1971 pupilli
1338 1930 1455 1971 aliquid
1483 1930 1589 1961 facere
1614 1930 1664 1960 vel
1689 1930 1795 1971 dispo-

162 1993 248 2016 nere,
272 1993 327 2024 per
350 1982 433 2024 quod
459 1983 558 2024 ipsius
583 1983 711 2024 pupilli,
741 1983 830 2013 cuius
855 1986 905 2013 est
929 1986 1030 2018 tutor,
1060 1981 1272 2012 deterioretur
1297 1982 1442 2012 condicio
1468 1982 1518 2012 vel
1543 1993 1601 2023 per
1625 1981 1708 2022 quod
1735 1982 1796 2023 ipsi

162 2034 280 2075 pupillo
304 2034 475 2076 dampnum
501 2035 631 2076 aliquod
656 2038 839 2076 generetur,
864 2034 1004 2064 maxime
1029 2044 1098 2064 cum
1124 2036 1246 2064 tutores
1271 2033 1464 2075 pupillorum
1483 2044 1612 2064 suorum
1631 2033 1795 2063 meliorem

161 2085 283 2126 possint
307 2086 412 2117 facere
438 2086 662 2124 conditionem,
686 2086 878 2117 deteriorem
899 2096 974 2116 vero
991 2095 1176 2126 numquam.
1264 2085 1312 2125 (3)
1338 2084 1410 2120 Qua
1427 2085 1589 2115 sententia
1613 2085 1657 2114 sic
1675 2084 1797 2124 quesita

162 2136 193 2166 in
209 2147 336 2177 genere,
353 2138 418 2168 lata
434 2138 666 2169 rationabiliter
683 2141 715 2169 et
736 2138 880 2178 legitime
899 2137 1086 2178 approbata,
1105 2136 1142 2167 ad
1162 2136 1346 2167 instantiam
1365 2136 1551 2177 spectabilis
1570 2136 1627 2166 viri
1645 2135 1796 2165 Florentii

163 2188 282 2219 comitis
312 2189 483 2220 Hollandie
518 2189 621 2220 fidelis
651 2190 753 2220 nostri
783 2189 892 2219 dilecti
923 2189 1106 2229 specialiter
1139 2188 1335 2228 querebatur
1365 2187 1395 2217 in
1427 2187 1598 2217 sententia:
1632 2190 1736 2216 utrum
1771 2186 1796 2215 si

163 2239 346 2279 spectabilis
371 2241 418 2271 vir
443 2240 639 2280 Florentius,
669 2245 802 2282 patruus
832 2244 864 2271 et
888 2244 974 2270 tutor
998 2240 1100 2281 ipsius
1125 2239 1279 2269 Florentii
1306 2238 1430 2269 comitis
1457 2238 1646 2272 Hollandie,
1674 2237 1796 2277 aliquas

161 2290 321 2330 pactiones
346 2292 396 2323 vel
425 2292 654 2333 promissiones
679 2296 733 2323 aut
758 2292 972 2333 obligationes
998 2291 1110 2322 feccrit
1135 2291 1230 2321 alicui
1256 2290 1295 2321 de
1322 2289 1463 2320 tenendo
1489 2290 1595 2330 aliqua
1621 2288 1715 2319 feoda
1739 2298 1796 2317 sua

164 2341 202 2371 ab
225 2342 284 2373 alio
308 2353 401 2384 quam
426 2343 466 2374 ab
491 2344 639 2385 imperio,
672 2355 690 2375 a
720 2355 780 2385 quo
812 2344 894 2374 bone
920 2343 1073 2374 memorie
1098 2342 1258 2383 quondam
1285 2366 1291 2373 .
1316 2366 1322 2372 .
1347 2351 1422 2371 suus
1448 2345 1540 2382 pater
1563 2339 1675 2370 eadem
1702 2338 1796 2369 feoda

164 2393 263 2423 tenuit
286 2393 316 2424 in
339 2394 460 2426 ultimis
485 2396 685 2436 temporibus
710 2396 774 2426 vite
800 2405 872 2431 sue,
907 2395 932 2425 si
958 2395 1018 2425 hoc
1050 2395 1081 2424 in
1106 2404 1198 2424 suum
1224 2392 1426 2434 dispendium
1456 2392 1494 2422 de
1527 2392 1594 2421 iure
1620 2391 1722 2432 possit
1746 2389 1796 2419 vel

164 2443 278 2475 debeat
300 2445 489 2477 redundare.
539 2447 581 2477 Et
604 2447 643 2477 ad
668 2450 810 2478 nostram
837 2447 1080 2488 requisitionem
1100 2445 1330 2476 sententiatum
1356 2444 1477 2474 exstitit
1503 2454 1560 2484 per
1576 2441 1795 2472 venerabilem

166 2494 429 2536 Salzburgensem
455 2498 743 2540 archiepiscopum,
768 2498 1008 2529 venerabilibus
1026 2496 1269 2537 Maguntincnsi
1295 2500 1326 2525 et
1343 2494 1527 2525 Coloniensi
1546 2492 1795 2533 archiepiscopis

263 2589 327 2616 390-
346 2594 371 2622 P)
390 2593 443 2617 loco
462 2593 745 2625 disem—vesteuunge
764 2593 793 2617 3:
819 2594 889 2617 diseu
915 2593 1034 2617 lantfrido
1059 2601 1086 2616 ze
1110 2597 1231 2616 vestenne
1252 2591 1302 2614 unni
1322 2599 1349 2614 ze
1369 2590 1479 2613 bes-serii.
1586 2588 1609 2610 ⁴1)
1630 2587 1752 2610 lanfridcn
1772 2586 1794 2608 L’.

166 2630 186 2663 r)
205 2641 220 2656 n
239 2642 303 2658 corr.
322 2642 352 2658 ea:
369 2643 381 2659 s
402 2635 428 2663 1,-
447 2636 572 2660 lantfridis
591 2636 619 2664 2;
645 2637 775 2660 laum-ides
795 2635 819 2660 3.
839 2636 862 2659 4.
882 2635 905 2660 5.
925 2636 948 2659 ⁴5.
1055 2635 1075 2665 S)
1095 2636 1149 2659 (lem
1170 2634 1193 2658 2).
1299 2634 1317 2657 (Ἰ
1338 2633 1400 2656 Disu
1420 2631 1463 2661 (ab
1483 2632 1528 2655 liae
1547 2630 1617 2653 rev-lm
1639 2629 1690 2651 ulia
1712 2636 1796 2652 umam,

165 2676 197 2706 cf·
214 2684 293 2707 ⁸upra
306 2684 368 2709 pay.
381 2679 430 2703 370
448 2688 472 2703 η.
485 2678 510 2711 a)
529 2682 653 2711 satzunge
672 2680 739 2703 unde
762 2679 805 2703 der
829 2678 858 2707 3,-
877 2679 951 2702 Dirre
969 2678 992 2702 4.
1012 2678 1035 2702 5.
1122 2682 1147 2705 ¹¹)
1168 2677 1272 2701 lantfrid
1291 2676 1314 2699 b'.
1402 2679 1425 2700 V]
1446 2675 1510 2697 dirrc
1529 2673 1550 2696 3.
1639 2676 1667 2699 w)
1688 2671 1753 2694 alces!
1772 2669 1795 2692 33.

166 2718 191 2746 ¹)
210 2719 270 2742 und
288 2720 472 2751 gesehriben
492 2722 552 2746 add.
571 2721 594 2746 4.
614 2722 637 2746 5.
707 2722 731 2752 y)
750 2722 850 2746 concilii
870 2721 898 2748 3,’
917 2721 1016 2752 concily
1034 2720 1058 2745 G.
1129 2723 1150 2749 z)
1171 2720 1332 2749 Wirtzeburg
1346 2718 1374 2746 3‚·
1395 2713 1585 2741 Wirzburch4:
1605 2713 1753 2745 Wirzpurch
1768 2711 1796 2739 f),-

165 2760 321 2793 WiffZPUrCh
340 2762 363 2788 6.
451 2763 474 2795 ⁸)
494 2765 526 2789 da
544 2765 633 2789 kumet
651 2765 712 2789 add.
731 2764 755 2789 3.
843 2763 867 2796 b)
887 2764 953 2788 deest
972 2763 999 2791 3,·
1018 2761 1067 2788 stet
1084 2762 1107 2787 4.
1122 2763 1151 2791 5,·
1169 2766 1217 2787 stet
1236 2763 1259 2785 ὕ.
1349 2766 1370 2791 ⁰)
1385 2760 1438 2783 lom
1453 2767 1540 2782 unsers
1554 2759 1651 2781 llerren
1664 2756 1692 2779 3.-
1711 2758 1795 2778 (intes.

166 2801 190 2834 <³)
208 2812 245 2828 an
264 2805 325 2835 (und
342 2806 369 2830 in
387 2805 413 2839 4)
432 2807 516 2832 deme
536 2808 789 2833 vierczehenden
805 2809 855 2839 Jar
874 2816 985 2832 unsers
1005 2807 1110 2831 riches
1129 2806 1190 2830 add.
1209 2805 1232 2829 3.
1252 2804 1275 2829 4.

266 2862 300 2880 LL.
315 2863 521 2882 CONSTlTUTioNES
535 2865 567 2882 ΙΙΙ.
1558 2849 1591 2875 48
