2259 3164
454 189 610 216 RUDOLFI
630 189 735 216 REGIS
754 190 1076 217 CONSTITUTIONES.
1113 192 1187 218 12TS.
1224 193 1412 219 N1-.19:].194.
1693 200 1743 228 181

127 283 180 311 tua
195 279 332 321 puritate
349 277 481 320 prestito
500 277 678 308 iuramento
696 277 897 318 promittens,
915 278 998 319 quod
1017 278 1101 309 dicta
1118 279 1297 320 privilegia,
1323 281 1455 319 litteras,
1480 283 1749 322 recongnitionos,

126 330 379 367 ratificationesr,
404 329 642 368 innovationes,
668 329 858 367 iuramenta,
883 330 1118 365 eoncessiones,
1143 330 1331 362 donationes
1356 335 1387 362 et
1411 336 1528 371 cetera,
1553 343 1613 373 quc
1639 344 1694 374 per
1719 338 1749 364 te

127 383 177 414 vel
200 382 238 413 de
262 381 410 412 mandato
435 384 489 411 tuo
513 380 598 411 facta
621 380 741 411 fuerint
765 381 849 411 circa
874 381 1030 422 premissa
1053 385 1084 411 ct
1109 381 1273 422 quodlibet
1299 384 1540 423 premissorum,
1573 384 1654 415 infra
1678 388 1748 415 octo

125 435 246 466 dierum
264 433 410 475 spatium,
436 435 604 474 postquam
625 431 720 462 dante
738 431 875 462 Domino
900 433 1064 474 imperiale
1082 432 1231 464 diadema
1250 435 1441 476 susceperis,
1467 436 1524 466 sub
1542 446 1639 466 aurea
1663 436 1750 466 bulla

87 499 98 518 s
125 486 265 518 similiter
290 485 474 523 innovabis,
499 484 598 515 facies
624 486 655 514 et
680 483 719 514 de
744 494 825 514 novo
850 484 1008 515 concedes
1033 483 1138 525 adque
1163 485 1281 515 iurabis
1305 496 1341 516 ac
1365 486 1588 517 nichilominus
1612 487 1750 517 fideliter

125 541 156 569 et
178 540 322 579 prompte
347 537 410 567 tuis
434 535 613 577 magnificis
638 534 750 565 studiis
783 535 991 576 procurabis,
1026 536 1110 576 quod
1142 536 1303 578 principes
1327 537 1518 569 Alamanuie
1549 542 1612 569 tam
1645 539 1748 569 eccle-

125 589 240 620 siastici
264 599 358 630 quam
378 588 539 619 seculares
563 586 602 617 ad
620 587 778 628 premissa
802 597 895 617 suum
913 586 1112 617 adhibebunt
1129 598 1305 623 assensum,
1330 592 1365 619 ut
1382 590 1488 620 onmia
1511 590 1540 619 in
1566 600 1622 620 sua
1644 589 1749 620 solidi-

123 643 186 671 tate
209 643 398 671 remaneant
423 642 455 670 et
479 639 517 670 de
540 638 624 669 bono
649 639 680 668 in
698 638 824 671 melius,
851 638 990 668 exclusis
1016 638 1087 668 inde
1105 639 1302 679 quibuslibet
1326 639 1443 675 dubiis,
1468 644 1696 682 prosperentur
1720 644 1751 671 ct

123 692 236 734 quietis
253 692 401 723 ubertate
418 692 546 732 vigente
570 690 713 721 facundis
730 690 830 721 titulis
855 690 1076 731 magnificetur
1092 691 1242 731 gentibus
1260 702 1375 722 nomen
1393 696 1491 724 tuum.
1569 694 1636 733 (11)
1655 693 1748 723 Cete-

75 755 98 774 10
124 755 191 775 rum
215 744 350 775 eundem
374 743 506 774 fratrem
532 742 729 780 Conradum,
760 752 854 783 quem
883 742 1038 773 fidelitate
1074 732 1280 783 conspicuum
1310 747 1341 773 et
1371 744 1585 774 sollicitudine
1616 745 1748 775 circum-

126 798 266 837 spectum
297 799 421 826 tuorum
453 795 625 825 culminum
651 798 682 824 et
706 794 829 835 imperii
855 794 994 825 felicium
1021 805 1225 826 successuum
1251 796 1426 827 zelatorem
1451 806 1520 827 esse
1545 797 1749 838 percipimus,

122 848 161 879 ad
183 850 214 879 te
240 847 387 878 duximus
410 846 653 885 remittendum,
677 849 711 877 ut
736 857 792 888 per
817 847 922 888 ipsum
948 847 986 878 de
1012 847 1072 877 hiis
1097 858 1158 888 que
1184 851 1276 888 gesta
1300 852 1372 878 sunt
1396 848 1538 889 apertius
1563 848 1750 878 informatus

122 900 234 932 nostris
258 903 289 930 et
315 899 459 931 eiusdem
490 898 575 930 sedis
599 898 811 940 beneplacitis
842 899 974 930 liberius
1006 902 1036 929 te
1063 899 1242 930 conformes
1273 903 1304 930 et
1336 910 1396 940 que
1426 900 1470 930 tui
1495 899 1623 930 honoris
1649 901 1749 930 incre-

121 955 227 983 menta
251 951 438 993 respiciunt,
464 950 598 982 celerius
624 954 655 981 et
679 950 808 981 felicius
832 953 1063 991 prosperentur
1091 953 1188 992 tuque
1217 951 1469 992 precellentibus
1498 950 1626 981 laudum
1651 951 1750 981 titulis

75 1012 97 1031 15
125 1003 207 1045 apud
230 1003 335 1034 Deum
360 1006 392 1034 et
408 1003 560 1033 homines
586 1002 763 1033 extollaris.
807 1002 1007 1032 Intendimus
1032 1005 1149 1039 autem,
1175 1002 1257 1043 quod
1283 1002 1386 1033 dictus
1405 1002 1502 1032 frater
1526 1002 1565 1032 ad
1590 1013 1644 1032 nos
1669 1002 1750 1033 infra

124 1056 244 1086 instans
268 1055 384 1086 festum
409 1054 602 1085 nativitatis⁸
626 1054 719 1085 beate
736 1053 880 1094 Virginis
904 1054 955 1084 vel
980 1054 1095 1084 saltem
1111 1053 1249 1086 Kalend.
1275 1055 1392 1085 mensis
1417 1054 1581 1085 Octubrist
1606 1054 1747 1094 proxime

124 1106 220 1137 futuri
243 1110 439 1146 revertatur,
464 1106 555 1137 nobis
580 1116 641 1147 que
666 1104 684 1136 a
707 1109 738 1136 te
763 1106 847 1136 circa
868 1105 1025 1147 premissa
1049 1105 1216 1146 collegerit
1241 1109 1425 1147 portaturus
1450 1109 1481 1136 et
1505 1105 1641 1136 fideliter
1665 1105 1746 1135 rela-

123 1161 221 1189 turus.
260 1158 302 1189 Et
326 1159 351 1189 si
375 1158 414 1189 ad
431 1158 664 1200 promotionem
683 1158 732 1188 vel
756 1157 995 1199 expeditionem
1013 1157 1239 1198 premissorum
1265 1162 1297 1188 et
1320 1157 1464 1195 aliorum,
1489 1167 1550 1197 que
1573 1156 1748 1191 tractanda,

124 1209 248 1251 agenda
272 1213 304 1241 et
328 1209 503 1241 ordinanda
527 1209 690 1248 videntur,
722 1220 786 1240 una
810 1220 881 1240 cum
905 1209 974 1250 ipso
999 1208 1095 1239 fratre
1121 1208 1266 1239 Conrado
1290 1209 1368 1239 utile
1392 1209 1460 1239 fore
1484 1208 1645 1249 putaveris
1671 1208 1749 1238 alios

73 1269 97 1299 20
123 1262 246 1292 nuntios
270 1261 430 1293 destinare
443 1262 463 1301 ¹,
487 1261 518 1292 id
542 1265 595 1292 tue
620 1261 818 1301 providentie
848 1261 878 1291 in
910 1260 968 1290 hac
994 1263 1084 1301 parte
1114 1261 1339 1301 relinquimus,
1372 1264 1406 1291 ut
1434 1261 1575 1301 pensatis
1606 1260 1750 1290 omnibus

122 1312 287 1354 provideas
312 1316 344 1344 et
366 1313 474 1352 facias,
499 1313 583 1354 quod
608 1313 724 1344 videris
749 1312 914 1354 expedire.

227 1364 301 1396 Dat.
325 1364 427 1396 Rome
451 1365 536 1407 apud
562 1364 714 1396 Sanctum
740 1365 882 1403 Petrum,
907 1363 989 1395 Non.
1008 1363 1101 1403 Iunii,
1127 1364 1329 1405 pontificatus
1355 1363 1454 1394 nostri
1479 1373 1561 1393 anno
1586 1363 1695 1404 primo.

271 1501 345 1534 194.
368 1502 515 1533 ALIAE
536 1500 777 1533 LITTERAE
797 1500 1023 1532 EIUSDEM.
1070 1501 1142 1532 Iun.
1161 1501 1188 1531 5.
1235 1506 1328 1539 (corr.
1346 1503 1418 1538 post
1442 1501 1513 1531 Ilm.
1530 1502 1596 1537 51¹0.)

228 1562 281 1593 Ex
303 1562 403 1594 eodem
427 1562 569 1602 Reyasrro
592 1562 646 1600 fol.
665 1564 692 1593 5.
743 1561 880 1592 Contulit
908 1560 1099 1601 Poyaz‘schcr.
1141 1560 1190 1602 Cf.
1214 1562 1351 1592 7222193.
1391 1560 1570 1591 Ecliderunt
1594 1560 1750 1599 Zaccccssni

74 1625 97 1644 25
123 1612 142 1645 Ζ.
157 1623 180 1644 c.
199 1613 338 1653 Append.
350 1625 384 1653 p.
400 1614 439 1644 50
463 1617 491 1645 ct
508 1614 643 1645 Theium·
666 1613 683 1645 l.
702 1624 726 1644 c.
744 1613 770 1650 Ι,
784 1613 847 1642 210
862 1623 909 1644 m‘.
927 1613 999 1643 30¹3,
1034 1612 1083 1643 De
1096 1612 1333 1652 prz've'lcyiormn
1349 1612 1548 1651 (antiquorem
1566 1615 1674 1651 tenore,
1695 1612 1750 1651 qui

122 1664 170 1695 hic
190 1665 349 1703 inseritur,
375 1665 413 1707 cf.
438 1665 541 1697 Stet-el
564 1665 643 1696 ‘Das
659 1664 861 1703 Pras-[leffium
888 1664 956 1695 Otto
973 1664 998 1694 I.
1023 1665 1077 1701 fiir
1100 1664 1149 1694 die
1172 1663 1319 1694 romische
1336 1663 1454 1694 Kirclm
1476 1674 1539 1694 com
1557 1664 1656 1694 ‚Icelo-e
1680 1664 1749 1694 9653*

118 1726 151 1756 p.
165 1715 204 1746 53
221 1727 250 1748 n.
264 1718 293 1748 2.
331 1717 587 1748 Animmlvertere
604 1717 702 1754 liceat,
720 1719 836 1748 temtum
853 1716 1055 1747 Hcimicicmi
1071 1718 1106 1746 ut
1122 1716 1239 1746 dicitur
1248 1715 1431 1754 plerumque
1447 1725 1517 1745 cum
1533 1715 1623 1745 certis
1639 1714 1749 1745 codici-

122 1767 176 1798 bus
198 1769 394 1807 concordare,
424 1770 507 1808 quod
537 1768 624 1810 iufra
647 1769 832 1800 notavimus.
864 1787 902 1790 —
932 1767 1075 1798 Pottlmst
1098 1768 1213 1797 21333
1258 1766 1402 1805 Bo'hmer,
1427 1766 1500 1806 Rey.
1520 1767 1588 1805 Imp.
1611 1765 1749 1803 1'L971.

1460 1817 1512 1857 (P.
1538 1817 1643 1855 deest.)

75 1889 99 1909 3ο
227 1880 380 1912 Nicolaus
405 1881 575 1923 episcopus
601 1892 713 1913 servus
739 1892 904 1913 servorum
922 1881 984 1912 Dei
1009 1880 1170 1911 carissimo
1195 1880 1226 1910 111
1245 1878 1372 1910 Christo
1397 1878 1461 1909 filio
1485 1877 1523 1909 R.
1549 1877 1614 1918 regi
1632 1877 1749 1907 Roma-

127 1941 237 1963 norum
261 1933 377 1964 illustri
402 1934 538 1964 salutem
563 1937 595 1965 et
618 1934 829 1976 apostolicam
855 1933 1124 1965 benedictionem.

228 1983 275 2025 (1)
298 1984 350 2016 Ad
373 1988 427 2017 tue
451 1986 633 2017 devotionis
657 1990 865 2028 augmentum
894 1989 926 2017 et
956 1986 1071 2016 iurium
1095 1984 1241 2015 Romane
1274 1983 1410 2015 ecclesie
1442 1983 1636 2019 claritatem,
1666 1979 1750 2022 quod

126 2034 237 2067 civitas
255 2034 408 2068 Ravenne
429 2040 461 2068 et
478 2037 605 2076 Emilia,
624 2038 772 2076 Bobium,
792 2037 948 2075 Cesena³‚
966 2036 1205 2078 Forumpopuli,
1230 2035 1415 2073 Forlivium,
1440 2034 1605 2069 Faventia,
1625 2032 1750 2063 Ymola.

128 2085 283 2125 Bononia,
307 2087 466 2128 Ferraria,
492 2088 688 2128 Comaclum,
713 2089 814 2121 Adria
831 2089 934 2130 adque
953 2088 1136 2127 Gabellum,
1160 2088 1310 2126 Arimini,
1328 2087 1496 2125 Urbinum,
1513 2083 1750 2116 MontisferetrL

75 2147 98 2167 ³⁵
125 2138 316 2170 territorium
339 2139 504 2172 Balnense
534 2151 605 2172 cum
630 2142 776 2173 omnibus
804 2141 935 2179 finibus,
966 2140 1133 2172 territoriis
1158 2139 1262 2180 adque
1292 2139 1405 2169 insulis
1435 2138 1466 2168 in
1495 2141 1581 2168 terra
1608 2136 1750 2176 marique

126 2189 165 2220 ad
183 2190 326 2223 civitates
349 2195 381 2223 et
404 2193 475 2223 loca
499 2193 642 2234 predicta
667 2204 793 2235 quoquo
814 2192 908 2224 modo
932 2191 1165 2234 pertinentibus
1190 2191 1230 2222 ad
1254 2201 1310 2221 nos
1335 2193 1366 2221 et
1383 2190 1562 2221 Romanam
1581 2188 1748 2219 ecclesiam

123 2241 216 2282 pleno
245 2243 312 2275 iure
344 2245 541 2285 pertineant,
575 2255 631 2286 per
656 2246 734 2276 alias
759 2249 886 2275 nostras
912 2244 1033 2275 litteras
1057 2254 1075 2274 a
1099 2247 1144 2281 te,
1176 2243 1220 2273 fili
1244 2242 1423 2277 karissime,
1448 2252 1518 2272 cum
1543 2240 1750 2281 expressione

126 2293 285 2325 nominum
309 2295 525 2336 predictorum
551 2297 734 2335 civitatum,
764 2300 956 2336 castrorum,
986 2296 1133 2327 villarum
1162 2294 1265 2335 adque
1289 2295 1429 2325 locorum
1455 2293 1513 2323 sub
1538 2295 1626 2323 certa
1650 2291 1748 2321 forma

124 2345 260 2384 petimus
284 2346 439 2379 declarari
464 2352 496 2379 et
519 2349 754 2388 nichilominus,
779 2352 813 2380 ut
838 2350 933 2390 ergab
958 2348 1094 2379 eandem
1113 2347 1291 2377 Romanam
1310 2345 1480 2376 ecclesiam
1504 2347 1637 2374 matrem
1664 2346 1749 2373 tuam

75 2406 100 2426 «ο
126 2395 317 2429 sinceritatis
341 2401 394 2430 tue
412 2399 540 2431 devotio
557 2401 694 2443 amplius
712 2401 883 2439 elucescat,
908 2400 1015 2431 onmia
1039 2402 1070 2431 et
1088 2398 1214 2440 singula
1239 2397 1277 2429 de
1302 2407 1384 2428 novo
1408 2396 1518 2427 donari
1528 2396 1549 2428 ².
1638 2394 1684 2434 (2)
1701 2392 1749 2423 NG

127 2451 232 2480 autem
261 2460 318 2491 per
346 2450 404 2482 hec
432 2462 488 2483 nos
516 2452 644 2494 aliquod
678 2463 794 2484 novun]
828 2456 957 2494 peterec
986 2452 1037 2483 vel
1065 2462 1083 2482 a
1111 2451 1173 2481 tuis
1200 2448 1482 2491 predecessoribus
1507 2446 1749 2488 imperatoribus

125 2497 339 2532 Romanorum
371 2502 534 2535 insolitum
565 2504 703 2535 extimes
732 2505 910 2545 postulare,
939 2503 979 2534 ad
1011 2505 1098 2533 tuam
1127 2501 1351 2532 conscientiam
1384 2500 1507 2541 plenius
1531 2497 1749 2529 serenandam,

129 2551 265 2591 qualiter
288 2553 343 2586 illa
367 2555 442 2585 certi
467 2555 712 2597 predecessores
736 2556 779 2586 tui
798 2556 1014 2586 Romanorum
1039 2555 1248 2595 imperatores
1274 2554 1511 2593 expresserunt.
1536 2550 1671 2590 qualiter
1695 2549 1746 2578 illa

226 2637 288 2664 193.
307 2640 327 2670 ¹)
347 2641 458 2672 sequitur
471 2642 673 2667 confirmationes
689 2643 796 2667 deletum
810 2651 829 2666 0,
900 2642 919 2673 s)
940 2641 1126 2666 nativitatis
1146 2640 1170 2663 [η
1191 2648 1283 2663 rasura
1297 2648 1316 2662 c.
1348 2640 1385 2669 (ss.
1399 2647 1425 2669 p.
1440 2640 1482 2661 154
1503 2646 1525 2660 11.
1538 2646 1561 2667 g.
1632 2637 1648 2659 ἵ)
1662 2639 1747 2657 (Htw

77 2685 100 2704 -15
126 2678 189 2703 bris
208 2680 233 2704 ἱη
251 2690 346 2707 rasura
365 2692 385 2708 c.

228 2741 290 2768 194·
310 2744 333 2776 a)
351 2746 472 2770 cesenam
492 2755 511 2771 c·
599 2745 623 2778 b)
643 2755 721 2778 supra
742 2747 834 2771 lineam
854 2747 914 2770 (ahl.
934 2756 953 2770 c.
1042 2746 1063 2776 c)
1081 2743 1210 2776 praecedi!
1230 2748 1312 2776 petere
1330 2742 1433 2766 ‹leawm
1455 2750 1473 2764 ι’.

227 2801 251 2833 l)
273 2801 311 2832 Of.
330 2802 405 2834 infra
422 2807 526 2830 1113212.
614 2805 639 2835 9)
660 2804 746 2836 Supra
765 2812 805 2830 nr.
819 2808 874 2830 1953.

1760 1051 1810 1071 Sem
1831 1052 1849 1070 S,

1758 1078 1804 1095 oet.
1817 1079 1833 1096 ι,
