2259 3164
104 743 126 761 lu

103 1105 125 1123 15

103 1410 126 1428 20

105 1671 127 1689 25

105 1937 128 1956 ³0

108 2294 130 2313 ³5

463 186 621 212 RUDOLFI
642 185 745 212 REGIS
764 185 1086 212 CONSTITUTIONES.
1126 187 1198 213 1282.
1234 187 1280 213 Nr.
1295 189 1353 215 333.
1367 189 1424 215 334.
1440 190 1498 215 335.
1732 192 1788 221 321

154 272 258 303 censis
276 273 421 312 comites,
447 272 486 304 dc
504 272 701 313 Heimsberg
718 275 749 303 ct
766 272 804 303 dc
822 271 1034 313 Valkenburg
1055 272 1190 307 nobiles,
1213 273 1245 304 S.
1265 274 1303 304 de
1323 274 1540 316 W'cste1·burg
1557 276 1606 306 vel
1624 276 1791 307 Ilanowen

154 327 187 355 et
211 323 250 355 de
269 324 486 360 Grifenstein;
510 325 542 355 in
559 324 738 355 Westvalia
755 324 959 355 venerabiles
977 324 1261 366 Oysnaburgensis
1288 329 1319 356 ct
1336 326 1614 357 Paderburnensis
1639 328 1792 368 episcopi,

154 375 192 406 E.
216 375 256 406 de
280 375 412 414 Marka,
442 376 481 406 de
503 375 723 415 VValdecken,
755 375 794 406 de
825 375 996 406 Everstein
1026 376 1177 413 comites,
1208 376 1240 407 S.
1266 376 1304 407 de
1337 378 1467 419 Lippia,
1492 378 1583 409 NVer.
1609 378 1647 409 dc
1672 379 1790 414 Ithere,

154 426 245 458 Wer.
270 426 310 458 de
333 427 599 458 Bisschofhnsen.
689 427 738 467 (9)
765 426 798 457 Si
823 438 897 458 vero
923 427 1020 468 aliqui
1045 427 1179 458 aliorum
1196 431 1377 459 nostrorum
1396 429 1576 460 adiutorum
1603 430 1633 460 in
1651 430 1791 460 futurum

156 479 355 509 occurrerint
379 479 550 519 memorie,
574 479 645 509 illos
670 478 731 519 ipsi
755 478 1011 520 archiepiscopo¹
1036 479 1290 517 nominabimus,
1322 491 1392 510 cum
1424 481 1490 521 ipse
1520 492 1553 512 se
1586 482 1687 522 ipsum
1716 492 1791 512 con-

153 530 306 571 spectui¹¹¹
332 529 487 571 [nostro]¹¹
511 530 726 572 presentabit,
751 540 830 571 quos
857 530 1109 567 condicionibus,
1135 541 1214 572 pace
1244 534 1276 561 et
1300 531 1486 569 concordia,
1513 532 1627 573 quibus
1652 533 1793 573 gaudent

153 581 300 623 superius
324 582 495 619 nominati,
527 582 673 612 volumus
705 585 736 613 et
760 582 829 623 ipse
853 581 1115 623 archiepiscopus
1141 582 1207 612 vult
1231 582 1384 623 gaudere.
1473 583 1542 623 (10)
1568 583 1649 614 Item
1679 595 1791 625 supra-

154 633 275 664 dictum
300 636 441 664 castrum
457 633 580 664 Werde
606 644 676 664 cum
702 633 767 664 suis
785 633 963 664 attinentiis
980 633 1138 664 universis
1162 633 1230 674 ipse
1248 634 1510 676 archiepiscopus
1528 635 1677 665 restituet
1701 636 1791 666 nobis

152 684 203 715 vel
233 685 373 723 nunciis,
405 695 484 726 quos
514 684 553 715 ad
582 685 641 715 hoc
672 684 859 716 duxerimus
892 684 1127 726 deputandos0,
1159 696 1178 715 a
1206 685 1287 715 feria
1318 689 1431 727 quarta
1462 690 1534 727 post
1564 686 1680 717 festum
1705 687 1791 718 beati

154 735 265 767 Iacobi
289 735 329 766 ad
354 740 426 767 octo
450 736 520 768 dics
546 739 719 778 sequentes
744 737 794 767 vel
824 736 912 777 prius
945 736 970 766 si
1002 736 1120 777 poterit
1151 735 1236 766 bona
1266 736 1338 767 fide.
1429 737 1464 767 In
1496 748 1628 778 quorum
1653 739 1792 768 omnium

152 787 383 829 premissorum
407 788 625 819 testimonium
651 799 784 830 presens
811 788 966 830 scriptum
984 787 1102 819 exinde
1127 788 1284 819 conscribi
1310 792 1342 820 ct
1358 789 1535 820 maiestatis
1553 794 1661 821 nostre
1687 791 1792 831 sigillo

152 839 286 870 fecimus
311 840 510 871 communiri.

257 899 379 930 Datum
403 899 611 941 Oppenhem,
643 899 718 931 VII.
742 899 817 932 Kal.
841 900 1002 941 Augusti,
1032 900 1208 932 indictione
1232 901 1276 940 X,
1308 911 1391 931 anno
1422 901 1551 932 Domini
1575 902 1792 933 MOCLXXX

152 951 304 990 secundO,
328 951 419 992 regni
442 962 518 982 vero
542 952 642 982 nostri
665 962 748 983 anno
776 962 869 983 nono.

631 1096 708 1128 334.
731 1096 876 1128 ALJAE
896 1097 1142 1128 LITTERAE,
1188 1097 1249 1128 Iul.
1266 1101 1317 1129 297.

258 1157 311 1188 Ee
340 1157 442 1188 eodem
474 1157 620 1196 (Ιομιάνὶο
650 1157 702 1195 fol.
728 1159 778 1187 26.
826 1157 903 1187 Item
931 1168 987 1188 nos
1014 1157 1212 1188 contulimus.
1270 1158 1318 1195 (ss.
1344 1158 1466 1189 litteras
1497 1170 1663 1190 consensus
1691 1160 1794 1189 ‹crehi-

152 1209 286 1248 episcopess
309 1209 398 1247 infra
421 1211 557 1247 2271340,
581 1209 682 1240 eodem
706 1209 756 1240 die
779 1209 880 1240 datas.
907 1227 945 1231 --
970 1209 1115 1246 BNmmr,
1142 1208 1218 1248 Rcy.
1239 1210 1309 1248 imp.
1332 1210 1383 1247 VJ,
1400 1212 1470 1241 las.
1503 1210 1556 1249 (P.
1580 1210 1688 1250 deest.)

258 1303 449 1346 Rodolphus
474 1303 536 1335 Dei
566 1304 676 1345 gracia
700 1314 757 1334 rex
782 1314 908 1345 semper
933 1306 1090 1344 augustus
1115 1304 1276 1335 universis
1302 1305 1383 1335 sacri
1409 1305 1531 1346 imperii
1557 1304 1692 1335 Romani
1716 1305 1793 1335 fide-

152 1355 244 1394 libus,
269 1355 384 1396 quibus
408 1358 576 1397 presentes
599 1356 706 1386 littere
731 1355 849 1386 fuerint
873 1355 1029 1393 exhibite,
1055 1356 1195 1396 graciam
1221 1367 1311 1386 suam
1336 1359 1369 1386 et
1394 1367 1487 1387 omne
1513 1356 1640 1386 bonum.

259 1407 351 1438 Licet
375 1407 449 1438 olim
473 1408 556 1438 inter
580 1418 637 1438 nos
663 1410 695 1438 et
719 1407 938 1438 venerabilem
964 1407 1117 1438 Sifridum
1142 1407 1425 1449 archiepiscopum
1451 1407 1675 1438 Coloniensem
1706 1409 1793 1449 prin-

153 1459 256 1501 cipem
281 1462 423 1490 nostrum
457 1459 610 1490 dilectum
642 1462 756 1489 exorta
783 1458 995 1489 dissensionis
1027 1459 1162 1490 materia
1189 1459 1287 1490 fuerit
1319 1463 1351 1490 et
1377 1459 1534 1495 rancoris,
1565 1462 1673 1490 tamen
1705 1463 1795 1490 tanto

153 1510 278 1541 facilius
303 1510 458 1541 debemus
482 1510 521 1541 ad
545 1510 753 1552 prestandam
777 1511 903 1541 veniam
935 1510 1098 1549 inclinari,
1131 1514 1250 1551 quanto
1277 1510 1403 1541 videtur
1432 1511 1580 1551 apereius
1612 1514 1644 1541 et
1672 1512 1795 1541 cercius

154 1562 329 1603 experitur,
353 1573 478 1593 sacrum
496 1562 665 1603 imperium
683 1562 750 1592 sine
768 1562 949 1603 principum
967 1562 1153 1593 fulcimento
1171 1573 1235 1593 non
1254 1567 1369 1604 posse²³
1394 1561 1582 1599 subsistere,
1608 1561 1663 1593 sed
1682 1563 1796 1593 minari

153 1614 258 1654 potius
287 1614 460 1644 confractis
493 1613 737 1655 compaginibus
773 1613 812 1644 ad
847 1613 979 1644 ruinam.
1032 1613 1116 1644 Hinc
1156 1613 1313 1654 estquod
1343 1624 1401 1643 nos
1437 1613 1582 1654 predicto
1617 1614 1793 1644 venerabili

157 1664 188 1697 S.
206 1665 393 1695 Coloniensi
411 1665 666 1706 archiepiscopo,
692 1665 825 1706 principi
843 1668 950 1695 nostro
975 1664 1104 1701 dilecto,
1129 1664 1278 1695 omnemb
1304 1665 1536 1705 indignacionis
1561 1665 1628 1695 sive
1654 1665 1795 1694 rancoris

154 1716 338 1748 acredinem
363 1728 440 1758 erga
464 1717 568 1758 ipsum
594 1728 635 1748 ex
653 1727 854 1758 quacumque
880 1727 978 1747 cansa
996 1720 1186 1757 conceptam
1212 1727 1252 1747 ex
1270 1716 1376 1747 animo
1394 1717 1490 1757 plene
1508 1715 1659 1746 duximus
1685 1716 1793 1746 remit-

154 1768 281 1799 tendam
316 1771 348 1799 et
378 1769 480 1810 ipsum
511 1769 551 1799 ad
580 1769 688 1810 gracie
722 1772 829 1799 nostre
860 1768 963 1798 sinum
995 1768 1212 1809 recolligimus
1243 1768 1367 1809 pristini
1398 1768 1518 1798 favoris
1553 1770 1585 1797 et
1614 1767 1794 1797 dilectionis

153 1820 352 1861 plenitudine
387 1820 665 1862 amplectandum,
701 1820 849 1851 volentes
881 1820 986 1861 ipsum
1022 1823 1054 1850 et
1088 1820 1231 1850 inclitam
1265 1819 1435 1850 ecclesiam
1469 1829 1558 1849 suam
1587 1819 1618 1848 in
1647 1819 1794 1849 omnibus

152 1871 289 1911 iuribus,
312 1871 515 1903 libertatibus
540 1875 571 1902 et
595 1871 779 1909 honoribus,
804 1872 921 1913 quibus
944 1872 1101 1902 hactenus
1129 1875 1202 1902 sunt
1227 1872 1339 1913 gavisi,
1364 1871 1584 1901 favorabiliter
1611 1871 1792 1901 confovere.

257 1922 376 1954 Datum
401 1923 602 1965 Oppinhem,
627 1923 684 1954 V1.
706 1923 780 1955 Kal.
804 1923 960 1964 Augusti,
993 1933 1077 1954 anno
1102 1923 1233 1953 Domini
1257 1922 1474 1953 MCCLXXX
1498 1922 1656 1961 secundo,
1692 1922 1791 1953 indic—

152 1974 238 2006 tione
262 1974 302 2013 X,
327 1975 417 2016 regni
441 1985 517 2006 vero
543 1975 641 2005 nostri
666 1986 749 2005 anno
774 1986 866 2006 nono.

548 2119 624 2151 335.
649 2119 904 2152 STATUTUM
926 2119 994 2150 DE
1014 2119 1219 2150 MOXETA.
1260 2120 1343 2158 Sept.
1361 2121 1411 2149 27.

260 2179 372 2211 Denuo
396 2181 583 2211 contulimus
604 2180 829 2219 (uctoyraplcon,
853 2180 934 2219 qztod
956 2183 1138 2210 asservatur
1169 2181 1201 2210 ίιι
1225 2179 1383 2210 tabulario
1413 2180 1494 2218 reyio
1519 2179 1796 2217 Dusseldcrliiensi

155 2230 320 2262 ‘Charco'ln
341 2231 422 2261 289³.
461 2230 607 2270 Siyillum
631 2232 710 2270 reglis
728 2241 846 2269 parum
870 2230 996 2267 laesum,
1020 2230 1115 2269 siyilli
1139 2230 1365 2269 ardeicpiscopi
1381 2230 1708 2269 fragmzenlzzperedeus
1732 2230 1796 2269 filis

156 2283 269 2313 sericis.
316 2283 357 2314 In
379 2281 469 2313 dorso
493 2282 638 2322 leyzmtur
666 2282 716 2313 De
748 2286 876 2313 moneta
901 2282 958 2313 sub
985 2286 1071 2312 certo
1097 2283 1203 2312 valore
1235 2293 1292 2323 per
1322 2293 1431 2323 regem
1457 2282 1550 2312 Rom,
1577 2286 1608 2312 et
1637 2283 1795 2323 archiepi-

156 2343 284 2375 scopum
315 2333 425 2365 Colon.
450 2334 572 2375 pariter
606 2333 764 2364 facienda.
822 2333 871 2373 Cf.
905 2344 956 2369 ea,
991 2344 1070 2372 qnae
1102 2333 1216 2363 Fickcr
1248 2333 1406 2372 ‘Beilriiyc
1437 2343 1495 2363 zur
1535 2333 1796 2364 Urlcemdcnlelzrv'

156 2384 201 2421 II,
219 2385 257 2415 55
273 2396 316 2424 sq.
336 2385 453 2415 notavit
476 2385 512 2414 (Ic
532 2385 638 2425 forma
655 2384 856 2421 eselzatocolli,
881 2387 909 2415 et
932 2396 1031 2423 snpra
1055 2396 1101 2415 ην.
1118 2387 1191 2415 321.
1215 2403 1255 2406 —
1281 2385 1424 2421 Biiltmrxr,
1455 2385 1521 2423 Πιῃ.
1544 2386 1614 2423 imp.
1637 2385 1795 2421 VLJ7151.

1523 2436 1576 2471 (P.
1600 2438 1686 2469 ΜΘ.)

261 2495 420 2527 Rudolfus
448 2496 511 2527 Dei
546 2497 655 2537 gracia
687 2496 907 2527 Romanorum
939 2507 998 2526 rex
1035 2506 1161 2536 semper
1199 2500 1353 2536 augustus
1392 2496 1552 2526 universis
1588 2495 1795 2537 principibus,

110 2561 133 2579 40
159 2545 344 2586 baronibus,
377 2547 566 2585 comitibus,
599 2548 781 2585 nobilibus,
815 2547 943 2578 vasallis
975 2558 1012 2577 ac
1042 2547 1114 2577 aliis
1145 2547 1271 2588 imperii
1299 2547 1447 2578 fidelibus
1476 2551 1642 2588 presentes
1675 2547 1795 2576 litteras

159 2597 347 2639 inspecturis
371 2599 513 2639 graciam
538 2610 628 2630 suam
653 2602 686 2630 et
710 2610 803 2630 omne
828 2599 957 2630 bonum.

257 2699 322 2726 333.
342 2701 359 2733 ¹)
379 2703 563 2734 archiepiscopi
582 2710 601 2726 ο.
691 2706 722 2732 ¹¹¹)
741 2703 868 2726 consectui
888 2711 907 2726 c.
997 2702 1020 2732 ¹¹)
1039 2702 1106 2726 deest
1125 2710 1145 2725 c.
1234 2706 1257 2731 0)
1278 2702 1303 2725 in
1322 2710 1388 2726 corr.
1408 2712 1427 2725 c.

257 2785 322 2812 334.
342 2787 365 2819 ὃ)
383 2788 492 2819 sequitur
511 2788 653 2812 substinere
672 2789 781 2813 deletum
800 2797 819 2813 c.
908 2787 933 2819 b)
955 2796 1041 2812 omnes
1061 2796 1081 2811 c.

259 2845 296 2863 ιι.
315 2845 526 2864 CONSTITUTIONES
545 2846 578 2864 m.
888 2848 890 2852 ⁴
1560 2835 1591 2859 41

1816 693 1855 713 lul.
1871 695 1903 713 ⁴29.
