2259 3164
63 763 85 783 10

61 1027 83 1046 1⁵

60 1284 83 1303 20

60 1633 83 1652 25

61 1899 84 1917 30

60 2194 82 2213 35

61 2453 83 2472 ⁴⁰

60 2743 82 2762 ⁴⁵

452 195 607 222 RUDOLFI
628 196 732 222 REGIS
752 196 1074 223 CONSTITUTIONFIS.
1113 200 1186 225 1281.
1224 200 1413 228 Ν1·.2Γ)ί3.2ἴιῖ.
1693 206 1747 236 251

199 286 331 325 petuam
356 284 401 315 rei
426 283 611 314 memoriam
637 283 941 325 conrespondentia,
970 294 1031 325 que
1056 284 1226 326 incipiunt:
1259 286 1314 316 *Ut
1339 298 1377 318 ea
1401 299 1462 329 que
1487 289 1599 319 solium
1625 289 1696 320 ete*
1722 294 1754 321 et

199 334 325 365 finiunt:
350 335 577 376 ‘promittimus
602 335 831 367 inviolabiliter
854 335 1040 368 observare.
1076 337 1193 368 Actum
1212 340 1244 368 ct
1261 338 1322 369 dat.
1349 339 1419 371 ete?
1444 340 1580 371 Laniata
1605 342 1754 372 similiter

198 387 373 418 extiterunt
397 386 429 416 in
452 386 616 428 presentia
639 387 778 428 partium
803 387 1031 428 predictarum.

219 438 266 479 (5)
281 438 404 474 Quibus
417 438 596 480 privilegiis
611 441 643 469 et
656 438 771 469 litteris
789 441 823 469 ut
835 439 1009 480 predicitur
1025 439 1169 478 redditis,
1189 442 1323 472 retentis
1341 445 1372 472 ct
1388 443 1484 473 etiam
1503 444 1629 474 laniatis
1648 444 1751 475 dietus

113 491 258 523 dominus
288 501 347 522 rex
376 490 484 522 Sicilie
513 501 570 532 pro
601 501 635 522 se
669 493 701 521 et
732 490 807 521 dicti
837 491 985 522 dominus
1016 492 1187 533 episcopus
1223 496 1254 524 et
1282 495 1494 525 cancellarius
1525 499 1750 536 procuratores

113 543 237 575 nomine
261 542 336 573 dicti
359 542 446 583 regis
470 541 690 573 Romanorum
716 546 988 584 recognoscentes
1013 543 1159 585 predicta
1182 544 1352 585 privilegia
1376 549 1408 576 et
1431 546 1554 577 litteras
1580 547 1651 577 hinc
1676 547 1749 578 inde

111 594 236 627 reddita
258 604 316 635 per
339 594 444 635 ipsum
468 593 632 624 dominum
656 604 775 636 papam
800 598 832 626 et
856 595 953 626 etiam
979 598 1105 626 retenta
1130 606 1201 626 esse
1227 599 1259 626 et
1282 597 1401 627 laniata
1426 597 1525 628 fnisse
1551 598 1609 628 sub
1628 598 1749 629 eisdem

111 647 220 677 formis
245 649 277 677 et
299 646 474 685 tenoribus,
500 645 581 676 sicut
605 646 788 687 conscripta
812 650 895 685 sunt,
921 650 952 677 et
976 647 1119 678 existere
1144 648 1198 678 illa
1223 648 1345 687 eadem,
1371 659 1432 690 que
1457 649 1584 679 fucrant
1604 649 1751 691 deposita

112 709 208 741 penes
226 697 387 728 dominum
404 696 573 728 Nicolaum
597 707 713 738 papam
738 698 931 739 predictum⁷
956 698 1093 729 confessi
1119 702 1201 738 sunt,
1228 710 1263 730 se
1290 700 1450 740 recepisse
1476 703 1508 731 et
1532 700 1685 731 habuisse
1711 701 1750 731 ab

111 749 222 781 eodem
253 749 380 779 domino
405 748 545 779 Martino
575 759 660 790 papa
688 749 794 780 onmia
825 760 886 790 que
918 750 964 781 eis
995 750 1160 781 reddenda
1189 755 1296 789 erant,
1328 756 1358 781 et
1389 762 1485 793 super
1519 752 1694 783 redditione
1720 756 1751 783 et

110 801 327 842 recognitione
356 800 541 830 huiusmodi
571 800 787 841 promiserunt
819 811 894 831 suas
926 804 1076 842 patentes
1108 801 1230 833 litteras
1262 802 1439 833 concedere
1469 806 1501 833 ct
1529 803 1589 844 ipsi
1623 803 1749 833 domino

111 853 277 891 exhibere⁷
307 851 434 893 prefato
469 851 596 882 domino
631 851 734 893 paped
774 852 942 893 recipienti
980 863 1037 894 pro
1066 863 1100 884 se
1130 856 1162 884 et
1193 854 1434 884 successoribus
1466 854 1531 884 suis
1557 858 1588 884 et
1613 855 1750 885 ccclesia

111 904 266 942 Romana,
290 903 330 935 de
355 903 502 934 omnibus
526 905 558 934 et
577 903 713 944 singulis
730 903 923 945 supradictis
949 904 1045 935 finem
1064 907 1095 935 et
1112 904 1341 936 refutationem
1359 908 1549 947 perpetuam
1568 906 1748 936 nichilomi-

109 967 167 987 nus
190 956 359 987 facientes.

213 1007 259 1048 (6)
283 1006 391 1038 Tenor
414 1009 522 1037 autem
546 1006 681 1048 predicti
705 1008 917 1048 procurator-ii
942 1007 980 1039 de
1006 1007 1104 1039 verbo
1128 1008 1169 1039 ad
1194 1008 1325 1040 verbum
1351 1012 1400 1040 est
1424 1009 1512 1040 talis:

212 1058 378 1090 ‘Rudolfus
402 1058 463 1089 Dei
488 1059 758 1099 gratia—nostri
782 1070 866 1090 anno
892 1058 1028 1091 octavo⁷.
1063 1070 1163 1099 supra
1186 1070 1234 1090 nr.
1250 1061 1324 1091 253.

213 1110 330 1142 Actum
355 1110 439 1152 apud
463 1110 733 1142 Vrbemvcterem
765 1111 796 1141 in
828 1111 984 1152 superiori
1009 1121 1155 1150 camera⁷
1181 1112 1211 1142 in
1236 1123 1299 1153 qua
1323 1116 1465 1143 moratur
1489 1112 1637 1143 dominus
1664 1123 1744 1154 papa

109 1174 211 1194 coram
234 1163 369 1205 prefatis
394 1163 539 1204 partibus
565 1167 597 1194 et
621 1163 682 1194 hiis
707 1164 844 1194 testibus
869 1165 990 1205 rogatis
1016 1167 1047 1195 et
1064 1164 1199 1200 voeatis,
1227 1163 1351 1194 scilicet
1372 1163 1501 1194 domino
1520 1164 1617 1195 Petro
1635 1168 1747 1194 sancte

108 1215 249 1246 Romane
281 1215 419 1246 ecclesie
452 1215 736 1253 vicecancelhrrio,
769 1214 899 1246 domino
930 1215 1073 1247 Berardo
1106 1216 1144 1246 de
1176 1215 1313 1256 Neapoli
1347 1215 1464 1246 domini
1498 1227 1581 1258 pape
1612 1217 1747 1247 notario.

107 1267 256 1308 magistro
291 1266 460 1308 Raynaldo
496 1266 699 1298 thesaurario
736 1277 773 1298 ac
814 1267 967 1308 magistro
1000 1267 1096 1298 Petro
1137 1267 1176 1298 de
1215 1267 1355 1309 Latycra
1394 1268 1561 1308 capellano
1601 1267 1747 1298 eiusdem

108 1319 226 1350 domini
249 1328 333 1360 pape
358 1321 391 1349 et
414 1318 542 1348 domino
567 1317 740 1349 Leonardo
766 1319 959 1350 cancellario
984 1319 1109 1349 Aehaie
1138 1322 1170 1349 et
1200 1319 1344 1360 pluribus
1369 1319 1439 1349 aliis
1466 1319 1508 1349 ibi
1532 1319 1747 1360 presentibus.

211 1369 281 1411 Ego
298 1369 419 1400 Paulus
437 1369 476 1401 de
494 1369 597 1400 Reate
615 1370 794 1411 apostolica
811 1370 1004 1401 auctoritate
1029 1374 1060 1401 et
1085 1381 1169 1401 nunc
1194 1381 1321 1401 camere
1346 1370 1465 1401 domini
1490 1381 1573 1412 pape
1598 1370 1744 1400 notarius

107 1421 255 1463 predictis
284 1421 413 1452 interfui
444 1425 476 1452 et
505 1432 523 1452 a
552 1421 705 1463 predictis
735 1422 863 1452 domino
901 1433 978 1463 rege
1010 1422 1121 1453 Sicilie
1155 1433 1192 1452 ac
1224 1422 1484 1463 procuratoribus
1515 1422 1631 1463 prefati
1660 1422 1745 1463 regis

109 1473 321 1504 Romanorum
347 1476 480 1514 rogatus
504 1474 627 1515 scripsi⁷
653 1474 815 1515 publicavi
841 1477 873 1505 et
897 1474 1023 1515 signum
1049 1474 1118 1505 feei.
1166 1474 1211 1513 (S.
1228 1474 1281 1514 N.)

213 1616 288 1649 257,
314 1617 670 1650 TRANSSUMTUM
692 1618 890 1650 OMNIUM
909 1619 1303 1651 PRII’ILEGIORUM
1322 1619 1463 1651 IUSSU
1483 1619 1641 1650 PAPAE

612 1670 906 1702 CONFECTUM.
954 1672 1045 1701 1281.
1086 1671 1237 1702 anLQAE.

207 1728 318 1760 Edidit
340 1740 379 1761 eac
402 1730 540 1769 chislri
564 1730 704 1761 Ilsartim'
727 1730 787 1761 IV.
813 1734 883 1761 toni.
903 1731 931 1768 I,
959 1732 1021 1762 ἱαηι
1044 1732 1080 1762 Χἱιι
1102 1732 1180 1762 serite
1213 1731 1428 1770 qulsbrorum
1460 1730 1612 1761 nebularii
1635 1732 1743 1760 semsi

115 1778 258 1811 Vaticani
280 1783 349 1813 lom.
366 1783 407 1811 41
430 1781 484 1819 sol.
500 1783 520 1811 4
544 1781 803 1813 cht‘enln·2mner
820 1783 1044 1813 ‘Actenstiiclrc'
1063 1794 1097 1822 2).
1115 1785 1178 1813 243
1201 1784 1340 1815 72125333,
1364 1783 1456 1813 cuius
1479 1782 1641 1812 editionem
1660 1793 1742 1820 νηφ-

108 1831 231 1862 timus&
276 1832 335 1863 Est
359 1833 402 1863 vibi
424 1833 556 1863 rubrum
578 1833 703 1865 Littcre
729 1835 992 1865 conventionales
1023 1834 1132 1865 habite
1162 1835 1247 1865 inter
1270 1834 1443 1865 Iludolfnm
1469 1833 1685 1864 Romanorum
1712 1837 1743 1863 et

109 1882 253 1914 Carolum
278 1883 385 1916 Sicilie
409 1895 502 1926 reges
526 1885 681 1916 illustres.
730 1886 778 1922 Cf.
803 1886 865 1916 iam
890 1896 989 1924 supra
1012 1886 1056 1916 αιῑ
1078 1896 1125 1916 ην.
1143 1887 1216 1916 2244.
1459 1884 1510 1924 (Ρ.
1528 1885 1635 1921 (locst.)

209 1978 363 2009 Martinus
388 1982 448 2010 etc.
473 1979 513 2010 ad
537 1980 677 2010 futuram
702 1980 749 2011 rei
772 1981 969 2012 memoriam.

209 2030 255 2070 (1)
278 2029 407 2061 Dudum
426 2041 523 2072 super
541 2031 732 2072 quibusdam
749 2032 953 2071 tractatibus,
979 2031 1244 2063 conventionibus
1269 2030 1506 2061 conditionibus
1531 2032 1627 2071 atque
1652 2031 1740 2071 pacis

107 2078 185 2111 inter
202 2081 382 2113 carissimos
406 2082 437 2113 in
457 2082 583 2113 Christo
608 2083 691 2114 filios
709 2086 837 2114 nostros
855 2083 1033 2114 Rudolfum
1050 2083 1270 2114 Romanorum
1296 2085 1328 2113 et
1345 2082 1497 2112 Oarolum
1516 2080 1624 2111 Sicilie
1645 2092 1739 2122 reges

110 2131 246 2163 illustres
269 2144 327 2175 per
342 2133 524 2165 Romanam
543 2135 717 2165 ecclesiam
743 2138 775 2166 et
792 2138 985 2166 tractatores
1011 2135 1050 2165 ab
1076 2145 1112 2165 ea
1132 2145 1229 2176 super
1253 2134 1311 2165 hoc
1330 2133 1422 2164 datos
1440 2133 1569 2170 habitis,
1595 2134 1738 2163 tractatis

108 2185 138 2213 et
160 2183 253 2215 etiam
279 2184 431 2216 ordinatis
457 2186 610 2217 nonnulla
640 2197 697 2228 per
725 2197 819 2228 reges
850 2186 980 2217 eosdem
1005 2186 1174 2227 privilegia
1204 2189 1235 2216 et
1266 2185 1372 2216 littere
1403 2188 1476 2215 sunt
1508 2184 1672 2221 confecta,
1698 2196 1737 2215 ex

107 2234 216 2274 quibus
240 2235 346 2277 aliqua
369 2247 482 2278 regum
506 2238 650 2280 ipsorum
675 2239 782 2269 aureis
814 2238 911 2269 bullis
935 2238 1077 2276 bullata,
1109 2237 1247 2279 quedam
1272 2247 1347 2267 vero
1380 2236 1481 2278 ipsius
1512 2236 1596 2276 regis
1620 2236 1739 2266 Roma-

106 2294 214 2317 norum
236 2287 342 2319 littere
368 2299 426 2320 suo
451 2290 613 2331 pendente
638 2293 711 2320 sunt
735 2300 828 2321 cereo
860 2290 965 2330 sigillo
995 2289 1127 2320 munite.
1175 2289 1244 2325 Que
1274 2287 1402 2329 quidem
1433 2287 1539 2318 onmia
1568 2287 1738 2328 privilegia

107 2339 137 2367 et
157 2336 279 2370 litteras
312 2341 419 2371 nuncii
448 2344 480 2372 et
504 2345 731 2383 procuratores
762 2352 874 2383 regum
899 2342 1043 2383 ipsorum
1075 2351 1184 2372 eorum
1214 2340 1344 2371 nomine
1374 2339 1476 2370 felicis
1506 2338 1736 2369 recordationis

107 2387 235 2421 Nicolao
270 2401 352 2433 pape
382 2392 608 2434 predecessori
639 2397 749 2425 nostro
779 2396 1047 2435 presentaverunt
1081 2395 1112 2424 et
1137 2392 1387 2433 assignaverunt
1411 2389 1551 2421 tenenda
1576 2393 1607 2420 ct
1631 2393 1735 2421 custo-

109 2439 220 2472 dienda
244 2453 301 2483 per
324 2443 429 2484 ipsum
453 2448 485 2475 et
509 2444 637 2476 demum
662 2446 866 2487 infrascripto
893 2445 986 2476 modo
1018 2444 1199 2481 reddenda,
1230 2443 1379 2474 videlicet
1403 2441 1488 2483 quod
1512 2445 1735 2482 procuratores

107 2493 266 2535 utriusque
290 2496 374 2536 regis
399 2499 544 2538 tempore
569 2497 757 2528 redditionis
782 2497 963 2528 litterarum
989 2500 1020 2527 et
1037 2495 1277 2538 privilegiorum
1296 2494 1483 2531 eorundem,
1509 2493 1631 2523 seilicet
1655 2494 1733 2523 iufra

106 2545 167 2574 tres
195 2555 337 2586 mensem,
367 2550 535 2589 postquam
569 2548 749 2580 Clementia
788 2549 852 2579 filia
883 2548 961 2579 dicti
991 2548 1076 2588 regis
1110 2547 1342 2584 Romamn-mm
1374 2545 1598 2586 desponsanda
1627 2545 1734 2585 nepoti

107 2593 179 2626 dicti
202 2598 285 2638 regis
310 2597 430 2637 Sicilie,
455 2600 531 2632 data
554 2600 639 2631 foret
664 2604 696 2631 et
720 2604 863 2642 recepta⁷
889 2610 960 2631 cum
978 2600 1074 2641 pleno
1105 2602 1137 2630 et
1154 2598 1325 2630 sufficienti
1343 2597 1493 2628 mandato
1512 2598 1733 2636 comparerent

107 2655 207 2678 coram
230 2648 296 2689 ipso
319 2651 548 2692 predecessore
574 2655 696 2692 nostro,
721 2652 836 2693 quibus
861 2652 931 2693 ipsa
956 2651 1124 2692 privilegia
1149 2654 1180 2681 et
1205 2650 1311 2680 littere
1338 2648 1557 2680 redderentur,
1583 2647 1626 2677 ita¹
1651 2646 1732 2686 qnod

202 2741 265 2770 256.
283 2743 308 2776 d)
328 2746 359 2778 pp
378 2755 414 2770 or.

204 2810 228 2842 1)
248 2811 288 2844 Cf.
307 2812 386 2838 Posse
405 2813 541 2839 ‘Analecta
564 2813 700 2839 Vaticmm’
719 2822 760 2840 νιν,
776 2817 847 2839 1032.
873 2814 926 2849 ¹('f.
947 2813 1023 2838 eliam
1046 2812 1164 2844 Ralnner,
1188 2812 1249 2844 Ιῖιῃ.
1265 2812 1324 2843 Imp.
1342 2810 1387 2841 1'1,
1406 2813 1467 2835 ΙΙΓΓ.

1481 2860 1528 2883 ψη
