2259 3164
70 743 93 762 1⁰

71 1005 92 1024 15

71 1267 94 1287 20

72 1633 94 1654 25

73 1885 96 1904 ³0

73 2146 95 2166 35

75 2528 98 2546 ⁴10

85 2812 108 2831 ⁴5

419 179 577 206 RUDOLFI
595 179 699 206 REGIS
718 179 1037 207 CONSTITUTIONES.
1075 180 1147 207 1277.
1184 180 1231 208 Nr.
1248 182 1302 208 135.
1317 183 1372 209 136.
1388 184 1442 210 137.
1693 188 1747 218 131

225 267 397 299 Serenitati
429 267 518 308 regie
554 277 624 298 cum
660 266 890 308 multiplicibus
921 268 1099 308 graciarum
1131 269 1315 300 accionibus
1344 271 1534 302 inclinamus
1563 272 1602 303 de
1633 273 1750 304 affectu

119 320 283 359 benivolo,
315 329 376 360 quo
402 329 460 350 nos
484 319 729 360 prosequimini,
763 319 853 349 cuius
877 320 1106 360 gratitudinem
1131 321 1222 352 nobis
1247 333 1305 363 per
1329 347 1360 354 ..
1385 322 1423 353 de
1448 327 1554 354 vestra
1577 324 1749 356 redeuntes

119 371 284 414 presencia
311 371 505 410 nunciastis,
534 371 565 401 in
601 381 638 402 eo
670 370 821 402 videlicet
858 371 958 412 quod,
988 372 1068 403 sicut
1098 383 1156 413 per
1187 374 1316 404 eosdem
1347 379 1455 406 nostra
1489 379 1638 417 patenter
1667 377 1750 407 auris

119 424 276 461 exhausit,
300 423 396 454 vultis
421 426 453 454 et
481 422 647 454 intenditis
671 423 761 464 pacis
785 422 899 454 federa
923 423 1089 454 nobiscum
1115 427 1279 456 contracta
1296 426 1524 458 inviolabiliter
1547 428 1750 459 observarcfl.

119 476 160 507 Et
183 475 308 517 quidem
332 485 423 506 mens
453 478 562 506 nostra
586 485 647 505 non
678 475 826 513 fluctuat,
857 474 913 506 sed
944 475 1032 506 firme
1062 476 1131 517 spei
1160 477 1298 508 anchore
1323 478 1497 509 innitentes
1522 480 1631 520 procul
1656 479 1750 510 dubio

120 527 287 566 credimus,
305 537 377 568 ymo
395 526 522 563 scimus,
541 526 626 567 quod
642 536 709 565 vos,
734 527 815 557 sicut
834 526 953 557 eisdem
971 527 1061 557 nobis
1080 528 1285 568 significastis
1304 530 1436 567 nunciis,
1462 533 1496 560 ut
1513 531 1666 562 inviolata
1684 542 1749 562 ser-

119 583 208 612 vetur
228 590 292 621 pax
309 582 341 609 et
357 578 538 617 concordia,
563 589 671 609 curam
689 578 900 619 dignabimini
912 579 924 597 ¹>
942 579 1085 610 sedulam
1105 579 1266 611 adhibere.
1306 580 1400 612 Unde
1418 581 1594 612 indubitate
1612 584 1749 613 sciencie

120 631 310 663 certitudine
334 630 487 661 noveritis
512 640 569 671 per
593 632 776 671 presentes,
807 629 893 671 quod
917 640 975 660 nos
1000 630 1134 661 eandem
1159 641 1271 672 pacem
1296 631 1435 662 studiose
1460 632 1632 664 observare
1658 644 1749 664 cura-

118 683 220 715 bimus
245 686 276 714 et
299 693 434 724 operose
466 681 634 713 intendere
665 682 828 719 volumus,
864 685 898 712 ut
927 686 1115 723 permaneat
1143 683 1341 725 incorrupta.
1377 684 1421 714 ita
1455 684 1537 725 quod
1566 685 1596 715 in
1630 685 1751 716 iuribus

120 735 275 772 omnibus,
300 734 475 766 secundum
500 733 584 775 quod
608 744 646 764 ea
669 734 770 764 nostri
794 733 1042 774 predecessores
1067 734 1098 764 in
1125 735 1189 765 suis
1215 734 1356 766 habuere
1381 735 1567 766 hominibus
1593 739 1626 766 ct
1649 738 1751 775 terris,

119 787 186 819 sine
215 786 428 818 diminucione
460 786 567 827 aliqua
598 785 859 817 conservemur&
904 785 947 816 Et
976 788 1011 816 ut
1042 788 1130 816 tanto
1159 787 1275 817 clarius
1306 787 1498 818 intencionis
1534 791 1642 820 nostre
1677 799 1751 830 pro-

117 839 253 881 positum
278 839 361 870 circa
387 838 476 880 pacis
500 837 742 869 observanciam
770 838 860 868 vobis
890 837 1074 869 evidencius
1099 839 1273 878 enitescat,
1303 849 1376 870 ecce
1406 840 1544 881 petimus
1576 843 1611 871 ut
1634 841 1749 871 vestris

118 901 228 932 rogare
248 890 442 932 dignemini⁰
459 889 573 921 litteris
590 890 750 931 principes
767 893 892 921 vestros
917 913 923 920 .
942 914 947 920 .
972 893 1003 920 et
1027 890 1110 921 tales
1135 893 1167 921 et
1189 900 1246 921 nos
1264 890 1425 922 dominum
1450 917 1456 923 .
1475 917 1480 923 .
1507 891 1751 924 Olomucensem

119 943 301 985 episcopum
326 942 537 983 requiremus,
570 945 604 972 ut
627 942 696 983 ipse
730 941 805 972 illuc
829 942 938 973 venire
963 941 1097 981 debeat,
1129 941 1211 983 quod
1246 953 1304 984 per
1328 943 1465 974 cundem
1493 944 1531 974 ad
1557 944 1752 975 invencionis

119 994 256 1026 discrete
278 994 409 1025 formam
432 993 554 1035 prefate
576 994 665 1035 pacis
690 996 721 1024 et
739 993 908 1024 concordie
926 993 1087 1024 vinculum
1113 994 1259 1025 striccius
1284 997 1316 1025 et
1333 995 1526 1027 firmioribus
1552 996 1751 1027 stabiliatui·‘¹

117 1045 238 1077 roboris
262 1046 425 1087 ligaturis,
455 1048 610 1087 quatenus
641 1046 685 1076 sic
719 1045 862 1076 stabilita
891 1045 1044 1087 deinceps
1074 1045 1305 1077 indissolubilis
1335 1050 1463 1078 maneat
1494 1051 1525 1078 et
1549 1048 1663 1079 exinde
1687 1052 1751 1079 tam

118 1097 207 1129 vobis
232 1108 326 1140 quam
350 1098 441 1129 nobis
466 1098 556 1139 quies
588 1096 640 1139 [etl
671 1098 885 1139 tranquillitas
916 1097 1025 1128 ociosa
1049 1097 1251 1139 eonsurgaffl.
1297 1098 1391 1134 Quod
1417 1099 1441 1130 si
1466 1099 1580 1140 aliquis
1609 1099 1648 1131 de
1680 1111 1751 1141 pre-

118 1148 189 1180 fatis
204 1149 400 1191 principibus
419 1148 458 1180 ad
482 1159 539 1180 nos
564 1149 674 1180 venire
701 1149 768 1180 sine
788 1148 968 1180 securitatis
995 1149 1121 1180 cautela
1136 1149 1270 1180 forsitan
1295 1150 1467 1191 tytubarct,
1492 1161 1549 1181 nos
1574 1162 1613 1182 ne
1638 1152 1748 1183 huius-

118 1200 201 1232 modi
224 1201 402 1233 retardetur
426 1201 609 1242 negocium,
642 1200 746 1232 eidem
770 1201 899 1243 plenam
924 1201 1132 1232 securitatem
1164 1201 1396 1243 prestabimus,
1427 1206 1461 1233 ut
1489 1203 1528 1233 ad
1560 1213 1616 1234 nos
1642 1204 1751 1235 venire

119 1256 213 1295 atque
247 1264 267 1284 a
299 1253 391 1284 nobis
426 1252 594 1285 discedere
624 1253 747 1291 valeat,
781 1253 878 1284 salvis
907 1256 939 1283 et
969 1253 1090 1284 securis
1120 1253 1189 1284 cius
1219 1253 1313 1285 rebus
1339 1257 1371 1285 et
1402 1254 1503 1295 ipsum
1529 1255 1752 1286 comitancium

118 1305 263 1337 omnibus
287 1308 319 1337 et
342 1305 499 1347 personis.

219 1425 293 1457 136.
323 1424 548 1457 EPISTOLA
572 1425 785 1457 RUDOLFI
804 1425 948 1457 REGIS
973 1425 1217 1457 OTTOKARO
1242 1426 1391 1458 MJSSA.
1438 1426 1536 1467 (Mai.
1562 1427 1651 1466 Iun.)

221 1486 352 1518 Praebet
381 1487 465 1518 solus
494 1487 588 1518 coclea*
620 1487 812 1517 Treve‘rensz's
835 1486 861 1517 T
884 1497 932 1517 φιν.
949 1488 1026 1524 213,
1061 1487 1097 1517 de
1126 1497 1185 1526 quo
1208 1497 1235 1518 v.
1258 1497 1357 1527 supra
1379 1486 1422 1517 ad
1443 1497 1492 1518 nr.
1515 1488 1657 1518 14—115.
1704 1486 1752 1517 De

119 1541 246 1578 tempore
269 1539 308 1577 cf.
332 1539 463 1579 Reqesta
489 1539 618 1578 imperii.
645 1558 685 1562 -
709 1539 854 1576 Βῦῖιηιεν,
878 1539 952 1579 Rey.
972 1539 1043 1577 imp.
1068 1538 1122 1576 VI,
1139 1539 1208 1570 789.
1461 1538 1514 1578 (P.
1538 1539 1645 1577 deest.)

222 1616 378 1648 Memoria
401 1620 508 1648 nostra
532 1628 595 1648 non
621 1617 746 1655 recolit,
777 1627 890 1648 sensus
921 1619 953 1648 et
978 1616 1062 1647 racio
1087 1626 1149 1647 non
1174 1616 1322 1647 concedit
1347 1619 1378 1647 et
1402 1616 1521 1657 regalis
1547 1616 1750 1648 consciencie

120 1668 235 1700 veritas
264 1679 327 1700 non
356 1668 510 1709 admittit,
545 1668 628 1710 quod
658 1679 808 1710 umquam
841 1669 872 1699 in
901 1679 954 1699 cor
983 1672 1127 1699 nostrum
1156 1667 1352 1707 ascenderit,
1382 1668 1600 1699 venerabilem
1625 1668 1750 1709 t(alem)

121 1720 314 1763 episcopum,
340 1745 371 1753 ..
395 1721 611 1762 lantgravium
636 1721 770 1760 t(alem)‚
796 1721 877 1751 alios
902 1720 1112 1751 arbitratores
1136 1723 1261 1751 nostros
1286 1730 1398 1750 versus
1422 1719 1561 1761 Pragam
1590 1721 1641 1751 vel
1672 1720 1750 1751 alias

120 1771 152 1802 in
174 1775 228 1802 tua
252 1772 412 1803 domicilia
436 1772 607 1804 destinare.
654 1772 790 1813 Propter
813 1772 897 1813 quod
927 1772 1115 1803 nunciorum
1147 1776 1273 1802 tuorum
1297 1771 1401 1812 t(alis)
1431 1775 1462 1802 et
1491 1772 1592 1812 t(alis)
1617 1771 1751 1813 probata

120 1823 264 1865 legalitas
287 1835 350 1855 non
373 1825 540 1867 permittit,
564 1828 599 1855 ut
622 1824 661 1855 de
686 1825 764 1866 ipsis
789 1825 895 1866 aliquo
920 1824 1014 1855 modo
1039 1825 1250 1866 suspicemur,
1275 1823 1359 1864 quod
1385 1823 1445 1865 ipsi
1463 1823 1570 1865 aliqua
1587 1827 1749 1864 tamquam

120 1874 158 1906 ab
182 1886 234 1907 ore
257 1880 364 1907 nostro
389 1877 515 1918 prolata
538 1877 589 1907 vel
614 1877 716 1907 eciam
741 1887 800 1918 per
823 1880 947 1907 nostros
971 1876 1163 1907 mediatores
1187 1876 1344 1917 promissa
1370 1875 1431 1905 tuis
1457 1875 1588 1906 auribus
1613 1875 1748 1905 instilla-

119 1930 197 1959 rent.
236 1927 355 1959 Verum
380 1929 454 1970 quia
477 1929 586 1960 littera
610 1932 664 1959 tua
688 1929 840 1967 continet,
865 1932 895 1959 te
921 1929 959 1960 de
985 1930 1054 1960 loco
1080 1932 1112 1959 et
1135 1929 1291 1967 termino,
1324 1928 1378 1958 ubi
1402 1927 1611 1959 arbitratores
1636 1928 1748 1958 utrim-

121 1989 180 2020 que
197 1980 398 2019 conveniant,
423 1981 506 2012 velle
524 1980 763 2012 deliberacione
781 1992 878 2022 super
895 1981 955 2012 hoc
971 1981 1128 2022 premissa
1145 1980 1328 2022 disponere.
1354 1979 1556 2021 postmodum
1575 1979 1750 2018 declarare,

119 2030 361 2063 deliberacionis
399 2035 453 2064 tue
489 2032 655 2063 formulam
689 2043 785 2073 super
820 2033 880 2063 hoc
918 2043 987 2064 cum
1019 2032 1185 2074 paciencia
1213 2032 1445 2072 prestolamur,
1481 2031 1650 2062 offerentes
1688 2042 1745 2062 nos

120 2081 281 2114 ultroneos
306 2086 339 2114 et
361 2087 502 2125 paratos,
527 2084 655 2125 t(alem)
686 2087 717 2115 et
741 2084 867 2125 t(alem)
892 2094 949 2125 pro
975 2083 1202 2115 consolidando
1232 2084 1316 2114 inter
1343 2093 1400 2113 nos
1430 2082 1599 2114 concordie
1623 2083 1749 2114 vinculo

121 2133 262 2166 firmioris
286 2135 324 2166 ad
348 2136 455 2167 locum
480 2138 512 2167 et
535 2136 707 2167 terminum
731 2135 870 2177 dirigere
895 2139 1144 2177 competentem.

267 2281 340 2314 137.
364 2281 587 2313 EPISTOLA
611 2281 823 2314 RUDOLFI
843 2281 988 2313 REGIS
1008 2281 1074 2312 AD
1100 2280 1395 2313 OTTOKARUM.
1442 2281 1518 2320 (Iul.
1545 2282 1600 2317 in.)

226 2342 375 2374 Servatur
402 2344 436 2374 in
463 2342 525 2374 solo
555 2343 580 2374 Τ
609 2354 657 2374 nr.
681 2345 731 2375 31.
777 2342 826 2374 Dc
849 2346 980 2382 tempore
1011 2345 1039 2373 et
1067 2344 1188 2374 maone
1211 2353 1236 2372 v.
1261 2341 1401 2381 Reyesm..
1434 2361 1470 2363 —
1501 2341 1651 2379 Balaam,
1676 2340 1749 2381 Rea.

121 2393 192 2433 imp.
213 2392 266 2432 VI,
283 2395 354 2427 817.
1459 2393 1511 2433 (P.
1537 2393 1643 2432 deest.)

226 2462 321 2494 quta
344 2464 426 2505 quod
451 2464 529 2496 alias
554 2465 611 2496 tibi
635 2476 692 2507 per
716 2465 838 2496 litteras
868 2468 993 2495 nostras
1024 2464 1200 2494 insinuasse
1225 2463 1442 2498 nmminimus.
1475 2463 1519 2493 sic
1549 2463 1663 2493 iterato
1695 2466 1747 2491 tuc

124 2514 237 2545 noticie
272 2515 487 2554 declaramus,
524 2517 606 2558 quod
644 2528 701 2548 nos
738 2527 793 2558 pro
829 2516 1041 2558 concipiendo
1073 2516 1155 2546 inter
1184 2526 1240 2545 nos
1272 2518 1303 2545 et
1331 2518 1361 2545 te
1391 2514 1475 2545 finali
1498 2514 1653 2544 solidioris
1676 2524 1747 2543 con-

124 2565 227 2597 cordie
252 2568 501 2609 conplemento2
526 2568 741 2599 venerabilem
767 2568 804 2600 B.
828 2568 1099 2609 IIcrbipolenscm
1129 2567 1314 2608 episcopum
1340 2569 1371 2597 et
1404 2566 1559 2596 illustrem
1589 2565 1630 2596 H.
1656 2565 1745 2595 land-

125 2618 267 2657 gravium
293 2619 409 2651 Hassie
436 2620 597 2662 principes
621 2620 660 2651 ad
685 2623 827 2651 nostram
858 2621 920 2650 iam
953 2619 1071 2651 dudum
1102 2619 1302 2661 presenciam
1334 2618 1472 2648 finaliter
1500 2617 1648 2647 duximus
1673 2628 1746 2647 evo-

224 2695 286 2722 135·
306 2696 328 2730 ⁹⁴)
347 2699 474 2723 observari
495 2699 522 2723 P.
623 2698 645 2729 b)
664 2699 810 2731 dignabitur
836 2698 861 2722 Γ.
877 2698 909 2722 K.
925 2698 954 2722 Γ.
1056 2698 1078 2728 e)
1098 2698 1217 2728 dignu-tm·
1243 2697 1267 2720 Γ.
1284 2696 1315 2720 lx'.
1332 2697 1358 2720 I'.
1459 2694 1483 2725 d)
1503 2695 1645 2719 stabilitati<
1673 2694 1696 2717 Γ.
1715 2694 1745 2718 J':

125 2739 254 2765 stabiliatis
272 2741 305 2766 K.

226 2799 250 2831 1)
274 2800 302 2825 V.
320 2801 396 2836 infra
414 2810 455 2829 mu
470 2806 515 2827 1:39
532 2810 552 2830 c⁴
571 2806 587 2827 1.
674 2802 700 2833 2)
724 2801 750 2827 V.
771 2809 854 2833 supra
872 2809 913 2826 sur.
931 2804 979 2826 125),
1002 2803 1047 2826 130
1065 2808 1083 2825 c.
1103 2804 1127 2825 1:2¹
1147 2801 1168 2823 ι’(
1189 2799 1263 2831 infra
1282 2806 1322 2824 ar.
1339 2803 1390 2823 [ὅτι.

1498 2848 1540 2872 17·-
