2259 3164
93 789 114 808 10

94 1048 115 1066 15

93 1308 116 1328 20

96 1926 119 1944 30

98 2218 120 2236 35

100 2479 123 2496 40

494 208 649 234 RUDOLFI
671 207 775 235 REGI&
795 210 1114 237 CONs'rl'rUTwNEs.
1152 212 1224 237 1274.
1264 213 1306 238 Nr.
1320 213 1360 238 67.
1374 214 1413 238 «58.
1727 215 1766 245 57

134 295 331 336 prt've‘leyc'zmz
359 296 439 334 reye's
466 296 567 326 eodem
594 296 644 326 die
675 307 861 333 eoremssmn,
899 297 966 335 lisy.
988 298 1057 336 imp.
1081 298 1134 329 VI.
1151 299 1206 327 1114
1235 302 1262 328 el
1286 299 1405 329 [illm-as
1428 300 1469 329 (ιιΙ
1491 300 1663 338 episcopani
1686 300 1766 331 Sals-

140 349 315 387 burycnscm
340 348 431 378 1273.
455 347 517 378 Iul.
535 349 564 378 4.
591 347 678 385 infra
701 347 843 385 edendas,
874 347 942 386 li’cgJ.
962 349 1032 388 imp.
1054 349 1105 385 J'I,
1120 349 1190 379 931.
1216 369 1253 372 ·--
1283 351 1420 387 ΙῖίιἸιηιρν,
1450 351 1516 389 lay.
1537 351 1606 389 imp.
1632 351 1682 389 VI,
1698 353 1766 382 193.

1498 402 1551 441 (Ρ.
1574 404 1661 441 395.)

246 467 402 499 Rudolfus
419 468 480 498 Dei
510 468 618 509 gracia
634 468 851 499 Romanorum
877 480 933 499 rex
952 480 1080 510 semper
1096 472 1250 510 augustus
1275 469 1422 500 fidelibus
1447 474 1476 500 ct
1501 470 1625 501 dilectis
1651 472 1765 501 nostris

142 521 339 563 principibus
369 520 561 559 F(riderico)
594 519 821 560 Salzburgensi
851 521 1106 562 archiepiscopo,
1140 521 1270 559 L(e0ni)
1300 520 1543 561 Ratispsmcnsis
1574 526 1606 552 et
1640 522 1765 561 l'(etro)

141 572 344 603 Pataviensis
369 571 578 602 ecclesiarum
603 571 763 613 episcopis
787 573 929 613 graciam
956 583 1044 603 suam
1069 576 1101 603 et
1125 583 1218 603 omne
1244 572 1370 602 bonum.
1754 561 1757 563 ⁵

246 623 422 664 Postquam
452 626 559 654 vestre
592 622 778 653 devocionis
812 623 968 664 obsequia
999 624 1139 654 manuali
1173 624 1321 664 homagio
1355 624 1447 654 nobis
1477 625 1560 654 facto
1595 624 1767 656 liberaliter

141 675 302 706 obtulistis
338 678 446 705 nostre
476 675 566 715 regie
598 675 762 705 maiestati
790 685 827 705 ac
855 686 872 705 a
901 675 993 705 nobis
1024 676 1092 706 iura
1121 679 1298 706 nostrorum
1332 676 1486 716 regalium
1523 676 1612 706 iuxta
1647 687 1764 707 morem

140 726 276 758 Romani
300 726 425 767 imperii
450 726 646 767 suscepistis,
672 726 848 757 deliberate
874 727 1090 768 concepimus,
1115 731 1148 757 ut
1172 727 1203 757 iu
1228 727 1317 757 vobis
1343 730 1449 757 nostra
1473 727 1608 758 consilia
1633 727 1764 758 fiducia-

141 779 211 810 liter
235 778 441 818 requiescant
464 780 637 819 nostraque
663 778 798 819 negocia
823 779 974 815 maxime,
1004 789 1064 819 que
1094 789 1111 808 a
1140 779 1231 809 nobis
1261 779 1473 820 personaliter
1497 780 1562 819 geri
1588 784 1763 820 noqueunt,

140 833 245 861 vestre
271 829 449 860 indubitate
474 829 548 860 fidei
568 829 817 860 committantur.
857 829 940 860 Sane
965 840 1036 860 cum
1061 841 1116 871 pro
1134 830 1363 860 reformat-ione
1381 830 1515 860 Romani
1537 830 1659 871 imperii
1685 834 1766 861 trac-

141 885 226 912 tatus
243 881 322 911 varii
346 886 378 911 et
402 880 519 911 diversi
543 891 613 911 cum
639 881 767 912 diverse
785 881 978 912 condicionis
996 881 1179 912 hominibus
1198 882 1380 912 necessario
1399 882 1461 912 sint
1478 881 1627 917 habendi,
1652 882 1765 923 quibus

141 933 286 964 omnibus
311 936 441 974 propter
463 932 606 963 locorum
630 932 800 963 distancias
825 936 857 963 et
880 933 987 974 plures
1010 933 1259 974 importunitates
1284 933 1373 971 alias,
1399 943 1478 973 quas
1496 937 1668 974 portamus,
1695 944 1766 974 per-

141 985 292 1016 sonaliter
314 995 378 1015 non
402 993 574 1026 possumus
598 985 766 1021 interesse,
791 984 880 1015 vobis
905 989 935 1015 et
960 985 1089 1015 cuilibet
1106 989 1246 1015 vestrum
1272 985 1301 1014 in
1328 984 1460 1015 solidum
1488 984 1711 1014 committimus
1737 987 1769 1014 et

143 1036 371 1068 committendo
396 1036 590 1078 precipimus
618 1047 676 1078 per
706 1040 890 1077 presentes,
926 1040 1082 1077 quatenus
1112 1047 1182 1067 cum
1210 1036 1400 1073 baronibus,
1437 1035 1618 1071 comitibus,
1649 1035 1767 1073 liberis,

143 1087 422 1125 ministerialibus,
448 1087 614 1127 militibus,
639 1087 761 1119 civibus
787 1091 818 1118 et
843 1087 1143 1118 communitatibus³
1169 1087 1334 1117 civitatum
1360 1090 1462 1117 vestre
1487 1087 1648 1127 provincie
1674 1097 1769 1127 super

143 1140 218 1178 hiis,
252 1151 314 1181 que
349 1139 387 1170 ad
421 1139 592 1170 utilitatem
629 1143 662 1171 et
693 1139 956 1170 reformacionem
984 1140 1109 1181 imperii
1137 1148 1261 1169 necnon
1290 1138 1330 1168 ad
1360 1137 1526 1168 comodum
1556 1140 1588 1168 et
1616 1138 1768 1168 honorem

142 1202 266 1229 eorum,
297 1191 351 1232 qui
374 1191 539 1222 vobiscum
571 1190 609 1221 de
635 1190 815 1221 huiusmodi
849 1190 1088 1231 colloquentur,
1117 1193 1269 1231 poterunt
1299 1189 1478 1230 pertinere,
1509 1189 1660 1229 quociens
1689 1189 1766 1219 utile

143 1243 231 1274 vobis
255 1243 358 1274 visum
382 1242 491 1281 fuerit,
521 1246 629 1273 nostro
654 1246 685 1273 et
709 1242 845 1273 Romani
870 1242 995 1284 imperii
1019 1242 1146 1272 nomine
1172 1241 1354 1278 conferatis,
1381 1240 1533 1277 tractetis⁷
1563 1240 1712 1270 statuatis
1738 1243 1769 1270 et

144 1294 312 1332 ordinetis,
335 1298 429 1336 prout
452 1294 544 1325 vobis
568 1294 767 1335 suggesserit
790 1293 869 1324 fides
895 1298 1010 1324 vestra.
1056 1293 1121 1323 Nos
1146 1293 1247 1323 eciam
1272 1292 1330 1322 sub
1355 1291 1514 1333 presentis
1540 1291 1648 1332 scripti
1673 1291 1765 1321 testi-

142 1347 247 1377 monio
273 1350 305 1377 et
328 1346 416 1387 regie
440 1346 619 1377 maiestatis
644 1347 765 1376 honore
791 1345 1004 1386 promittimus
1028 1355 1085 1375 nos
1110 1347 1229 1383 ratum,
1259 1346 1383 1383 gratum
1408 1346 1439 1373 et
1462 1343 1586 1373 firmum
1611 1344 1768 1383 perpetuo

142 1397 321 1436 habituros,
345 1397 495 1439 quicquid
520 1407 578 1438 per
602 1407 657 1427 vos
683 1397 732 1427 vel
756 1407 854 1427 unum
878 1407 919 1427 ex
944 1396 1033 1426 vobis
1065 1400 1174 1426 nostro
1199 1395 1327 1425 nomine
1351 1394 1480 1431 dictum,
1505 1398 1609 1424 actum
1634 1393 1767 1434 promis-

144 1459 254 1479 sumve
278 1448 375 1479 fuerit
399 1449 509 1490 previa
533 1449 660 1479 racione
686 1449 864 1489 cuicunque
888 1459 1023 1489 persone
1050 1448 1098 1478 vel
1123 1448 1190 1477 loco
1218 1447 1248 1476 in
1267 1450 1372 1477 vestra
1396 1445 1558 1486 provincia
1583 1445 1767 1476 constituto.

142 1499 180 1531 In
203 1500 292 1530 cuius
317 1500 363 1531 rei
387 1500 603 1531 testimonium
621 1504 789 1542 presentes
808 1500 895 1530 vobis
921 1499 1032 1530 damus
1057 1499 1179 1529 litteras
1204 1497 1382 1528 maiestatis
1400 1500 1507 1527 nostre
1533 1496 1629 1536 sigilli
1656 1495 1768 1526 robore

94 1566 104 1577 -ι
144 1552 364 1582 communitas.

248 1603 322 1634 Dat.
353 1604 383 1634 in
415 1603 598 1644 Hagenaw,
634 1614 716 1634 anno
750 1602 879 1633 Domini
916 1602 1082 1632 millesimo
1115 1601 1333 1632 ducentesimo
1371 1599 1608 1640 septuagesimo
1645 1601 1768 1640 quarto,

142 1654 185 1686 II.
203 1654 284 1686 Non.
308 1655 456 1696 Augusti,
481 1654 655 1685 indictione
679 1654 829 1693 secunda,
855 1655 944 1695 regui
970 1655 1068 1684 nostri
1092 1664 1173 1683 anno
1199 1653 1310 1694 primo.

573 1800 627 1832 68.
656 1800 980 1832 IURAMENTUM
1003 1797 1342 1830 EPLS'COPORUM.

251 1862 463 1901 Adimzye'mzts
475 1861 533 1898 hic,
551 1861 627 1900 quia
643 1861 685 1891 ad
694 1860 821 1891 candem
834 1860 982 1899 νιζιιαῖίιωη
1000 1859 1218 1890 concessionem
1234 1860 1370 1896 spectare
1385 1856 1514 1891 ridetur,
1532 1856 1665 1892 sormam
1684 1855 1769 1884 ἱιινα-

144 1914 238 1944 menti
258 1914 294 1944 (le
310 1913 449 1953 homagyio
469 1924 489 1943 α
511 1913 694 1952 quibusdmn
717 1913 866 1951 episcopis
877 1912 1037 1951 praestito.
1056 1911 1144 1940 cuias
1160 1910 1253 1940 etiam
1278 1909 1309 1938 in
1332 1919 1380 1938 nr.
1398 1910 1438 1937 (1¹7
1455 1907 1565 1937 mentio
1581 1908 1627 1945 sit.
1658 1906 1771 1943 Super-

146 1967 189 1994 est
213 1965 245 1995 in
267 1964 328 1995 solo
353 1964 379 1996 O
404 1965 503 1996 codiee
523 1964 726 1995 ottoboniano
749 1964 846 1999 2115,
877 1963 912 1993 dc
935 1973 994 2001 quo
1019 1973 1043 1993 ι’.
1066 1972 1163 2001 snpra
1186 1961 1228 1990 ml
1251 1971 1299 1990 nr.
1318 1960 1451 1994 14—10,
1474 1958 1526 1995 sol.
1548 1960 1606 1988 ms·
1629 1967 1675 1987 ur.
1701 1958 1772 1993 2102),

145 2026 233 2055 quem
256 2017 355 2047 denuo
378 2016 573 2048 contulimus.
607 2016 655 2047 De
679 2019 809 2054 {empore
832 2018 858 2045 cl
882 2014 1029 2046 relatione
1052 2024 1076 2044 r.
1095 2013 1235 2043 ‘l'Viener
1251 2010 1527 2048 Bricssammlemy'
1544 2020 1578 2047 p.
1594 2008 1634 2037 :34
1657 2018 1705 2038 ur.
1722 2009 1772 2038 24.

149 2068 195 2106 Cf.
217 2067 360 2106 Bo'hmer,
384 2068 458 2108 Refs.
475 2069 549 2108 hup.
569 2068 621 2106 VJ,
637 2070 706 2099 193,
1486 2061 1538 2101 (P.
1563 2060 1667 2098 deest.)

252 2154 332 2186 Post
356 2155 528 2196 recognita,
553 2155 670 2185 tradita
695 2157 726 2185 et
743 2164 897 2184 concessa
922 2152 1084 2183 etiterum
1103 2151 1254 2180 innovata
1279 2160 1335 2190 per
1351 2148 1491 2189 regalem
1510 2150 1646 2177 vestram
1671 2144 1772 2175 muni-

148 2207 311 2238 ficenciam
335 2206 425 2237 nobis
449 2210 481 2237 et
505 2207 622 2237 nostris
647 2206 792 2237 ecclesiis
818 2205 872 2235 illa
896 2205 974 2242 iura⁷
999 2214 1060 2244 quc
1085 2213 1102 2232 a
1127 2201 1271 2232 Romano
1297 2200 1438 2241 imperio.
1464 2198 1576 2228 vestris
1602 2196 1771 2238 predeces-

148 2259 271 2290 soribus
296 2262 327 2289 et
351 2269 369 2289 a
393 2259 484 2289 vobis
509 2259 641 2300 pacifice
665 2257 885 2299 possidemus,
911 2255 1046 2286 racionis
1072 2254 1182 2284 debito
1207 2252 1366 2283 credimus
1392 2250 1578 2284 convenire,
1605 2252 1638 2278 ut
1662 2251 1693 2277 et
1716 2258 1772 2277 nos

149 2310 239 2341 vobis
264 2314 297 2341 et
319 2310 463 2352 predicto
489 2311 623 2352 imperio
645 2310 822 2341 liberaliter
847 2307 1070 2349 impendamus
1095 2305 1193 2335 debiti
1213 2304 1383 2334 famulatus
1401 2304 1548 2332 honores.
1582 2299 1647 2329 Nos
1666 2299 1771 2338 itaque

150 2362 207 2392 sub
231 2363 433 2403 presencium
460 2363 641 2393 testimonio
667 2366 698 2392 et
724 2361 877 2401 religione
904 2357 1128 2389 iurisiurandi-‘²
1152 2356 1363 2397 promittimus
1394 2358 1424 2384 ct
1449 2354 1603 2388 iuramus,
1634 2349 1716 2391 quod
1741 2349 1772 2378 iu

149 2414 295 2444 omnibus
325 2417 357 2445 et
387 2415 536 2455 singulis,
567 2414 607 2445 ad
639 2424 699 2455 que
731 2413 852 2454 prestiti
884 2411 973 2441 vobis
1005 2410 1128 2439 racione
1154 2407 1293 2446 homagii
1323 2410 1376 2436 aut
1407 2416 1446 2435 cx
1471 2403 1575 2434 debito
1601 2401 1771 2432 vus-allatus

150 2464 294 2496 Romano
318 2470 465 2497 tenemur
489 2466 621 2507 imperio
646 2468 742 2506 atquc
768 2464 867 2497 vobis,
895 2463 924 2493 in
949 2462 1033 2492 omni
1058 2460 1229 2490 devocione
1254 2457 1366 2488 fideles
1384 2460 1538 2497 perpetuo
1555 2454 1773 2495 persistemus.

149 2517 340 2548 utilitatibus
365 2518 479 2548 vestris
505 2522 536 2548 et
560 2517 683 2558 imperii
709 2515 875 2546 intendere
901 2514 1045 2543 volumus
1071 2515 1101 2542 et
1126 2510 1303 2551 dispendia,
1330 2509 1359 2538 in
1385 2511 1537 2548 quantum
1564 2505 1674 2535 nobisb
1698 2514 1771 2544 pos-

150 2567 241 2599 sibile
266 2568 371 2607 fuerit,
397 2569 482 2600 omni
505 2569 575 2599 loco
601 2572 633 2599 et
657 2572 799 2608 tempore
824 2576 1005 2607 pres-uvore.

252 2766 297 2792 67.
317 2766 340 2799 ³)
360 2767 496 2792 cffitatibus
514 2776 551 2792 or.

254 2826 300 2852 68.
321 2826 343 2860 a)
363 2827 505 2852 iusiurandi
527 2828 553 2851 Ο.
642 2826 666 2857 b)
687 2826 757 2850 vobis
780 2826 807 2848 0.
836 2839 838 2844 ·

255 2887 290 2904 LL.
305 2886 516 2905 CONSTlTUTlohES
536 2886 568 2904 111.
