2259 3164
92 741 115 760 10

91 1002 113 1021 1⁵

92 1407 116 1426 20

93 1719 116 1738 25

97 1976 120 1995 30

97 2237 120 2256 ³5

98 2493 122 2512 40

101 2798 125 2818 45

471 181 626 208 RUDOLFI
646 182 751 209 REGIS
770 184 1088 214 CONSTITUTIONES.
1125 190 1197 216 1276.
1234 192 1279 217 Nr.
1295 193 1349 218 119.
1367 194 1419 219 120.
1698 198 1752 226 113

142 267 226 298 orbis
255 270 340 298 terre
370 268 500 309 speciali
524 273 758 310 prosequentes
791 272 906 302 affectu
944 284 1118 315 magnoque
1155 276 1314 308 desiderio
1350 281 1529 320 cupientes,
1563 285 1596 311 ut
1629 282 1657 311 in
1693 282 1753 312 tuis

141 319 290 361 operibus
307 319 403 350 nichil
421 320 672 361 reprehensibile
690 322 797 353 valcat
814 324 924 364 quovis
942 325 1034 355 modo
1053 328 1162 359 notari.
1187 332 1235 359 set
1258 334 1291 359 ut
1313 341 1349 361 ea
1367 332 1470 372 potius
1494 332 1533 362 ad
1550 333 1676 363 laudeni
1692 332 1753 364 Dei

141 373 228 401 tuum
251 380 378 411 semper
394 371 544 402 honorem
561 372 741 412 adaugeant
764 377 794 404 et
811 375 955 411 salutem,
981 377 1200 409 celsitudinem
1220 381 1338 420 regiam
1356 392 1529 422 monemus,
1555 394 1703 424 rogamus
1722 388 1753 415 ct

141 421 347 453 exhortamur
370 422 401 452 in
419 422 546 453 domino
563 423 638 454 Iesu
656 424 792 463 Christo,
809 430 965 466 quatenus
983 428 1154 469 diligenter
1170 432 1349 469 attendens,
1374 434 1453 474 quod
1472 435 1627 475 premissa
1644 439 1754 465 contra

140 474 350 504 iuramentum
374 478 447 505 ate
475 475 642 516 prestitum
671 476 785 517 prefati
809 479 910 508 nuntii
940 480 985 509 tui
1018 481 1109 511 nimis
1142 481 1315 522 improvide
1347 488 1589 525 attemptarnnt,
1621 487 1697 528 ipsis
1723 490 1754 517 et

140 525 332 567 quibuslibet
364 526 434 556 aliis
459 526 563 557 missis
588 526 721 558 forsitan
745 532 777 559 et
793 529 1002 570 imposterum
1020 531 1215 564 destinandis
1233 534 1374 565 districte
1400 537 1555 576 iniungas,
1581 541 1613 567 ut
1631 538 1754 568 cautius

140 587 174 608 se
203 580 353 618 gerentes
383 580 582 620 agentesque
617 579 806 620 prudentius
843 581 959 612 similia
993 594 1054 613 non
1089 589 1273 625 presumant
1302 590 1333 617 et
1364 587 1402 617 dc
1435 576 1527 618 terris
1559 589 1694 619 ecclesie
1718 600 1754 619 ae

140 629 321 671 specialiter
350 629 389 660 de
421 630 555 671 prefatis
580 630 767 662 Exarchatu
795 636 890 674 atque
914 633 1082 676 Pentapoli
1107 647 1140 666 se
1165 637 1297 667 ulterius
1322 638 1503 669 nullatenus
1527 640 1754 673 intromittant:

140 681 236 711 immo
259 681 365 722 potius
390 682 671 713 communitatibus
697 684 886 725 supradictis
911 696 968 727 per
992 690 1138 727 patentes
1163 688 1283 719 litteras
1301 690 1415 729 regias,
1440 690 1553 720 dilecto
1578 692 1641 721 filio
1666 692 1754 721 fratri

141 731 369 763 Bartholomeo
393 733 432 764 de
456 733 585 765 Amelia
609 734 726 765 ordinis
750 735 906 766 Minorum
931 737 1022 768 latori
1046 739 1258 779 presentium,
1284 744 1389 770 nostro
1413 744 1445 771 et
1468 742 1553 772 sedis
1578 743 1753 783 apostolice

140 784 266 822 nuntio,
297 787 405 815 nostro
434 785 561 816 nomine
591 787 798 827 assignandas
828 787 1035 827 denuntians,
1066 790 1207 831 predicta
1234 792 1412 822 iuramenta
1443 796 1571 833 recepta
1594 794 1692 823 fuisse
1716 792 1754 823 ab

141 836 221 877 ipsis
253 837 531 868 communitatibus
556 848 612 878 per
636 849 774 869 errorem
806 850 865 870 nec
893 843 924 870 te
956 844 1055 871 ratam
1080 842 1230 873 habuisse
1260 844 1477 885 receptionem
1501 844 1681 874 huiusmodi
1705 845 1754 874 vel

140 887 275 927 habere,
310 887 482 929 diligenter
515 889 692 920 exhorteris
727 891 873 929 easdem,
908 895 942 922 ut
971 892 1029 923 hoc
1058 903 1257 935 nequaquam
1291 895 1437 925 obstante
1467 895 1556 925 nobis
1585 899 1615 926 ct
1639 895 1756 925 nuntiis

140 939 255 970 nostris
278 939 421 980 plenarie
445 939 596 971 obediant
626 944 658 971 et
686 942 853 973 intendant
876 954 935 974 nec
960 944 1085 985 aliquod
1109 946 1369 987 impedimentum
1394 950 1537 987 prestare
1560 950 1755 987 presumant,

142 991 309 1032 quominus
333 990 372 1022 de
397 991 485 1033 ipsis,
510 996 604 1034 prout
628 993 666 1023 ad
692 1004 749 1024 nos
773 995 911 1036 pertinet
936 998 967 1026 et
990 995 1029 1026 de
1054 997 1183 1027 consilio
1208 997 1339 1028 fratrum
1356 1001 1536 1028 nostrorum
1554 998 1755 1035 intendimus,

141 1041 240 1074 libere
269 1042 485 1084 disponamus.
523 1044 680 1076 Volumus
709 1056 832 1086 quoque
861 1049 893 1076 et
921 1047 1078 1078 instanter
1105 1049 1261 1089 petimus,
1290 1053 1324 1079 ut
1356 1060 1416 1079 non
1446 1049 1608 1090 ingeratur
1638 1050 1669 1079 in
1698 1049 1756 1079 hac

141 1096 231 1136 parte
256 1093 377 1134 dilatio,
400 1097 436 1125 ut
459 1096 572 1127 saltem
596 1097 656 1127 hac
680 1097 748 1128 vice
772 1098 954 1138 apostolicis
979 1098 1189 1140 beneplacitis
1213 1099 1355 1131 satisfiat.

244 1153 318 1186 Dat.
344 1154 489 1193 Viterbii,
513 1155 603 1188 XVI.
620 1155 783 1188 Kalendas
808 1157 1003 1196 Decembris,
1028 1159 1231 1200 pontificatus
1255 1159 1354 1190 nostri
1379 1170 1461 1190 anno
1486 1159 1594 1200 primo.

448 1327 522 1359 1⁶30.
546 1328 771 1360 EPISTOLA
794 1329 977 1359 ALTERA
1005 1328 1269 1360 PONTIFICIS.
1316 1330 1390 1359 Nor.
1410 1329 1458 1360 Iti.

247 1396 300 1428 Ea:
322 1397 423 1428 eodem
446 1397 586 1428 Berardi
608 1398 707 1429 codice
730 1409 777 1428 ην.
796 1398 865 1429 119.
907 1397 1044 1434 Ccmtulit
1068 1397 1261 1437 Poqatsclzer.
1300 1397 1409 1428 Edidit
1436 1397 1568 1428 Theium·
1584 1397 1602 1427 l.
1620 1408 1643 1427 c.
1661 1397 1758 1433 L199

140 1458 188 1480 nr.
203 1448 295 1479 3541.
320 1467 360 1471 —
384 1448 528 1480 Pottlmst
551 1450 668 1481 21182.
714 1450 857 1487 Bolamer,
881 1450 954 1489 Res).
972 1450 1042 1488 imp.
1068 1449 1120 1487 VI,
1138 1451 1207 1480 622.
1472 1448 1524 1488 (P.
1548 1449 1653 1487 deest.)

248 1551 295 1593 (1)
320 1552 446 1588 Quante
465 1552 689 1584 sollicitudinis
707 1553 810 1583 studio
827 1556 1010 1594 quantaque
1028 1553 1179 1583 instantia
1196 1555 1338 1592 tempore
1355 1551 1457 1582 felicis
1475 1550 1702 1581 recordationis
1721 1549 1759 1581 G.

144 1614 227 1646 pape
250 1604 490 1646 predecessoris
514 1605 613 1635 nostri
638 1605 734 1635 fuerit
758 1605 948 1641 laboratum,
972 1608 1005 1635 ut
1028 1605 1089 1634 tuis
1115 1604 1146 1634 in
1164 1604 1215 1634 via
1238 1604 1372 1644 pacifica
1395 1603 1556 1644 gressibus
1581 1602 1760 1632 constitutis

142 1658 195 1687 tue
212 1656 421 1698 promotionis
438 1657 602 1697 negotium
621 1657 760 1697 quietius
785 1659 817 1687 et
834 1657 976 1687 securius
1003 1656 1182 1694 duceretur,
1208 1655 1325 1695 regalis
1344 1654 1534 1685 excellentia
1551 1663 1612 1683 non
1629 1653 1762 1708 ignorat:

145 1707 195 1738 Ad
211 1707 294 1749 quod
308 1708 416 1749 utique
430 1708 681 1750 promovendum
700 1708 803 1738 varios
821 1708 924 1738 dictus
941 1707 1151 1749 predecessor
1167 1707 1321 1748 perutiles
1339 1708 1494 1736 tractatus
1512 1704 1692 1759 assumpsit,
1711 1713 1762 1759 qui

144 1759 373 1801 predecessore
396 1761 478 1802 ipso,
503 1761 585 1791 sicut
608 1759 745 1791 Domino
769 1760 897 1801 placuit,
922 1759 1069 1790 humanis
1094 1758 1188 1789 rebus
1214 1760 1362 1798 exempto
1388 1756 1491 1786 finalis
1515 1758 1762 1785 consumationis

146 1811 292 1842 effectum
318 1812 473 1853 consequi
490 1812 710 1853 nequiverunt.
792 1811 839 1852 (2)
864 1810 969 1845 Quare
988 1811 1038 1852 pie
1055 1810 1206 1841 memorie
1224 1808 1428 1839 Innocentius
1452 1817 1535 1848 papa
1559 1805 1765 1848 predecessor

145 1866 254 1894 noster
284 1864 427 1895 consulte
459 1863 680 1899 considerans,
715 1863 797 1904 quod
828 1863 1051 1904 tranquillitati
1081 1865 1181 1892 status
1210 1860 1328 1902 publici
1357 1863 1388 1890 et
1417 1859 1479 1889 tuis
1504 1858 1653 1900 precipue
1678 1867 1762 1887 com-

145 1915 264 1953 modis,
293 1915 408 1956 quibus
437 1916 468 1946 in
492 1916 552 1946 hoc
576 1915 744 1957 providere
768 1918 903 1956 paterno
932 1913 1120 1944 intendebat
1145 1913 1277 1949 affeetu,
1308 1910 1516 1951 expediebat,
1549 1912 1583 1939 ut
1610 1910 1763 1964 tractatus

147 1966 327 1998 huiusmodi
351 1971 425 1998 ante
449 1970 503 1998 tue
522 1967 704 1998 serenitatis
721 1966 893 1997 adventum
918 1966 948 1996 in
964 1965 1092 1995 Italiam
1117 1964 1265 1994 firmitate
1291 1963 1398 1993 debita
1415 1961 1617 2000 vallarentur,
1641 1969 1762 1999 magni-

146 2018 288 2050 tudinem
312 2019 433 2060 regiam
458 2019 549 2050 duxit
573 2029 629 2060 per
651 2018 843 2059 apostolicas
863 2018 986 2048 litteras
1004 2015 1176 2057 rogandam
1200 2015 1229 2045 iu
1247 2014 1385 2044 Domino
1410 2016 1441 2043 et
1465 2010 1662 2049 hortandam,
1687 2021 1763 2066 sano

147 2071 205 2102 tibi
228 2071 361 2102 consilio
384 2071 613 2102 nichilominus
637 2070 846 2111 persuadens,
870 2073 905 2099 ut
930 2079 999 2099 cnm
1025 2068 1109 2098 omni
1135 2067 1299 2097 celeritate
1325 2075 1385 2105 qua
1408 2074 1520 2105 posses
1539 2063 1661 2103 aliquos
1680 2072 1762 2118 viros

147 2121 287 2163 ydoneos
310 2133 423 2164 pacem
448 2126 480 2153 et
504 2122 704 2153 concordiam
730 2123 878 2162 gerentes
903 2121 933 2150 in
957 2119 1035 2149 votis
1061 2122 1092 2149 et
1116 2129 1134 2148 a
1157 2121 1188 2148 te
1214 2118 1343 2158 plenum
1367 2115 1523 2145 habentes
1548 2114 1585 2144 ad
1610 2123 1765 2170 premissa

147 2173 332 2204 mandatum
357 2173 396 2204 ad
421 2174 534 2205 eadem
559 2177 612 2204 tuo
638 2172 793 2203 firmanda
817 2172 944 2202 nomine
970 2181 1096 2201 curares
1128 2169 1167 2199 ad
1196 2169 1296 2210 ipsius
1327 2166 1563 2209 predecessoris
1587 2165 1764 2197 Innoccntn

147 2226 342 2267 presentiam
367 2226 545 2264 destinare,
573 2236 643 2256 cum
669 2225 838 2266 expediret
862 2223 987 2254 omnino
1011 2226 1041 2252 et
1065 2232 1120 2252 sue
1144 2223 1312 2262 propterea
1336 2218 1507 2249 voluntatis
1533 2217 1703 2249 existeret,
1730 2219 1764 2246 ut

146 2278 207 2309 iter
230 2277 270 2308 ad
286 2277 479 2309 veniendum
503 2278 535 2308 in
558 2277 684 2307 Italiam
702 2286 903 2317 nequaquam
921 2284 1112 2311 assumeres,
1137 2283 1195 2303 nec
1221 2272 1245 2302 si
1269 2270 1399 2301 forsitan
1419 2268 1657 2309 assumpsisses,
1683 2267 1763 2297 ulte⁷

147 2329 211 2360 rius
234 2330 475 2371 prosequereris
504 2333 718 2370 assumptum,
748 2330 920 2368 antequam
945 2325 1098 2367 premissa
1123 2324 1226 2354 forent
1250 2321 1409 2352 soliditate
1438 2330 1578 2359 congrua
1602 2318 1763 2348 roborata:

148 2381 323 2412 venerabili
353 2381 450 2412 fratre
482 2383 591 2411 nostro
614 2379 781 2410 Bernardo
811 2379 961 2419 episcopo
986 2380 1060 2407 tunc
1085 2376 1186 2406 electo
1204 2374 1350 2405 Albiensi
1377 2372 1417 2403 ad
1444 2375 1529 2401 tuam
1553 2373 1682 2411 propter
1706 2369 1763 2398 hoc

148 2433 340 2473 presentiam
365 2432 536 2470 destinato,
561 2432 614 2473 qui
631 2442 744 2462 causas
762 2431 857 2461 utiles
882 2433 913 2460 et
930 2428 1139 2463 necessarias,
1164 2437 1223 2467 quc
1248 2436 1309 2455 non
1328 2423 1484 2454 immerito
1504 2421 1763 2475 predecessorem

149 2484 253 2525 ipsum
277 2485 501 2516 Innocentium
531 2484 571 2514 ad
598 2484 658 2514 ista
688 2482 858 2513 movebant
889 2484 920 2511 et
944 2480 1139 2511 voluntatem
1171 2488 1259 2508 suam
1288 2486 1382 2517 snper
1412 2475 1490 2509 illis,
1521 2482 1709 2528 quamquam
1734 2481 1764 2500 m

151 2535 303 2577 predictis
331 2537 446 2567 litteris
474 2538 622 2577 patenter
652 2544 852 2575 expressam,
888 2531 1085 2563 manifestius
1120 2530 1273 2571 aperiret,
1308 2538 1400 2568 quan]
1431 2536 1469 2555 ex
1499 2525 1763 2583 :itl'r=r·t11's1nc‹j¹iv‹·

150 2589 309 2619 consuluit
333 2591 364 2619 et
389 2598 459 2619 cum
485 2587 636 2618 fratribus
662 2586 725 2616 suis
750 2585 895 2616 consulta
912 2583 1145 2614 deliberatione
1171 2580 1337 2621 prchabita
1354 2578 1454 2607 voluit
1471 2576 1645 2615 adnnplcri.
1689 2573 1763 2602 lan-

150 2639 220 2670 dem
244 2639 420 2671 venerabili
443 2638 531 2669 fratri
555 2637 725 2668 Basiliensi
750 2637 911 2677 episcopo,
936 2638 989 2665 tuo
1014 2638 1088 2663 tunc
1114 2632 1227 2662 nuncio
1253 2630 1291 2661 ad
1310 2630 1415 2660 sedem
1442 2626 1653 2680 apostolicam
1672 2634 1761 2654 accc-

151 2690 270 2722 dente2
295 2694 326 2722 et
342 2690 505 2721 carissimo
530 2690 561 2720 in
579 2688 705 2719 Christo
730 2688 794 2718 filio
813 2690 920 2718 nostro
940 2686 974 2717 C.
992 2685 1100 2715 Sicilie
1126 2694 1201 2723 rege
1226 2682 1339 2712 illustri
1364 2680 1446 2721 apud
1472 2678 1578 2708 sedern
1605 2679 1761 2705 existente

252 2793 276 2826 1)
295 2792 378 2826 Apud
398 2792 534 2825 Zaccayni
553 2792 568 2818 l.
582 2800 601 2817 c.
621 2790 796 2819 desi‹lm·atm·;
816 2789 928 2821 Reycsm
946 2787 1049 2819 imperii
1067 2785 1109 2811 hic
1129 2784 1263 2810 emendare
1282 2783 1344 2808 licea.
1444 2782 1468 2809 2]
1492 2780 1531 2812 (Υ.
1552 2785 1633 2809 -WJWM
1653 2784 1692 2801 Μ’-
1711 2779 1763 2799 1⁰⁶·

251 2853 287 2871 LL.
302 2852 512 2870 CONSTlTUTIONES
532 2852 564 2868 111.
1534 2830 1564 2854 lo
