2259 3164
97 921 120 939 10

96 1179 120 1198 15

104 2643 127 2662 40

488 190 644 217 RUDOLFI
663 189 767 216 REGIS
785 190 1104 217 CONSTITUTIONES.
1143 191 1215 217 1282.
1252 191 1298 218 Nr.
1311 192 1367 218 320.
1382 193 1440 219 321.
1719 195 1778 225 313

405 370 481 404 320.
505 371 669 403 FORMA
696 372 742 403 LI
744 372 1006 403 TTERARUM
1028 372 1215 403 COMITIS
1235 374 1356 404 SABA
1365 374 1516 406 UDIAE.

254 441 333 472 Item
357 452 394 472 ex
416 441 517 472 eodem
540 441 634 472 Libro
659 441 677 473 l.
694 452 718 472 c.
1490 444 1544 483 (P.
1569 444 1673 484 deest.)

255 545 321 576 Nos
352 544 521 586 Philippus
552 554 657 575 comes
694 543 855 575 sabaudie
891 547 924 575 et
957 544 1098 575 marchio
1138 545 1168 575 in
1197 545 1290 576 Italia
1319 549 1428 577 notum
1459 547 1591 578 facimus
1621 548 1778 579 universis

147 600 317 639 presentes
342 596 464 628 litteras
490 596 691 637 inspecturis,
717 595 800 637 quod
826 606 896 626 cum
922 596 1147 627 serenissimus
1165 597 1213 627 vir
1237 597 1383 628 dominus
1409 602 1518 630 noster
1535 599 1571 630 R.
1589 599 1651 630 Dei
1676 601 1780 640 gratia

147 650 366 681 Romanorum
390 659 447 679 rex
472 658 599 690 semper
623 651 780 689 augustus
806 647 844 679 de
870 647 1017 678 omnibus
1042 649 1179 689 querelis
1206 648 1261 691 [et]
1282 651 1519 688 controversiis,
1544 662 1621 692 quas
1639 652 1780 683 habebat

147 701 198 732 vel
222 700 341 731 habere
366 703 490 742 poterat
508 703 617 731 contra
641 710 699 730 nos
722 709 822 740 usque
847 699 887 730 ad
904 699 1091 731 hodiernam
1116 700 1198 731 diem
1216 701 1382 732 occasione
1401 706 1573 733 castrorum
1598 703 1636 734 de
1654 703 1779 734 Mureto

147 756 180 784 et
209 752 248 783 de
278 751 479 783 Oondemina
503 751 553 782 vel
582 751 645 782 alio
674 750 928 792 quomodolibet,
964 752 1088 783 venerit
1124 752 1164 783 ad
1201 753 1316 783 bonam
1346 764 1459 795 pacem
1493 755 1659 786 nobiscum
1691 758 1722 785 ct
1751 756 1780 786 ei

148 804 305 847 placuerit
328 804 492 835 remittere
517 814 641 834 omnem
668 803 816 834 iniuriam
841 806 872 834 et
896 803 1014 842 odium,
1040 804 1066 835 si
1091 804 1174 845 quod
1199 805 1342 836 habebat
1367 810 1477 837 contra
1500 817 1573 844 nos,
1599 810 1630 837 et
1655 818 1779 838 omnem

147 857 315 895 actionem,
341 866 435 897 quam
460 855 601 887 habebat
625 855 656 886 in
681 855 773 886 dictis
797 855 926 895 castris,
951 856 1041 886 nobis
1067 859 1132 887 toto
1158 860 1302 899 tempore
1327 858 1391 888 vite
1420 861 1541 895 nostro,
1577 862 1608 889 ct
1637 870 1693 890 sue
1722 870 1779 889 nos

147 908 400 939 reconsiliaverit
415 908 529 949 gratie,
554 918 611 938 nos
628 918 722 938 versa
746 907 814 938 vice
839 907 879 938 ob
903 908 1038 948 gratiam
1064 908 1240 950 predictam
1264 909 1355 940 nobis
1379 910 1496 940 factam
1521 911 1676 949 volumus,
1702 922 1777 941 con-

148 960 291 991 cedimus
316 963 348 991 et
371 960 581 1002 precipimus,
613 959 696 1000 quod
721 962 794 1001 post
818 959 987 991 decessum
1010 962 1154 991 nostrum
1178 971 1347 992 successor
1370 971 1426 991 seu
1453 972 1655 993 successores
1680 963 1779 993 nostri

145 1012 283 1043 maxime
314 1012 345 1042 in
370 1011 521 1053 predictis
550 1011 663 1042 castris
689 1011 728 1042 de
758 1010 885 1042 Mureto
919 1015 950 1042 et
976 1011 1176 1043 Oondemina
1203 1015 1290 1044 stent
1321 1015 1352 1044 et
1376 1016 1558 1055 supponant
1582 1025 1615 1045 se
1641 1015 1781 1045 totaliter

146 1063 322 1106 cognitioni
346 1063 429 1094 bone
454 1063 541 1094 curie
566 1062 685 1094 domini
710 1063 810 1093 nostri
833 1063 872 1094 R.
897 1063 983 1104 regis
1009 1064 1144 1105 predicti
1169 1063 1208 1095 de
1231 1065 1378 1095 omnibus
1396 1066 1575 1096 actionibus
1600 1069 1631 1096 et
1649 1066 1780 1105 iuribus,

147 1126 225 1157 quas
249 1115 326 1146 dicit
350 1126 384 1146 se
402 1115 521 1146 habere
540 1115 572 1145 in
588 1114 740 1156 predictis
765 1115 879 1146 castris
898 1116 1021 1147 ratione
1040 1116 1167 1157 imperii
1192 1127 1249 1147 seu
1268 1117 1366 1157 regni,
1393 1117 1441 1148 vel
1466 1117 1548 1148 bone
1566 1117 1780 1149 misericordie

147 1178 214 1199 sue.
252 1167 425 1206 Volentes,
450 1166 665 1198 concedentes
694 1170 727 1198 ct
751 1167 967 1209 precipientes
991 1167 1141 1208 predictis
1167 1168 1408 1199 successoribus
1440 1170 1556 1199 nostris
1587 1169 1724 1200 maxime
1750 1170 1780 1201 in

146 1219 239 1250 dictis
263 1219 393 1258 castris,
428 1218 513 1260 quod
537 1217 687 1260 quicquid
712 1228 770 1259 per
794 1218 1010 1259 cognitionem
1035 1218 1177 1260 predicte
1203 1220 1290 1251 curie
1322 1231 1378 1251 sue
1403 1231 1459 1251 seu
1485 1220 1523 1251 de
1547 1220 1630 1251 bona
1654 1221 1780 1251 miseri-

147 1270 255 1301 cordia
278 1281 336 1302 sua
353 1270 543 1301 arbitratum
561 1270 704 1302 extiterit
728 1280 785 1301 seu
802 1270 899 1301 etiam
918 1270 1091 1301 diffinitum
1110 1282 1206 1312 super
1223 1272 1375 1313 predictis
1400 1273 1521 1309 castris,
1547 1283 1603 1314 per
1620 1272 1781 1314 predictos

146 1332 350 1353 successores
383 1325 511 1353 nostros
540 1322 683 1354 totaliter
711 1322 910 1354 observetur.
956 1322 993 1353 In
1018 1322 1109 1354 cuius
1144 1323 1189 1354 rei
1218 1324 1436 1354 testimonium
1466 1324 1607 1365 sigillum
1636 1327 1779 1355 nostrum

146 1373 349 1416 presentibus
373 1373 524 1405 duximus
549 1373 783 1416 apponendum.

253 1433 383 1466 Datum.

204 1579 280 1612 321.
305 1579 712 1612 PROCURATORIUM
730 1580 902 1612 NOVUM
925 1580 1112 1612 COMITJS
1133 1580 1417 1612 SABAUDIAE.
1465 1583 1554 1612 1232.
1593 1582 1655 1612 Iul.
1673 1583 1721 1613 15.

254 1649 307 1680 Ex
336 1649 529 1689 automnpho
557 1650 678 1689 sfe'ymzz‘so
704 1649 854 1680 ‘Transito'
877 1650 991 1681 diversi
1014 1650 1124 1681 Maza«)
1149 1651 1166 1679 1
1191 1660 1238 1680 ιιν,
1257 1650 1299 1681 4³.
1343 1650 1389 1687 Cf.
1414 1650 1487 1690 Ray.
1506 1650 1577 1689 imp.
1600 1650 1651 1687 VJ,
1673 1652 1778 1680 lassa

147 1704 174 1732 eb
198 1702 317 1732 1730a.
1492 1701 1545 1742 (P.
1568 1702 1674 1739 deest.)

253 1804 319 1836 Nos
335 1804 526 1847 Philippus³
550 1816 655 1836 comes
674 1804 836 1836 Sabaudie
853 1808 964 1836 notum
988 1805 1122 1836 facimus
1146 1805 1305 1836 universis
1322 1808 1490 1847 presentes
1508 1806 1630 1836 litteras
1654 1805 1779 1847 inspec-

148 1856 238 1896 turis,
263 1856 347 1898 quod
371 1867 442 1887 cum
467 1868 524 1888 nos
548 1857 689 1898 benigna
714 1860 746 1888 et
768 1856 931 1888 amicabili
949 1857 1134 1895 monitione,
1160 1857 1361 1888 exortatione
1387 1860 1419 1888 et
1444 1857 1664 1888 obsecratione
1688 1868 1778 1888 sanc-

149 1908 264 1940 tissimi
298 1908 417 1939 domini
446 1909 546 1940 nostri
569 1909 727 1950 M(artini)
751 1908 813 1939 Dei
844 1908 1046 1950 providentia
1077 1909 1191 1939 summi
1220 1909 1380 1950 pontificis
1410 1910 1533 1947 moniti,
1564 1909 1725 1940 exhortati
1749 1911 1781 1939 et

149 1960 307 1991 obsecrati
330 1960 485 1991 fuerimus
509 1971 567 2002 per
583 1960 706 1991 litteras
732 1971 805 1991 suas
824 1961 983 2002 speciales
1015 1964 1047 1991 et
1071 1971 1127 2002 per
1152 1961 1351 2002 relligiosum
1379 1964 1410 1991 et
1434 1961 1653 1992 venerabilem
1678 1962 1780 1991 virum

149 2011 278 2042 fratrem
298 2011 485 2043 Villelmum
509 2011 547 2043 de
571 2011 713 2043 Thoneis
739 2012 857 2043 ordinis
882 2012 1014 2043 fratrum
1040 2011 1282 2043 Predicatorum
1315 2012 1407 2043 nobis
1439 2023 1510 2043 cum
1543 2012 1634 2043 dictis
1667 2013 1779 2042 litteris

150 2063 332 2104 specialiter
355 2063 560 2103 destinatum,
583 2067 619 2094 ut
642 2063 681 2095 de
699 2063 868 2095 discordiis
893 2066 924 2094 et
948 2064 1098 2105 querelis,
1123 2074 1202 2105 quas
1226 2067 1332 2095 movet
1355 2067 1464 2095 contra
1481 2075 1538 2095 nos
1557 2064 1779 2095 serenissimus

151 2115 197 2145 vir
219 2114 257 2146 R.
281 2114 342 2146 Dei
366 2115 470 2157 gratia
493 2115 713 2147 Romanorum
743 2126 803 2146 rex
830 2125 1031 2157 quocumque
1055 2115 1148 2146 modo
1173 2116 1224 2146 vel
1255 2126 1313 2147 nos
1345 2119 1456 2147 contra
1486 2117 1589 2158 ipsun]
1618 2115 1780 2146 dominum

151 2176 270 2207 regem,
294 2166 449 2198 inclinare
474 2170 506 2198 et
531 2167 791 2198 condescendere
809 2167 942 2198 velimus
968 2167 1007 2198 ad
1032 2178 1145 2209 pacem
1171 2171 1203 2198 et
1221 2167 1420 2198 concordiam
1438 2168 1489 2198 vel
1513 2168 1624 2209 longas
1651 2171 1778 2208 treugas

151 2217 312 2250 faciendas
329 2219 381 2250 vel
398 2220 663 2261 compromissum
681 2230 752 2250 cum
770 2219 912 2261 predicto
931 2219 1057 2250 domino
1077 2230 1164 2260 rege,
1182 2230 1239 2250 nos
1258 2219 1297 2250 ob
1316 2219 1529 2250 reverentiam
1547 2219 1631 2249 sedis
1649 2222 1777 2260 aposto-

151 2269 212 2300 lice
229 2272 261 2301 et
277 2270 460 2312 specialiter
477 2271 577 2312 ipsius
595 2270 729 2313 predicti
747 2271 865 2301 domini
883 2271 982 2301 nostri
1003 2270 1118 2301 summi
1141 2270 1299 2312 pontificis
1320 2271 1465 2301 volentes
1490 2271 1521 2300 in
1545 2270 1691 2301 omnibus
1716 2281 1778 2301 non

152 2320 252 2352 solum
268 2322 367 2363 ipsius
384 2323 545 2364 preceptis
569 2326 618 2353 set
634 2323 735 2354 eciam
751 2323 879 2354 monitis
897 2322 1036 2360 obedire,
1063 2322 1226 2353 offerimus
1244 2333 1300 2352 nos
1318 2325 1446 2363 paratos
1465 2322 1606 2353 totaliter
1629 2322 1778 2363 predictis

152 2372 388 2414 monitionibus,
405 2373 680 2405 exhortationibus
699 2377 730 2405 et
741 2373 1015 2405 obsecrationibus
1029 2376 1112 2404 stare
1130 2376 1162 2404 et
1179 2374 1267 2404 totali
1280 2373 1463 2415 cognitioni,
1479 2373 1607 2404 arbitrio
1622 2374 1671 2404 vel
1684 2374 1778 2404 etiam

151 2423 304 2455 voluntati
317 2425 417 2467 ipsius
434 2426 549 2457 summi
563 2426 720 2468 pontificis
735 2436 831 2468 super
843 2425 994 2468 predictis
1012 2424 1106 2467 [vel]b
1121 2435 1240 2464 eorum,
1259 2436 1337 2467 quos
1355 2425 1394 2455 ad
1412 2425 1470 2456 hcc
1485 2425 1610 2456 duxerit
1626 2425 1778 2465 delegan-

153 2474 216 2506 dos.
253 2475 377 2508 Dantes
394 2478 570 2519 plenariam
586 2481 780 2520 potestatem
797 2477 940 2519 predicto
955 2477 1044 2507 fratri
1058 2476 1210 2508 Villelmo
1227 2480 1389 2517 tamquam
1406 2477 1520 2507 nuncio
1546 2476 1659 2507 summi
1675 2477 1776 2517 ponti-

153 2527 219 2558 ficis
233 2527 271 2559 ob
284 2529 502 2561 reverenciam
517 2529 601 2561 sedis
616 2530 788 2571 apostolice
800 2540 896 2571 super
910 2528 1060 2570 predictis
1077 2528 1245 2566 tractandi,
1259 2527 1544 2570 compromittcndi,
1560 2526 1778 2568 componendi,

155 2578 316 2611 ordinandi
350 2584 382 2612 et
405 2591 498 2612 omne
522 2581 626 2612 aliudc
649 2585 757 2612 nostra
781 2581 970 2612 auctoritate
995 2584 1026 2612 et
1050 2581 1176 2611 nominc
1200 2591 1255 2621 per
1280 2591 1313 2610 se
1338 2580 1387 2610 vel
1412 2590 1468 2621 per
1493 2580 1588 2609 alium
1614 2578 1777 2615 faciendiss',

154 2633 281 2672 treugas
309 2632 454 2674 capiendi
486 2644 543 2664 seu
576 2633 785 2675 prorogandi,
813 2636 906 2674 prout
935 2632 1068 2673 negocio
1094 2632 1210 2662 viderit
1241 2632 1404 2673 expedire.
1450 2631 1568 2661 Ratun]
1599 2634 1631 2661 ct
1655 2630 1776 2659 firmum

153 2681 299 2723 habituri,
323 2684 471 2726 quicquid
495 2685 527 2716 in
552 2685 716 2727 premissis
741 2696 798 2727 per
820 2685 925 2726 ipsum
949 2684 1079 2715 fratrem
1104 2683 1200 2715 fuerit
1217 2683 1408 2722 ordinatum,
1434 2693 1470 2713 ac
1495 2683 1519 2713 si
1544 2692 1599 2723 por
1624 2691 1679 2711 nos
1703 2691 1775 2722 pcr-

253 2800 316 2829 3‘21.
335 2804 359 2835 ¹³)
378 2803 424 2828 Pls
442 2813 479 2829 or.
569 2804 592 2837 b)
612 2807 678 2831 deest
697 2814 734 2830 or.
823 2805 845 2837 c)
864 2814 945 2837 supra
964 2805 1057 2830 lineam
1075 2814 1125 2834 ον.;
1143 2806 1176 2836 cf.
1197 2804 1276 2837 infra.

252 2861 289 2880 ιι.
302 2861 510 2881 CONSTlTUTmNES
523 2863 555 2882 111.
887 2848 889 2852 ¹
1540 2852 1574 2879 40
