<?xml version="1.0" encoding="UTF-8"?>
<!DOCTYPE html PUBLIC "-//W3C//DTD XHTML 1.0 Transitional//EN"
    "http://www.w3.org/TR/xhtml1/DTD/xhtml1-transitional.dtd">
<html xmlns="http://www.w3.org/1999/xhtml" xml:lang="en" lang="en">
 <head>
  <title>
</title>
<meta http-equiv="Content-Type" content="text/html;charset=utf-8" />
  <meta name='ocr-system' content='tesseract 3.04.00' />
  <meta name='ocr-capabilities' content='ocr_page ocr_carea ocr_par ocr_line ocrx_word'/>
</head>
<body>
  <div class='ocr_page' id='page_1' title='image "./monumentagelegum03geseuoft/monumentagelegum03geseuoft_0162.png"; bbox 0 0 2259 3116; ppageno 0'>
   <div class='ocr_carea' id='block_1_1' title="bbox 410 144 1708 179">
    <p class='ocr_par' dir='ltr' id='par_1_1' title="bbox 410 144 1708 179">
     <span class='ocr_line' id='line_1_1' title="bbox 410 144 1708 179; baseline 0.002 -8"><span class='ocrx_word' id='word_1_1' title='bbox 410 147 468 179; x_wconf 80' lang='lat'>124</span> <span class='ocrx_word' id='word_1_2' title='bbox 742 144 898 172; x_wconf 83' lang='lat' dir='ltr'>RUDOLFI</span> <span class='ocrx_word' id='word_1_3' title='bbox 918 144 1023 173; x_wconf 76' lang='lat' dir='ltr'><strong>REGIS</strong></span> <span class='ocrx_word' id='word_1_4' title='bbox 1043 145 1362 173; x_wconf 78' lang='lat' dir='ltr'>CONSTITUTIONES.</span> <span class='ocrx_word' id='word_1_5' title='bbox 1400 146 1476 173; x_wconf 78' lang='lat'>1‘277.</span> <span class='ocrx_word' id='word_1_6' title='bbox 1513 145 1560 173; x_wconf 87' lang='lat' dir='ltr'>Nr.</span> <span class='ocrx_word' id='word_1_7' title='bbox 1578 147 1708 173; x_wconf 13' lang='lat' dir='ltr'>129 130.</span> 
     </span>
    </p>
   </div>
   <div class='ocr_carea' id='block_1_2' title="bbox 407 233 1205 1210">
    <p class='ocr_par' dir='ltr' id='par_1_2' title="bbox 407 233 1202 638">
     <span class='ocr_line' id='line_1_2' title="bbox 407 233 1202 276; baseline 0.001 -12"><span class='ocrx_word' id='word_1_8' title='bbox 407 234 493 275; x_wconf 87' lang='lat' dir='ltr'>regis</span> <span class='ocrx_word' id='word_1_9' title='bbox 529 233 662 265; x_wconf 88' lang='lat' dir='ltr'>Boemie</span> <span class='ocrx_word' id='word_1_10' title='bbox 697 234 762 265; x_wconf 91' lang='lat' dir='ltr'>filio</span> <span class='ocrx_word' id='word_1_11' title='bbox 802 234 878 265; x_wconf 86' lang='lat' dir='ltr'>dare</span> <span class='ocrx_word' id='word_1_12' title='bbox 918 234 1132 276; x_wconf 78' lang='lat' dir='ltr'><strong>promittimus</strong></span> <span class='ocrx_word' id='word_1_13' title='bbox 1171 234 1202 265; x_wconf 93' lang='lat' dir='ltr'>in</span> 
     </span>
     <span class='ocr_line' id='line_1_3' title="bbox 408 286 1201 328; baseline 0 -12"><span class='ocrx_word' id='word_1_14' title='bbox 408 297 543 317; x_wconf 82' lang='lat' dir='ltr'>uxorem</span> <span class='ocrx_word' id='word_1_15' title='bbox 581 289 613 316; x_wconf 91' lang='lat' dir='ltr'>et</span> <span class='ocrx_word' id='word_1_16' title='bbox 649 286 677 316; x_wconf 91' lang='lat' dir='ltr'>ei</span> <span class='ocrx_word' id='word_1_17' title='bbox 707 286 870 317; x_wconf 83' lang='lat' dir='ltr'>civitatem</span> <span class='ocrx_word' id='word_1_18' title='bbox 907 286 1047 328; x_wconf 88' lang='lat' dir='ltr'>imperii,</span> <span class='ocrx_word' id='word_1_19' title='bbox 1083 286 1201 327; x_wconf 83' lang='lat' dir='ltr'>Egram</span> 
     </span>
     <span class='ocr_line' id='line_1_4' title="bbox 409 338 1201 377; baseline 0.001 -9"><span class='ocrx_word' id='word_1_20' title='bbox 409 338 539 375; x_wconf 83' lang='lat' dir='ltr'>scilicet,</span> <span class='ocrx_word' id='word_1_21' title='bbox 568 348 639 368; x_wconf 87' lang='lat' dir='ltr'>eum</span> <span class='ocrx_word' id='word_1_22' title='bbox 663 338 811 369; x_wconf 88' lang='lat' dir='ltr'>omnibus</span> <span class='ocrx_word' id='word_1_23' title='bbox 834 339 1016 369; x_wconf 82' lang='lat' dir='ltr'>attinenciis</span> <span class='ocrx_word' id='word_1_24' title='bbox 1039 338 1119 377; x_wconf 83' lang='lat' dir='ltr'>suis,</span> <span class='ocrx_word' id='word_1_25' title='bbox 1148 349 1201 369; x_wconf 88' lang='lat' dir='ltr'>ca-</span> 
     </span>
     <span class='ocr_line' id='line_1_5' title="bbox 410 390 1202 431; baseline 0 -12"><span class='ocrx_word' id='word_1_26' title='bbox 410 390 494 428; x_wconf 79' lang='lat' dir='ltr'>stris,</span> <span class='ocrx_word' id='word_1_27' title='bbox 509 390 782 431; x_wconf 81' lang='lat' dir='ltr'>possessionibus,</span> <span class='ocrx_word' id='word_1_28' title='bbox 797 390 977 421; x_wconf 87' lang='lat' dir='ltr'>hominibus</span> <span class='ocrx_word' id='word_1_29' title='bbox 995 394 1026 420; x_wconf 90' lang='lat' dir='ltr'>et</span> <span class='ocrx_word' id='word_1_30' title='bbox 1044 390 1114 420; x_wconf 90' lang='lat' dir='ltr'>aliis</span> <span class='ocrx_word' id='word_1_31' title='bbox 1133 390 1202 430; x_wconf 85' lang='lat' dir='ltr'>qui-</span> 
     </span>
     <span class='ocr_line' id='line_1_6' title="bbox 408 440 1201 483; baseline 0 -12"><span class='ocrx_word' id='word_1_32' title='bbox 408 440 616 483; x_wconf 80' lang='lat' dir='ltr'>buscunque,</span> <span class='ocrx_word' id='word_1_33' title='bbox 650 452 711 482; x_wconf 87' lang='lat' dir='ltr'>que</span> <span class='ocrx_word' id='word_1_34' title='bbox 745 441 849 472; x_wconf 86' lang='lat' dir='ltr'>dictus</span> <span class='ocrx_word' id='word_1_35' title='bbox 880 441 1035 472; x_wconf 88' lang='lat' dir='ltr'>Bohemie</span> <span class='ocrx_word' id='word_1_36' title='bbox 1074 451 1130 471; x_wconf 86' lang='lat' dir='ltr'>rex</span> <span class='ocrx_word' id='word_1_37' title='bbox 1163 441 1201 471; x_wconf 88' lang='lat' dir='ltr'>ad</span> 
     </span>
     <span class='ocr_line' id='line_1_7' title="bbox 408 493 1201 535; baseline 0 -12"><span class='ocrx_word' id='word_1_38' title='bbox 408 504 541 534; x_wconf 81' lang='lat' dir='ltr'>presens</span> <span class='ocrx_word' id='word_1_39' title='bbox 566 496 678 525; x_wconf 88' lang='lat' dir='ltr'>tenere</span> <span class='ocrx_word' id='word_1_40' title='bbox 696 494 887 533; x_wconf 45' lang='lat' dir='ltr'>dinoscitury</span> <span class='ocrx_word' id='word_1_41' title='bbox 904 504 960 535; x_wconf 90' lang='lat' dir='ltr'>pro</span> <span class='ocrx_word' id='word_1_42' title='bbox 984 493 1095 524; x_wconf 84' lang='lat' dir='ltr'>decem</span> <span class='ocrx_word' id='word_1_43' title='bbox 1120 493 1201 523; x_wconf 91' lang='lat' dir='ltr'>mili-</span> 
     </span>
     <span class='ocr_line' id='line_1_8' title="bbox 408 544 1202 587; baseline 0.001 -13"><span class='ocrx_word' id='word_1_44' title='bbox 408 544 467 575; x_wconf 89' lang='lat' dir='ltr'>bus</span> <span class='ocrx_word' id='word_1_45' title='bbox 486 556 664 576; x_wconf 89' lang='lat' dir='ltr'>marcarum</span> <span class='ocrx_word' id='word_1_46' title='bbox 683 546 809 587; x_wconf 82' lang='lat' dir='ltr'>argenti</span> <span class='ocrx_word' id='word_1_47' title='bbox 827 546 954 576; x_wconf 90' lang='lat' dir='ltr'>nomine</span> <span class='ocrx_word' id='word_1_48' title='bbox 974 545 1117 575; x_wconf 74' lang='lat' dir='ltr'>dotalicii</span> <span class='ocrx_word' id='word_1_49' title='bbox 1136 545 1202 576; x_wconf 91' lang='lat' dir='ltr'>sive</span> 
     </span>
     <span class='ocr_line' id='line_1_9' title="bbox 408 596 1018 638; baseline 0 -11"><span class='ocrx_word' id='word_1_50' title='bbox 408 596 492 627; x_wconf 85' lang='lat' dir='ltr'>dotis</span> <span class='ocrx_word' id='word_1_51' title='bbox 518 598 611 628; x_wconf 86' lang='lat' dir='ltr'>titulo</span> <span class='ocrx_word' id='word_1_52' title='bbox 636 598 779 638; x_wconf 82' lang='lat' dir='ltr'>pignoris</span> <span class='ocrx_word' id='word_1_53' title='bbox 804 597 984 638; x_wconf 85' lang='lat' dir='ltr'>obligamus</span> <span class='ocrx_word' id='word_1_54' title='bbox 999 598 1018 628; x_wconf 89' lang='lat'>¹.</span> 
     </span>
    </p>

    <p class='ocr_par' dir='ltr' id='par_1_3' title="bbox 409 648 1205 1210">
     <span class='ocr_line' id='line_1_10' title="bbox 474 648 1202 686; baseline -0.003 -7"><span class='ocrx_word' id='word_1_55' title='bbox 474 650 502 681; x_wconf 85' lang='lat'>3.</span> <span class='ocrx_word' id='word_1_56' title='bbox 526 649 682 680; x_wconf 86' lang='lat' dir='ltr'>Preterea</span> <span class='ocrx_word' id='word_1_57' title='bbox 706 650 813 680; x_wconf 79' lang='lat' dir='ltr'>omnia</span> <span class='ocrx_word' id='word_1_58' title='bbox 841 653 961 686; x_wconf 78' lang='lat' dir='ltr'>castra,</span> <span class='ocrx_word' id='word_1_59' title='bbox 993 648 1202 686; x_wconf 76' lang='lat' dir='ltr'>municiones,</span> 
     </span>
     <span class='ocr_line' id='line_1_11' title="bbox 409 700 1202 743; baseline -0.003 -11"><span class='ocrx_word' id='word_1_60' title='bbox 409 701 635 743; x_wconf 87' lang='lat' dir='ltr'>possessiones</span> <span class='ocrx_word' id='word_1_61' title='bbox 660 704 690 731; x_wconf 93' lang='lat' dir='ltr'>et</span> <span class='ocrx_word' id='word_1_62' title='bbox 707 701 821 743; x_wconf 84' lang='lat' dir='ltr'>oppida</span> <span class='ocrx_word' id='word_1_63' title='bbox 845 701 884 732; x_wconf 89' lang='lat' dir='ltr'>ad</span> <span class='ocrx_word' id='word_1_64' title='bbox 903 701 1053 732; x_wconf 85' lang='lat' dir='ltr'>ducatum</span> <span class='ocrx_word' id='word_1_65' title='bbox 1072 700 1202 731; x_wconf 87' lang='lat' dir='ltr'>Austrie</span> 
     </span>
     <span class='ocr_line' id='line_1_12' title="bbox 410 752 1203 795; baseline -0.004 -11"><span class='ocrx_word' id='word_1_66' title='bbox 410 754 621 795; x_wconf 80' lang='lat' dir='ltr'>pertinencia,</span> <span class='ocrx_word' id='word_1_67' title='bbox 647 763 708 795; x_wconf 91' lang='lat' dir='ltr'>que</span> <span class='ocrx_word' id='word_1_68' title='bbox 733 764 790 794; x_wconf 88' lang='lat' dir='ltr'>per</span> <span class='ocrx_word' id='word_1_69' title='bbox 813 753 917 795; x_wconf 86' lang='lat' dir='ltr'>ipsum</span> <span class='ocrx_word' id='word_1_70' title='bbox 941 764 1051 794; x_wconf 84' lang='lat' dir='ltr'>regem</span> <span class='ocrx_word' id='word_1_71' title='bbox 1068 752 1203 782; x_wconf 90' lang='lat' dir='ltr'>Boemie</span> 
     </span>
     <span class='ocr_line' id='line_1_13' title="bbox 412 805 1203 846; baseline -0.004 -10"><span class='ocrx_word' id='word_1_72' title='bbox 412 806 464 836; x_wconf 89' lang='lat' dir='ltr'>vel</span> <span class='ocrx_word' id='word_1_73' title='bbox 490 805 633 836; x_wconf 78' lang='lat' dir='ltr'>fautores</span> <span class='ocrx_word' id='word_1_74' title='bbox 659 816 716 836; x_wconf 87' lang='lat' dir='ltr'>seu</span> <span class='ocrx_word' id='word_1_75' title='bbox 748 805 909 836; x_wconf 86' lang='lat' dir='ltr'>adiutores</span> <span class='ocrx_word' id='word_1_76' title='bbox 941 805 1040 846; x_wconf 88' lang='lat' dir='ltr'>ipsius</span> <span class='ocrx_word' id='word_1_77' title='bbox 1070 807 1203 835; x_wconf 87' lang='lat' dir='ltr'>actenus</span> 
     </span>
     <span class='ocr_line' id='line_1_14' title="bbox 409 856 1204 898; baseline -0.003 -11"><span class='ocrx_word' id='word_1_78' title='bbox 409 860 567 898; x_wconf 76' lang='lat' dir='ltr'>occupata</span> <span class='ocrx_word' id='word_1_79' title='bbox 606 856 743 893; x_wconf 86' lang='lat' dir='ltr'>fuerint,</span> <span class='ocrx_word' id='word_1_80' title='bbox 789 858 1001 888; x_wconf 79' lang='lat' dir='ltr'>restituentur</span> <span class='ocrx_word' id='word_1_81' title='bbox 1043 856 1134 886; x_wconf 82' lang='lat' dir='ltr'>nobis</span> <span class='ocrx_word' id='word_1_82' title='bbox 1173 858 1204 885; x_wconf 85' lang='lat' dir='ltr'>et</span> 
     </span>
     <span class='ocr_line' id='line_1_15' title="bbox 411 908 1203 940; baseline -0.003 -1"><span class='ocrx_word' id='word_1_83' title='bbox 411 910 527 940; x_wconf 87' lang='lat' dir='ltr'>nostris</span> <span class='ocrx_word' id='word_1_84' title='bbox 545 908 722 939; x_wconf 86' lang='lat' dir='ltr'>fautoribus</span> <span class='ocrx_word' id='word_1_85' title='bbox 748 912 779 939; x_wconf 89' lang='lat' dir='ltr'>et</span> <span class='ocrx_word' id='word_1_86' title='bbox 796 909 897 939; x_wconf 83' lang='lat' dir='ltr'>eciam</span> <span class='ocrx_word' id='word_1_87' title='bbox 916 908 1115 939; x_wconf 87' lang='lat' dir='ltr'>adiutoribus</span> <span class='ocrx_word' id='word_1_88' title='bbox 1133 917 1203 937; x_wconf 85' lang='lat' dir='ltr'>cum</span> 
     </span>
     <span class='ocr_line' id='line_1_16' title="bbox 409 959 1202 1002; baseline -0.001 -11"><span class='ocrx_word' id='word_1_89' title='bbox 409 961 594 1001; x_wconf 82' lang='lat' dir='ltr'>integritate</span> <span class='ocrx_word' id='word_1_90' title='bbox 618 961 773 1002; x_wconf 86' lang='lat' dir='ltr'>plenaria,</span> <span class='ocrx_word' id='word_1_91' title='bbox 790 961 885 991; x_wconf 89' lang='lat' dir='ltr'>metis</span> <span class='ocrx_word' id='word_1_92' title='bbox 902 960 1070 998; x_wconf 86' lang='lat' dir='ltr'>Bohemie,</span> <span class='ocrx_word' id='word_1_93' title='bbox 1095 959 1202 990; x_wconf 72' lang='lat' dir='ltr'>Mora-</span> 
     </span>
     <span class='ocr_line' id='line_1_17' title="bbox 411 1011 1203 1052; baseline -0.001 -10"><span class='ocrx_word' id='word_1_94' title='bbox 411 1013 461 1043; x_wconf 89' lang='lat' dir='ltr'>vie</span> <span class='ocrx_word' id='word_1_95' title='bbox 487 1015 519 1042; x_wconf 85' lang='lat' dir='ltr'>et</span> <span class='ocrx_word' id='word_1_96' title='bbox 535 1012 666 1043; x_wconf 89' lang='lat' dir='ltr'>Austric</span> <span class='ocrx_word' id='word_1_97' title='bbox 690 1013 721 1043; x_wconf 89' lang='lat' dir='ltr'>in</span> <span class='ocrx_word' id='word_1_98' title='bbox 747 1023 783 1043; x_wconf 91' lang='lat' dir='ltr'>eo</span> <span class='ocrx_word' id='word_1_99' title='bbox 801 1016 885 1043; x_wconf 87' lang='lat' dir='ltr'>statu</span> <span class='ocrx_word' id='word_1_100' title='bbox 903 1011 1117 1050; x_wconf 87' lang='lat' dir='ltr'>manentibus,</span> <span class='ocrx_word' id='word_1_101' title='bbox 1142 1022 1203 1052; x_wconf 90' lang='lat' dir='ltr'>quo</span> 
     </span>
     <span class='ocr_line' id='line_1_18' title="bbox 412 1063 1204 1106; baseline 0 -12"><span class='ocrx_word' id='word_1_102' title='bbox 412 1068 556 1106; x_wconf 86' lang='lat' dir='ltr'>tempore</span> <span class='ocrx_word' id='word_1_103' title='bbox 575 1065 660 1095; x_wconf 88' lang='lat' dir='ltr'>clare</span> <span class='ocrx_word' id='word_1_104' title='bbox 684 1065 837 1095; x_wconf 85' lang='lat' dir='ltr'>memorie</span> <span class='ocrx_word' id='word_1_105' title='bbox 855 1064 1013 1106; x_wconf 88' lang='lat' dir='ltr'>Leupoldi</span> <span class='ocrx_word' id='word_1_106' title='bbox 1040 1068 1072 1095; x_wconf 90' lang='lat' dir='ltr'>et</span> <span class='ocrx_word' id='word_1_107' title='bbox 1092 1063 1204 1094; x_wconf 85' lang='lat' dir='ltr'>Fride-</span> 
     </span>
     <span class='ocr_line' id='line_1_19' title="bbox 410 1116 1205 1148; baseline -0.003 -1"><span class='ocrx_word' id='word_1_108' title='bbox 410 1117 468 1147; x_wconf 91' lang='lat' dir='ltr'>rici</span> <span class='ocrx_word' id='word_1_109' title='bbox 492 1116 608 1147; x_wconf 85' lang='lat' dir='ltr'>ducum</span> <span class='ocrx_word' id='word_1_110' title='bbox 628 1117 761 1148; x_wconf 89' lang='lat' dir='ltr'>Austrie</span> <span class='ocrx_word' id='word_1_111' title='bbox 779 1117 819 1147; x_wconf 88' lang='lat' dir='ltr'>ab</span> <span class='ocrx_word' id='word_1_112' title='bbox 839 1117 962 1148; x_wconf 89' lang='lat' dir='ltr'>eisdem</span> <span class='ocrx_word' id='word_1_113' title='bbox 980 1116 1114 1147; x_wconf 85' lang='lat' dir='ltr'>ducibus</span> <span class='ocrx_word' id='word_1_114' title='bbox 1132 1118 1205 1146; x_wconf 90' lang='lat' dir='ltr'>sunt</span> 
     </span>
     <span class='ocr_line' id='line_1_20' title="bbox 409 1179 568 1210; baseline 0.006 -11"><span class='ocrx_word' id='word_1_115' title='bbox 409 1179 568 1210; x_wconf 82' lang='lat' dir='ltr'>possesse.</span> 
     </span>
    </p>
   </div>
   <div class='ocr_carea' id='block_1_3' title="bbox 412 1272 1209 2600">
    <p class='ocr_par' dir='ltr' id='par_1_4' title="bbox 412 1272 1207 1666">
     <span class='ocr_line' id='line_1_21' title="bbox 476 1272 1205 1309; baseline 0 -7"><span class='ocrx_word' id='word_1_116' title='bbox 476 1275 504 1302; x_wconf 87' lang='lat'>4.</span> <span class='ocrx_word' id='word_1_117' title='bbox 539 1272 605 1303; x_wconf 87' lang='lat' dir='ltr'>Nos</span> <span class='ocrx_word' id='word_1_118' title='bbox 638 1273 739 1303; x_wconf 86' lang='lat' dir='ltr'>eciam</span> <span class='ocrx_word' id='word_1_119' title='bbox 773 1273 923 1304; x_wconf 86' lang='lat' dir='ltr'>similiter</span> <span class='ocrx_word' id='word_1_120' title='bbox 954 1272 1061 1303; x_wconf 89' lang='lat' dir='ltr'>omnia</span> <span class='ocrx_word' id='word_1_121' title='bbox 1090 1275 1205 1309; x_wconf 83' lang='lat' dir='ltr'>castra,</span> 
     </span>
     <span class='ocr_line' id='line_1_22' title="bbox 413 1324 1205 1366; baseline 0.001 -12"><span class='ocrx_word' id='word_1_122' title='bbox 413 1325 623 1362; x_wconf 70' lang='lat' dir='ltr'>municiones,</span> <span class='ocrx_word' id='word_1_123' title='bbox 648 1325 870 1366; x_wconf 87' lang='lat' dir='ltr'>possessiones</span> <span class='ocrx_word' id='word_1_124' title='bbox 893 1328 925 1356; x_wconf 92' lang='lat' dir='ltr'>et</span> <span class='ocrx_word' id='word_1_125' title='bbox 942 1325 1060 1366; x_wconf 83' lang='lat' dir='ltr'>oppida</span> <span class='ocrx_word' id='word_1_126' title='bbox 1076 1324 1116 1355; x_wconf 86' lang='lat' dir='ltr'>ad</span> <span class='ocrx_word' id='word_1_127' title='bbox 1133 1335 1205 1365; x_wconf 85' lang='lat' dir='ltr'>reg-</span> 
     </span>
     <span class='ocr_line' id='line_1_23' title="bbox 413 1376 1206 1408; baseline 0.001 -2"><span class='ocrx_word' id='word_1_128' title='bbox 413 1387 487 1406; x_wconf 93' lang='lat' dir='ltr'>num</span> <span class='ocrx_word' id='word_1_129' title='bbox 514 1376 646 1407; x_wconf 83' lang='lat' dir='ltr'>Boemie</span> <span class='ocrx_word' id='word_1_130' title='bbox 672 1380 704 1407; x_wconf 93' lang='lat' dir='ltr'>et</span> <span class='ocrx_word' id='word_1_131' title='bbox 727 1377 982 1408; x_wconf 78' lang='lat' dir='ltr'>marchionatum</span> <span class='ocrx_word' id='word_1_132' title='bbox 1000 1377 1142 1408; x_wconf 85' lang='lat' dir='ltr'>Moravie</span> <span class='ocrx_word' id='word_1_133' title='bbox 1167 1376 1206 1407; x_wconf 92' lang='lat' dir='ltr'>de</span> 
     </span>
     <span class='ocr_line' id='line_1_24' title="bbox 413 1428 1206 1470; baseline 0.003 -13"><span class='ocrx_word' id='word_1_134' title='bbox 413 1428 480 1458; x_wconf 88' lang='lat' dir='ltr'>iure</span> <span class='ocrx_word' id='word_1_135' title='bbox 506 1429 705 1469; x_wconf 83' lang='lat' dir='ltr'>spectancia7</span> <span class='ocrx_word' id='word_1_136' title='bbox 737 1439 797 1470; x_wconf 86' lang='lat' dir='ltr'>que</span> <span class='ocrx_word' id='word_1_137' title='bbox 828 1440 885 1470; x_wconf 91' lang='lat' dir='ltr'>per</span> <span class='ocrx_word' id='word_1_138' title='bbox 914 1439 972 1459; x_wconf 87' lang='lat' dir='ltr'>nos</span> <span class='ocrx_word' id='word_1_139' title='bbox 998 1429 1048 1459; x_wconf 89' lang='lat' dir='ltr'>vel</span> <span class='ocrx_word' id='word_1_140' title='bbox 1078 1432 1206 1459; x_wconf 83' lang='lat' dir='ltr'>nostros</span> 
     </span>
     <span class='ocr_line' id='line_1_25' title="bbox 413 1479 1206 1522; baseline 0 -12"><span class='ocrx_word' id='word_1_141' title='bbox 413 1479 516 1510; x_wconf 89' lang='lat' dir='ltr'>eidem</span> <span class='ocrx_word' id='word_1_142' title='bbox 542 1481 611 1521; x_wconf 83' lang='lat' dir='ltr'>regi</span> <span class='ocrx_word' id='word_1_143' title='bbox 636 1484 668 1511; x_wconf 84' lang='lat' dir='ltr'>et</span> <span class='ocrx_word' id='word_1_144' title='bbox 698 1481 763 1511; x_wconf 87' lang='lat' dir='ltr'>suis</span> <span class='ocrx_word' id='word_1_145' title='bbox 792 1491 851 1522; x_wconf 85' lang='lat' dir='ltr'>per</span> <span class='ocrx_word' id='word_1_146' title='bbox 874 1481 1058 1511; x_wconf 86' lang='lat' dir='ltr'>iniuriosam</span> <span class='ocrx_word' id='word_1_147' title='bbox 1084 1481 1206 1511; x_wconf 88' lang='lat' dir='ltr'>violen-</span> 
     </span>
     <span class='ocr_line' id='line_1_26' title="bbox 414 1531 1207 1574; baseline 0.001 -13"><span class='ocrx_word' id='word_1_148' title='bbox 414 1531 495 1562; x_wconf 85' lang='lat' dir='ltr'>ciam</span> <span class='ocrx_word' id='word_1_149' title='bbox 514 1535 587 1562; x_wconf 91' lang='lat' dir='ltr'>sunt</span> <span class='ocrx_word' id='word_1_150' title='bbox 605 1532 768 1563; x_wconf 85' lang='lat' dir='ltr'>subtracta</span> <span class='ocrx_word' id='word_1_151' title='bbox 786 1543 842 1563; x_wconf 90' lang='lat' dir='ltr'>seu</span> <span class='ocrx_word' id='word_1_152' title='bbox 861 1536 1027 1574; x_wconf 85' lang='lat' dir='ltr'>occupata,</span> <span class='ocrx_word' id='word_1_153' title='bbox 1052 1532 1114 1574; x_wconf 87' lang='lat' dir='ltr'>ipsi</span> <span class='ocrx_word' id='word_1_154' title='bbox 1138 1532 1207 1573; x_wconf 86' lang='lat' dir='ltr'>regi</span> 
     </span>
     <span class='ocr_line' id='line_1_27' title="bbox 412 1583 1206 1624; baseline 0.001 -11"><span class='ocrx_word' id='word_1_155' title='bbox 412 1585 444 1613; x_wconf 87' lang='lat' dir='ltr'>et</span> <span class='ocrx_word' id='word_1_156' title='bbox 474 1583 540 1613; x_wconf 88' lang='lat' dir='ltr'>suis</span> <span class='ocrx_word' id='word_1_157' title='bbox 577 1583 787 1614; x_wconf 80' lang='lat' dir='ltr'>restituemus</span> <span class='ocrx_word' id='word_1_158' title='bbox 823 1584 948 1624; x_wconf 82' lang='lat' dir='ltr'>integre</span> <span class='ocrx_word' id='word_1_159' title='bbox 987 1587 1019 1615; x_wconf 91' lang='lat' dir='ltr'>et</span> <span class='ocrx_word' id='word_1_160' title='bbox 1051 1584 1206 1614; x_wconf 87' lang='lat' dir='ltr'>faciemus</span> 
     </span>
     <span class='ocr_line' id='line_1_28' title="bbox 412 1635 759 1666; baseline 0.003 -1"><span class='ocrx_word' id='word_1_161' title='bbox 412 1635 540 1665; x_wconf 89' lang='lat' dir='ltr'>restitui</span> <span class='ocrx_word' id='word_1_162' title='bbox 565 1635 632 1666; x_wconf 89' lang='lat' dir='ltr'>viee</span> <span class='ocrx_word' id='word_1_163' title='bbox 657 1646 759 1666; x_wconf 87' lang='lat' dir='ltr'>versa.</span> 
     </span>
    </p>

    <p class='ocr_par' dir='ltr' id='par_1_5' title="bbox 413 1686 1209 2600">
     <span class='ocr_line' id='line_1_29' title="bbox 477 1686 1205 1729; baseline 0 -11"><span class='ocrx_word' id='word_1_164' title='bbox 477 1689 505 1718; x_wconf 85' lang='lat'>5.</span> <span class='ocrx_word' id='word_1_165' title='bbox 535 1686 681 1728; x_wconf 88' lang='lat' dir='ltr'>Excepto</span> <span class='ocrx_word' id='word_1_166' title='bbox 713 1687 881 1718; x_wconf 79' lang='lat' dir='ltr'>dumtaxat</span> <span class='ocrx_word' id='word_1_167' title='bbox 910 1686 1140 1729; x_wconf 87' lang='lat' dir='ltr'>Nicolspurch,</span> <span class='ocrx_word' id='word_1_168' title='bbox 1176 1688 1205 1717; x_wconf 94' lang='lat' dir='ltr'>in</span> 
     </span>
     <span class='ocr_line' id='line_1_30' title="bbox 417 1739 1207 1780; baseline 0.001 -11"><span class='ocrx_word' id='word_1_169' title='bbox 417 1739 506 1769; x_wconf 85' lang='lat' dir='ltr'>cuius</span> <span class='ocrx_word' id='word_1_170' title='bbox 523 1739 731 1780; x_wconf 81' lang='lat' dir='ltr'>possessione</span> <span class='ocrx_word' id='word_1_171' title='bbox 749 1739 783 1769; x_wconf 79' lang='lat' dir='ltr'>F.</span> <span class='ocrx_word' id='word_1_172' title='bbox 800 1739 839 1770; x_wconf 87' lang='lat' dir='ltr'>de</span> <span class='ocrx_word' id='word_1_173' title='bbox 858 1740 1093 1773; x_wconf 79' lang='lat' dir='ltr'>Liehtcnstain.</span> <span class='ocrx_word' id='word_1_174' title='bbox 1119 1739 1207 1770; x_wconf 85' lang='lat' dir='ltr'>cuius</span> 
     </span>
     <span class='ocr_line' id='line_1_31' title="bbox 414 1790 1206 1833; baseline 0 -12"><span class='ocrx_word' id='word_1_175' title='bbox 414 1790 544 1821; x_wconf 84' lang='lat' dir='ltr'>feudum</span> <span class='ocrx_word' id='word_1_176' title='bbox 570 1802 642 1822; x_wconf 89' lang='lat' dir='ltr'>esse</span> <span class='ocrx_word' id='word_1_177' title='bbox 668 1791 856 1829; x_wconf 78' lang='lat' dir='ltr'>dinoscitur,</span> <span class='ocrx_word' id='word_1_178' title='bbox 886 1791 1090 1833; x_wconf 87' lang='lat' dir='ltr'>permanebit</span> <span class='ocrx_word' id='word_1_179' title='bbox 1119 1791 1206 1832; x_wconf 87' lang='lat' dir='ltr'>paci-</span> 
     </span>
     <span class='ocr_line' id='line_1_32' title="bbox 413 1842 1207 1884; baseline 0 -12"><span class='ocrx_word' id='word_1_180' title='bbox 413 1843 471 1873; x_wconf 79' lang='lat' dir='ltr'>fico</span> <span class='ocrx_word' id='word_1_181' title='bbox 504 1847 536 1873; x_wconf 90' lang='lat' dir='ltr'>ct</span> <span class='ocrx_word' id='word_1_182' title='bbox 567 1844 684 1884; x_wconf 79' lang='lat' dir='ltr'>quiete.</span> <span class='ocrx_word' id='word_1_183' title='bbox 739 1843 892 1874; x_wconf 85' lang='lat' dir='ltr'>Pretcrea</span> <span class='ocrx_word' id='word_1_184' title='bbox 922 1843 1135 1874; x_wconf 83' lang='lat' dir='ltr'>Chrumenaw</span> <span class='ocrx_word' id='word_1_185' title='bbox 1168 1842 1207 1881; x_wconf 88' lang='lat' dir='ltr'>ei,</span> 
     </span>
     <span class='ocr_line' id='line_1_33' title="bbox 413 1894 1205 1936; baseline 0 -11"><span class='ocrx_word' id='word_1_186' title='bbox 413 1894 451 1925; x_wconf 88' lang='lat' dir='ltr'>ad</span> <span class='ocrx_word' id='word_1_187' title='bbox 474 1905 567 1935; x_wconf 88' lang='lat' dir='ltr'>quem</span> <span class='ocrx_word' id='word_1_188' title='bbox 592 1895 631 1926; x_wconf 89' lang='lat' dir='ltr'>de</span> <span class='ocrx_word' id='word_1_189' title='bbox 656 1896 722 1926; x_wconf 90' lang='lat' dir='ltr'>iure</span> <span class='ocrx_word' id='word_1_190' title='bbox 745 1895 895 1936; x_wconf 72' lang='lat' dir='ltr'>pertinet,</span> <span class='ocrx_word' id='word_1_191' title='bbox 920 1895 1080 1936; x_wconf 79' lang='lat' dir='ltr'>assignari</span> <span class='ocrx_word' id='word_1_192' title='bbox 1107 1894 1205 1925; x_wconf 87' lang='lat' dir='ltr'>debe-</span> 
     </span>
     <span class='ocr_line' id='line_1_34' title="bbox 415 1946 1207 1988; baseline 0.001 -13"><span class='ocrx_word' id='word_1_193' title='bbox 415 1946 469 1977; x_wconf 86' lang='lat' dir='ltr'>bit.</span> <span class='ocrx_word' id='word_1_194' title='bbox 517 1947 655 1988; x_wconf 84' lang='lat' dir='ltr'>Insuper</span> <span class='ocrx_word' id='word_1_195' title='bbox 680 1951 818 1978; x_wconf 78' lang='lat' dir='ltr'>castrum</span> <span class='ocrx_word' id='word_1_196' title='bbox 844 1946 987 1977; x_wconf 75' lang='lat' dir='ltr'>Maertniz</span> <span class='ocrx_word' id='word_1_197' title='bbox 1006 1946 1123 1977; x_wconf 88' lang='lat' dir='ltr'>Alexio</span> <span class='ocrx_word' id='word_1_198' title='bbox 1148 1946 1207 1976; x_wconf 92' lang='lat' dir='ltr'>mi-</span> 
     </span>
     <span class='ocr_line' id='line_1_35' title="bbox 415 1998 1206 2039; baseline 0 -11"><span class='ocrx_word' id='word_1_199' title='bbox 415 1998 459 2028; x_wconf 87' lang='lat' dir='ltr'>liti</span> <span class='ocrx_word' id='word_1_200' title='bbox 478 1999 578 2039; x_wconf 90' lang='lat' dir='ltr'>ipsius</span> <span class='ocrx_word' id='word_1_201' title='bbox 598 1999 683 2039; x_wconf 81' lang='lat' dir='ltr'>regis</span> <span class='ocrx_word' id='word_1_202' title='bbox 700 1998 833 2029; x_wconf 86' lang='lat' dir='ltr'>Boemie</span> <span class='ocrx_word' id='word_1_203' title='bbox 859 2001 890 2029; x_wconf 91' lang='lat' dir='ltr'>et</span> <span class='ocrx_word' id='word_1_204' title='bbox 906 2002 1046 2029; x_wconf 86' lang='lat' dir='ltr'>castrum</span> <span class='ocrx_word' id='word_1_205' title='bbox 1065 1998 1206 2028; x_wconf 85' lang='lat' dir='ltr'>Durren-</span> 
     </span>
     <span class='ocr_line' id='line_1_36' title="bbox 414 2049 1206 2092; baseline 0 -13"><span class='ocrx_word' id='word_1_206' title='bbox 414 2050 486 2079; x_wconf 79' lang='lat' dir='ltr'>holz</span> <span class='ocrx_word' id='word_1_207' title='bbox 523 2050 620 2081; x_wconf 87' lang='lat' dir='ltr'>debet</span> <span class='ocrx_word' id='word_1_208' title='bbox 656 2050 782 2081; x_wconf 85' lang='lat' dir='ltr'>restitui</span> <span class='ocrx_word' id='word_1_209' title='bbox 817 2050 878 2092; x_wconf 88' lang='lat' dir='ltr'>ipsi</span> <span class='ocrx_word' id='word_1_210' title='bbox 915 2050 993 2091; x_wconf 79' lang='lat' dir='ltr'>regi.</span> <span class='ocrx_word' id='word_1_211' title='bbox 1048 2049 1081 2079; x_wconf 72' lang='lat' dir='ltr'>Si</span> <span class='ocrx_word' id='word_1_212' title='bbox 1113 2060 1206 2090; x_wconf 90' lang='lat' dir='ltr'>quam</span> 
     </span>
     <span class='ocr_line' id='line_1_37' title="bbox 417 2100 1208 2143; baseline 0 -12"><span class='ocrx_word' id='word_1_213' title='bbox 417 2105 523 2132; x_wconf 84' lang='lat' dir='ltr'>tamen</span> <span class='ocrx_word' id='word_1_214' title='bbox 566 2102 727 2143; x_wconf 81' lang='lat' dir='ltr'>predictus</span> <span class='ocrx_word' id='word_1_215' title='bbox 770 2112 826 2132; x_wconf 91' lang='lat' dir='ltr'>rex</span> <span class='ocrx_word' id='word_1_216' title='bbox 863 2100 999 2131; x_wconf 88' lang='lat' dir='ltr'>Boemie</span> <span class='ocrx_word' id='word_1_217' title='bbox 1038 2102 1208 2142; x_wconf 87' lang='lat' dir='ltr'>pecuniam</span> 
     </span>
     <span class='ocr_line' id='line_1_38' title="bbox 417 2153 1208 2194; baseline 0 -11"><span class='ocrx_word' id='word_1_218' title='bbox 417 2153 514 2183; x_wconf 84' lang='lat' dir='ltr'>debet</span> <span class='ocrx_word' id='word_1_219' title='bbox 538 2153 690 2184; x_wconf 82' lang='lat' dir='ltr'>Heinrico</span> <span class='ocrx_word' id='word_1_220' title='bbox 715 2153 754 2184; x_wconf 81' lang='lat' dir='ltr'>(le</span> <span class='ocrx_word' id='word_1_221' title='bbox 779 2153 987 2194; x_wconf 83' lang='lat' dir='ltr'>Chunringen</span> <span class='ocrx_word' id='word_1_222' title='bbox 1011 2153 1208 2184; x_wconf 77' lang='lat' dir='ltr'>marschalco</span> 
     </span>
     <span class='ocr_line' id='line_1_39' title="bbox 417 2205 1207 2246; baseline 0.001 -12"><span class='ocrx_word' id='word_1_223' title='bbox 417 2208 524 2235; x_wconf 83' lang='lat' dir='ltr'>nostro</span> <span class='ocrx_word' id='word_1_224' title='bbox 549 2216 604 2246; x_wconf 86' lang='lat' dir='ltr'>per</span> <span class='ocrx_word' id='word_1_225' title='bbox 622 2205 784 2235; x_wconf 85' lang='lat' dir='ltr'>Austriam</span> <span class='ocrx_word' id='word_1_226' title='bbox 811 2206 861 2235; x_wconf 88' lang='lat' dir='ltr'>vel</span> <span class='ocrx_word' id='word_1_227' title='bbox 879 2205 977 2246; x_wconf 85' lang='lat' dir='ltr'>ipsius</span> <span class='ocrx_word' id='word_1_228' title='bbox 995 2205 1096 2243; x_wconf 89' lang='lat' dir='ltr'>uxori,</span> <span class='ocrx_word' id='word_1_229' title='bbox 1121 2205 1207 2235; x_wconf 88' lang='lat' dir='ltr'>illam</span> 
     </span>
     <span class='ocr_line' id='line_1_40' title="bbox 416 2255 1208 2298; baseline 0.001 -12"><span class='ocrx_word' id='word_1_230' title='bbox 416 2257 564 2287; x_wconf 80' lang='lat' dir='ltr'>exsolvet</span> <span class='ocrx_word' id='word_1_231' title='bbox 583 2256 715 2287; x_wconf 79' lang='lat' dir='ltr'>eisdem.</span> <span class='ocrx_word' id='word_1_232' title='bbox 753 2256 794 2287; x_wconf 87' lang='lat' dir='ltr'>Et</span> <span class='ocrx_word' id='word_1_233' title='bbox 818 2255 869 2298; x_wconf 69' lang='lat' dir='ltr'>[si]</span> <span class='ocrx_word' id='word_1_234' title='bbox 887 2256 981 2287; x_wconf 84' lang='lat' dir='ltr'>iidem</span> <span class='ocrx_word' id='word_1_235' title='bbox 1000 2256 1041 2287; x_wconf 87' lang='lat' dir='ltr'>H.</span> <span class='ocrx_word' id='word_1_236' title='bbox 1058 2257 1109 2287; x_wconf 86' lang='lat' dir='ltr'>vel</span> <span class='ocrx_word' id='word_1_237' title='bbox 1127 2267 1208 2288; x_wconf 89' lang='lat' dir='ltr'>uxor</span> 
     </span>
     <span class='ocr_line' id='line_1_41' title="bbox 419 2308 1208 2350; baseline 0.001 -13"><span class='ocrx_word' id='word_1_238' title='bbox 419 2308 516 2348; x_wconf 85' lang='lat' dir='ltr'>ipsius</span> <span class='ocrx_word' id='word_1_239' title='bbox 546 2312 653 2338; x_wconf 82' lang='lat' dir='ltr'>eontra</span> <span class='ocrx_word' id='word_1_240' title='bbox 687 2308 864 2349; x_wconf 87' lang='lat' dir='ltr'>predictum</span> <span class='ocrx_word' id='word_1_241' title='bbox 896 2319 1003 2349; x_wconf 84' lang='lat' dir='ltr'>regem</span> <span class='ocrx_word' id='word_1_242' title='bbox 1029 2318 1124 2350; x_wconf 85' lang='lat' dir='ltr'>super</span> <span class='ocrx_word' id='word_1_243' title='bbox 1147 2309 1208 2339; x_wconf 83' lang='lat' dir='ltr'>iam</span> 
     </span>
     <span class='ocr_line' id='line_1_42' title="bbox 417 2359 1209 2401; baseline 0.001 -12"><span class='ocrx_word' id='word_1_244' title='bbox 417 2359 502 2389; x_wconf 76' lang='lat' dir='ltr'>(licto</span> <span class='ocrx_word' id='word_1_245' title='bbox 528 2364 631 2390; x_wconf 82' lang='lat' dir='ltr'>castro</span> <span class='ocrx_word' id='word_1_246' title='bbox 655 2359 849 2390; x_wconf 76' lang='lat' dir='ltr'>I)u1·rinh‹›lz</span> <span class='ocrx_word' id='word_1_247' title='bbox 874 2360 1045 2391; x_wconf 82' lang='lat' dir='ltr'>habuerint</span> <span class='ocrx_word' id='word_1_248' title='bbox 1069 2360 1209 2401; x_wconf 79' lang='lat' dir='ltr'>aliquam</span> 
     </span>
     <span class='ocr_line' id='line_1_43' title="bbox 419 2411 1209 2447; baseline 0.003 -7"><span class='ocrx_word' id='word_1_249' title='bbox 419 2412 594 2447; x_wconf 81' lang='lat' dir='ltr'>accionem,</span> <span class='ocrx_word' id='word_1_250' title='bbox 621 2411 703 2441; x_wconf 84' lang='lat' dir='ltr'>idem</span> <span class='ocrx_word' id='word_1_251' title='bbox 729 2422 786 2441; x_wconf 90' lang='lat' dir='ltr'>rex</span> <span class='ocrx_word' id='word_1_252' title='bbox 812 2412 851 2442; x_wconf 84' lang='lat' dir='ltr'>ad</span> <span class='ocrx_word' id='word_1_253' title='bbox 868 2412 986 2442; x_wconf 84' lang='lat' dir='ltr'>dictum</span> <span class='ocrx_word' id='word_1_254' title='bbox 1005 2411 1209 2443; x_wconf 80' lang='lat' dir='ltr'>Olmuecnsis</span> 
     </span>
     <span class='ocr_line' id='line_1_44' title="bbox 418 2460 1209 2505; baseline 0.001 -13"><span class='ocrx_word' id='word_1_255' title='bbox 418 2460 558 2504; x_wconf 54' lang='lat' dir='ltr'>episcopi</span> <span class='ocrx_word' id='word_1_256' title='bbox 584 2467 615 2493; x_wconf 92' lang='lat' dir='ltr'>et</span> <span class='ocrx_word' id='word_1_257' title='bbox 633 2463 811 2504; x_wconf 84' lang='lat' dir='ltr'>purehravii</span> <span class='ocrx_word' id='word_1_258' title='bbox 831 2464 1055 2505; x_wconf 84' lang='lat' dir='ltr'>predictorum,</span> <span class='ocrx_word' id='word_1_259' title='bbox 1081 2465 1133 2505; x_wconf 82' lang='lat' dir='ltr'>qui</span> <span class='ocrx_word' id='word_1_260' title='bbox 1152 2463 1209 2493; x_wconf 84' lang='lat' dir='ltr'>sub</span> 
     </span>
     <span class='ocr_line' id='line_1_45' title="bbox 420 2515 737 2545; baseline 0.003 -1"><span class='ocrx_word' id='word_1_261' title='bbox 420 2516 590 2545; x_wconf 84' lang='lat' dir='ltr'>iuramenti</span> <span class='ocrx_word' id='word_1_262' title='bbox 630 2515 737 2545; x_wconf 82' lang='lat' dir='ltr'>debito</span> 
     </span>
     <span class='ocr_line' id='line_1_46' title="bbox 417 2567 592 2600; baseline 0.017 -4"><span class='ocrx_word' id='word_1_263' title='bbox 417 2567 592 2600; x_wconf 73' lang='lat' dir='ltr'>diffinient.</span> 
     </span>
    </p>
   </div>
   <div class='ocr_carea' id='block_1_4' title="bbox 416 2515 1208 2764">
    <p class='ocr_par' dir='ltr' id='par_1_6' title="bbox 416 2515 1208 2659">
     <span class='ocr_line' id='line_1_47' title="bbox 784 2515 1208 2556; baseline 0 -11"><span class='ocrx_word' id='word_1_264' title='bbox 784 2516 984 2556; x_wconf 68' lang='lat' dir='ltr'>questionem</span> <span class='ocrx_word' id='word_1_265' title='bbox 1027 2515 1208 2546; x_wconf 84' lang='lat' dir='ltr'>huiusmodi</span> 
     </span>
     <span class='ocr_line' id='line_1_48' title="bbox 627 2567 1206 2599; baseline 0.002 -2"><span class='ocrx_word' id='word_1_266' title='bbox 627 2567 792 2598; x_wconf 87' lang='lat' dir='ltr'>exhibebit</span> <span class='ocrx_word' id='word_1_267' title='bbox 825 2568 946 2599; x_wconf 79' lang='lat' dir='ltr'>eisdem</span> <span class='ocrx_word' id='word_1_268' title='bbox 981 2568 1104 2599; x_wconf 78' lang='lat' dir='ltr'>iusticie</span> <span class='ocrx_word' id='word_1_269' title='bbox 1134 2579 1206 2599; x_wconf 87' lang='lat' dir='ltr'>eon-</span> 
     </span>
     <span class='ocr_line' id='line_1_49' title="bbox 416 2619 622 2659; baseline 0.01 -12"><span class='ocrx_word' id='word_1_270' title='bbox 416 2619 622 2659; x_wconf 83' lang='lat' dir='ltr'>plementum.</span> 
     </span>
    </p>

    <p class='ocr_par' dir='ltr' id='par_1_7' title="bbox 417 2671 1207 2764">
     <span class='ocr_line' id='line_1_50' title="bbox 481 2671 1207 2712; baseline 0.006 -14"><span class='ocrx_word' id='word_1_271' title='bbox 481 2674 509 2701; x_wconf 70' lang='lat'>(3.</span> <span class='ocrx_word' id='word_1_272' title='bbox 536 2671 690 2701; x_wconf 79' lang='lat' dir='ltr'>l&#39;retcrca</span> <span class='ocrx_word' id='word_1_273' title='bbox 723 2671 905 2701; x_wconf 70' lang='lat' dir='ltr'>huiusmodi</span> <span class='ocrx_word' id='word_1_274' title='bbox 936 2672 1151 2712; x_wconf 72' lang='lat' dir='ltr'>composicioni</span> <span class='ocrx_word' id='word_1_275' title='bbox 1177 2676 1207 2702; x_wconf 85' lang='lat' dir='ltr'>et</span> 
     </span>
     <span class='ocr_line' id='line_1_51' title="bbox 417 2723 1205 2764; baseline 0.003 -12"><span class='ocrx_word' id='word_1_276' title='bbox 417 2723 484 2763; x_wconf 79' lang='lat' dir='ltr'>paci</span> <span class='ocrx_word' id='word_1_277' title='bbox 510 2723 707 2763; x_wconf 73' lang='lat' dir='ltr'>generaliter</span> <span class='ocrx_word' id='word_1_278' title='bbox 737 2723 926 2753; x_wconf 71' lang='lat' dir='ltr'>includimus</span> <span class='ocrx_word' id='word_1_279' title='bbox 956 2724 1115 2764; x_wconf 78' lang='lat' dir='ltr'>quoslibet</span> <span class='ocrx_word' id='word_1_280' title='bbox 1140 2735 1205 2754; x_wconf 79' lang='lat' dir='ltr'>ser-</span> 
     </span>
    </p>
   </div>
   <div class='ocr_carea' id='block_1_5' title="bbox 520 2791 1005 2824">
    <p class='ocr_par' dir='ltr' id='par_1_8' title="bbox 520 2791 1005 2824">
     <span class='ocr_line' id='line_1_52' title="bbox 520 2791 1005 2824; baseline 0 -7"><span class='ocrx_word' id='word_1_281' title='bbox 520 2792 543 2822; x_wconf 66' lang='lat' dir='ltr'>l)</span> <span class='ocrx_word' id='word_1_282' title='bbox 567 2792 605 2824; x_wconf 62' lang='grc' dir='ltr'>(γ’.</span> <span class='ocrx_word' id='word_1_283' title='bbox 627 2792 703 2816; x_wconf 48' lang='grc' dir='ltr'>(Ιίιιηι</span> <span class='ocrx_word' id='word_1_284' title='bbox 727 2792 857 2824; x_wconf 67' lang='lat' dir='ltr'>l·&#39;‹·51.1&#39;mp.</span> <span class='ocrx_word' id='word_1_285' title='bbox 880 2791 1005 2823; x_wconf 50' lang='lat' dir='ltr'>1&#39;J‚10.v:,.</span> 
     </span>
    </p>
   </div>
   <div class='ocr_carea' id='block_1_6' title="bbox 1255 233 2048 429">
    <p class='ocr_par' dir='ltr' id='par_1_9' title="bbox 1255 233 2048 429">
     <span class='ocr_line' id='line_1_53' title="bbox 1255 233 2046 276; baseline 0.001 -12"><span class='ocrx_word' id='word_1_286' title='bbox 1255 234 1462 265; x_wconf 85' lang='lat' dir='ltr'>karissimum</span> <span class='ocrx_word' id='word_1_287' title='bbox 1492 233 1637 265; x_wconf 86' lang='lat' dir='ltr'>eiusdem</span> <span class='ocrx_word' id='word_1_288' title='bbox 1667 234 1753 275; x_wconf 86' lang='lat' dir='ltr'>regis</span> <span class='ocrx_word' id='word_1_289' title='bbox 1784 234 1847 265; x_wconf 90' lang='lat' dir='ltr'>filie</span> <span class='ocrx_word' id='word_1_290' title='bbox 1872 233 1948 266; x_wconf 87' lang='lat' dir='ltr'>dare</span> <span class='ocrx_word' id='word_1_291' title='bbox 1973 245 2046 276; x_wconf 90' lang='lat' dir='ltr'>pro-</span> 
     </span>
     <span class='ocr_line' id='line_1_54' title="bbox 1256 285 2048 325; baseline 0.001 -9"><span class='ocrx_word' id='word_1_292' title='bbox 1256 285 1413 319; x_wconf 87' lang='lat' dir='ltr'>mittimus</span> <span class='ocrx_word' id='word_1_293' title='bbox 1441 286 1472 316; x_wconf 91' lang='lat' dir='ltr'>in</span> <span class='ocrx_word' id='word_1_294' title='bbox 1504 286 1669 325; x_wconf 86' lang='lat' dir='ltr'>maritum,</span> <span class='ocrx_word' id='word_1_295' title='bbox 1700 286 1751 316; x_wconf 90' lang='lat' dir='ltr'>eui</span> <span class='ocrx_word' id='word_1_296' title='bbox 1780 285 1864 316; x_wconf 91' lang='lat' dir='ltr'>idem</span> <span class='ocrx_word' id='word_1_297' title='bbox 1899 285 2048 317; x_wconf 89' lang='lat' dir='ltr'>dominus</span> 
     </span>
     <span class='ocr_line' id='line_1_55' title="bbox 1255 337 2048 379; baseline 0.001 -11"><span class='ocrx_word' id='word_1_298' title='bbox 1255 340 1365 368; x_wconf 88' lang='lat' dir='ltr'>noster</span> <span class='ocrx_word' id='word_1_299' title='bbox 1388 348 1446 368; x_wconf 88' lang='lat' dir='ltr'>rex</span> <span class='ocrx_word' id='word_1_300' title='bbox 1471 337 1636 368; x_wconf 84' lang='lat' dir='ltr'>civitatem</span> <span class='ocrx_word' id='word_1_301' title='bbox 1654 338 1793 379; x_wconf 86' lang='lat' dir='ltr'>imperii,</span> <span class='ocrx_word' id='word_1_302' title='bbox 1817 337 1937 379; x_wconf 87' lang='lat' dir='ltr'>Egram</span> <span class='ocrx_word' id='word_1_303' title='bbox 1961 338 2048 369; x_wconf 89' lang='lat' dir='ltr'>scili-</span> 
     </span>
     <span class='ocr_line' id='line_1_56' title="bbox 1257 389 2048 429; baseline 0.001 -10"><span class='ocrx_word' id='word_1_304' title='bbox 1257 392 1316 427; x_wconf 87' lang='lat' dir='ltr'>cet,</span> <span class='ocrx_word' id='word_1_305' title='bbox 1342 400 1413 420; x_wconf 90' lang='lat' dir='ltr'>eum</span> <span class='ocrx_word' id='word_1_306' title='bbox 1439 389 1587 419; x_wconf 90' lang='lat' dir='ltr'>omnibus</span> <span class='ocrx_word' id='word_1_307' title='bbox 1612 389 1796 420; x_wconf 87' lang='lat' dir='ltr'>attinenciis</span> <span class='ocrx_word' id='word_1_308' title='bbox 1822 390 1897 426; x_wconf 77' lang='lat' dir='ltr'>suis,</span> <span class='ocrx_word' id='word_1_309' title='bbox 1923 390 2048 429; x_wconf 83' lang='lat' dir='ltr'>castris,</span> 
     </span>
    </p>
   </div>
   <div class='ocr_carea' id='block_1_7' title="bbox 1256 440 2101 482">
    <p class='ocr_par' dir='ltr' id='par_1_10' title="bbox 1256 440 2101 482">
     <span class='ocr_line' id='line_1_57' title="bbox 1256 440 2101 482; baseline -0.001 -11"><span class='ocrx_word' id='word_1_310' title='bbox 1256 441 1525 482; x_wconf 83' lang='lat' dir='ltr'>possessionibus,</span> <span class='ocrx_word' id='word_1_311' title='bbox 1537 440 1719 472; x_wconf 88' lang='lat' dir='ltr'>homiuibus</span> <span class='ocrx_word' id='word_1_312' title='bbox 1732 444 1763 472; x_wconf 91' lang='lat' dir='ltr'>et</span> <span class='ocrx_word' id='word_1_313' title='bbox 1776 441 1845 472; x_wconf 86' lang='lat' dir='ltr'>aliis</span> <span class='ocrx_word' id='word_1_314' title='bbox 1855 441 2050 482; x_wconf 91' lang='lat' dir='ltr'>quibuscun-</span> <span class='ocrx_word' id='word_1_315' title='bbox 2090 454 2101 470; x_wconf 74' lang='grc' dir='ltr'>ε»</span> 
     </span>
    </p>
   </div>
   <div class='ocr_carea' id='block_1_8' title="bbox 1257 492 2055 2612">
    <p class='ocr_par' dir='ltr' id='par_1_11' title="bbox 1257 492 2050 638">
     <span class='ocr_line' id='line_1_58' title="bbox 1257 492 2050 534; baseline 0 -11"><span class='ocrx_word' id='word_1_316' title='bbox 1257 503 1329 534; x_wconf 83' lang='lat' dir='ltr'>que,</span> <span class='ocrx_word' id='word_1_317' title='bbox 1349 503 1410 534; x_wconf 86' lang='lat' dir='ltr'>que</span> <span class='ocrx_word' id='word_1_318' title='bbox 1432 503 1488 523; x_wconf 90' lang='lat' dir='ltr'>nos</span> <span class='ocrx_word' id='word_1_319' title='bbox 1509 492 1548 523; x_wconf 89' lang='lat' dir='ltr'>ad</span> <span class='ocrx_word' id='word_1_320' title='bbox 1566 503 1699 534; x_wconf 86' lang='lat' dir='ltr'>presens</span> <span class='ocrx_word' id='word_1_321' title='bbox 1721 496 1832 524; x_wconf 89' lang='lat' dir='ltr'>tenere</span> <span class='ocrx_word' id='word_1_322' title='bbox 1846 493 2050 531; x_wconf 87' lang='lat' dir='ltr'>dinoscimur,</span> 
     </span>
     <span class='ocr_line' id='line_1_59' title="bbox 1257 544 2050 586; baseline 0.003 -12"><span class='ocrx_word' id='word_1_323' title='bbox 1257 555 1313 586; x_wconf 91' lang='lat' dir='ltr'>pro</span> <span class='ocrx_word' id='word_1_324' title='bbox 1327 544 1439 575; x_wconf 81' lang='lat' dir='ltr'>decem</span> <span class='ocrx_word' id='word_1_325' title='bbox 1453 544 1582 575; x_wconf 88' lang='lat' dir='ltr'>milibus</span> <span class='ocrx_word' id='word_1_326' title='bbox 1596 555 1774 575; x_wconf 85' lang='lat' dir='ltr'>marcarum</span> <span class='ocrx_word' id='word_1_327' title='bbox 1786 545 1909 586; x_wconf 86' lang='lat' dir='ltr'>argenti</span> <span class='ocrx_word' id='word_1_328' title='bbox 1923 545 2050 576; x_wconf 89' lang='lat' dir='ltr'>nomine</span> 
     </span>
     <span class='ocr_line' id='line_1_60' title="bbox 1257 596 2050 638; baseline 0.003 -12"><span class='ocrx_word' id='word_1_329' title='bbox 1257 596 1398 627; x_wconf 88' lang='lat' dir='ltr'>dotalicii</span> <span class='ocrx_word' id='word_1_330' title='bbox 1423 596 1490 626; x_wconf 90' lang='lat' dir='ltr'>sive</span> <span class='ocrx_word' id='word_1_331' title='bbox 1515 596 1597 626; x_wconf 89' lang='lat' dir='ltr'>dotis</span> <span class='ocrx_word' id='word_1_332' title='bbox 1615 597 1708 627; x_wconf 90' lang='lat' dir='ltr'>titulo</span> <span class='ocrx_word' id='word_1_333' title='bbox 1726 597 1867 638; x_wconf 83' lang='lat' dir='ltr'>pignoris</span> <span class='ocrx_word' id='word_1_334' title='bbox 1883 597 2050 638; x_wconf 82' lang='lat' dir='ltr'>obligabit.</span> 
     </span>
    </p>

    <p class='ocr_par' dir='ltr' id='par_1_12' title="bbox 1257 648 2053 1260">
     <span class='ocr_line' id='line_1_61' title="bbox 1322 648 2049 688; baseline 0.003 -11"><span class='ocrx_word' id='word_1_335' title='bbox 1322 650 1349 678; x_wconf 87' lang='grc'>3.</span> <span class='ocrx_word' id='word_1_336' title='bbox 1374 648 1528 678; x_wconf 86' lang='lat' dir='ltr'>Preterca</span> <span class='ocrx_word' id='word_1_337' title='bbox 1552 649 1660 679; x_wconf 86' lang='lat' dir='ltr'>onmia</span> <span class='ocrx_word' id='word_1_338' title='bbox 1690 652 1812 688; x_wconf 85' lang='lat' dir='ltr'>castra,</span> <span class='ocrx_word' id='word_1_339' title='bbox 1841 649 2049 685; x_wconf 87' lang='lat' dir='ltr'>municiones,</span> 
     </span>
     <span class='ocr_line' id='line_1_62' title="bbox 1258 699 2048 741; baseline 0.003 -12"><span class='ocrx_word' id='word_1_340' title='bbox 1258 700 1482 740; x_wconf 84' lang='lat' dir='ltr'>possessiones</span> <span class='ocrx_word' id='word_1_341' title='bbox 1505 702 1536 731; x_wconf 84' lang='lat' dir='ltr'>et</span> <span class='ocrx_word' id='word_1_342' title='bbox 1553 699 1670 741; x_wconf 86' lang='lat' dir='ltr'>oppida</span> <span class='ocrx_word' id='word_1_343' title='bbox 1688 700 1727 731; x_wconf 90' lang='lat' dir='ltr'>ad</span> <span class='ocrx_word' id='word_1_344' title='bbox 1746 700 1896 731; x_wconf 85' lang='lat' dir='ltr'>ducatum</span> <span class='ocrx_word' id='word_1_345' title='bbox 1917 701 2048 731; x_wconf 88' lang='lat' dir='ltr'>Austrie</span> 
     </span>
     <span class='ocr_line' id='line_1_63' title="bbox 1257 751 2052 793; baseline 0.003 -12"><span class='ocrx_word' id='word_1_346' title='bbox 1257 751 1470 792; x_wconf 78' lang='lat' dir='ltr'>pertinencia,</span> <span class='ocrx_word' id='word_1_347' title='bbox 1504 761 1564 792; x_wconf 90' lang='lat' dir='ltr'>que</span> <span class='ocrx_word' id='word_1_348' title='bbox 1588 762 1647 793; x_wconf 89' lang='lat' dir='ltr'>per</span> <span class='ocrx_word' id='word_1_349' title='bbox 1671 762 1728 782; x_wconf 87' lang='lat' dir='ltr'>nos</span> <span class='ocrx_word' id='word_1_350' title='bbox 1754 753 1803 783; x_wconf 91' lang='lat' dir='ltr'>vel</span> <span class='ocrx_word' id='word_1_351' title='bbox 1827 752 1969 784; x_wconf 88' lang='lat' dir='ltr'>fautores</span> <span class='ocrx_word' id='word_1_352' title='bbox 1995 763 2052 783; x_wconf 87' lang='lat' dir='ltr'>seu</span> 
     </span>
     <span class='ocr_line' id='line_1_64' title="bbox 1257 802 2051 846; baseline 0.004 -14"><span class='ocrx_word' id='word_1_353' title='bbox 1257 802 1419 833; x_wconf 85' lang='lat' dir='ltr'>adiutores</span> <span class='ocrx_word' id='word_1_354' title='bbox 1449 808 1575 833; x_wconf 80' lang='lat' dir='ltr'>nostros</span> <span class='ocrx_word' id='word_1_355' title='bbox 1606 803 1763 835; x_wconf 89' lang='lat' dir='ltr'>hactenus</span> <span class='ocrx_word' id='word_1_356' title='bbox 1795 808 1953 846; x_wconf 85' lang='lat' dir='ltr'>occupata</span> <span class='ocrx_word' id='word_1_357' title='bbox 1982 804 2051 835; x_wconf 90' lang='lat' dir='ltr'>fue-</span> 
     </span>
     <span class='ocr_line' id='line_1_65' title="bbox 1258 854 2052 897; baseline 0.004 -13"><span class='ocrx_word' id='word_1_358' title='bbox 1258 858 1345 892; x_wconf 75' lang='lat' dir='ltr'>runt,</span> <span class='ocrx_word' id='word_1_359' title='bbox 1378 854 1584 885; x_wconf 80' lang='lat' dir='ltr'>restituemus</span> <span class='ocrx_word' id='word_1_360' title='bbox 1608 856 1670 896; x_wconf 86' lang='lat' dir='ltr'>ipsi</span> <span class='ocrx_word' id='word_1_361' title='bbox 1695 855 1824 886; x_wconf 88' lang='lat' dir='ltr'>domino</span> <span class='ocrx_word' id='word_1_362' title='bbox 1848 860 1957 887; x_wconf 87' lang='lat' dir='ltr'>nostro</span> <span class='ocrx_word' id='word_1_363' title='bbox 1982 856 2052 897; x_wconf 86' lang='lat' dir='ltr'>regi</span> 
     </span>
     <span class='ocr_line' id='line_1_66' title="bbox 1258 905 2053 939; baseline 0.001 -2"><span class='ocrx_word' id='word_1_364' title='bbox 1258 909 1290 937; x_wconf 87' lang='lat' dir='ltr'>et</span> <span class='ocrx_word' id='word_1_365' title='bbox 1306 906 1372 936; x_wconf 91' lang='lat' dir='ltr'>suis</span> <span class='ocrx_word' id='word_1_366' title='bbox 1388 905 1565 937; x_wconf 85' lang='lat' dir='ltr'>fautoribus</span> <span class='ocrx_word' id='word_1_367' title='bbox 1591 910 1623 938; x_wconf 89' lang='lat' dir='ltr'>et</span> <span class='ocrx_word' id='word_1_368' title='bbox 1640 907 1740 938; x_wconf 85' lang='lat' dir='ltr'>eciam</span> <span class='ocrx_word' id='word_1_369' title='bbox 1758 907 1956 939; x_wconf 85' lang='lat' dir='ltr'>adiutoribus</span> <span class='ocrx_word' id='word_1_370' title='bbox 1981 918 2053 938; x_wconf 89' lang='lat' dir='ltr'>cum</span> 
     </span>
     <span class='ocr_line' id='line_1_67' title="bbox 1258 959 2050 1000; baseline 0.003 -12"><span class='ocrx_word' id='word_1_371' title='bbox 1258 959 1443 1000; x_wconf 82' lang='lat' dir='ltr'>integritate</span> <span class='ocrx_word' id='word_1_372' title='bbox 1460 959 1616 1000; x_wconf 77' lang='lat' dir='ltr'>plenaria,</span> <span class='ocrx_word' id='word_1_373' title='bbox 1634 961 1728 991; x_wconf 89' lang='lat' dir='ltr'>metis</span> <span class='ocrx_word' id='word_1_374' title='bbox 1746 960 1890 999; x_wconf 88' lang='lat' dir='ltr'>Boemie,</span> <span class='ocrx_word' id='word_1_375' title='bbox 1908 960 2050 990; x_wconf 89' lang='lat' dir='ltr'>Moravie</span> 
     </span>
     <span class='ocr_line' id='line_1_68' title="bbox 1259 1010 2052 1054; baseline 0.004 -14"><span class='ocrx_word' id='word_1_376' title='bbox 1259 1013 1290 1041; x_wconf 89' lang='lat' dir='ltr'>et</span> <span class='ocrx_word' id='word_1_377' title='bbox 1320 1010 1453 1041; x_wconf 88' lang='lat' dir='ltr'>Austrie</span> <span class='ocrx_word' id='word_1_378' title='bbox 1485 1011 1515 1041; x_wconf 92' lang='lat' dir='ltr'>in</span> <span class='ocrx_word' id='word_1_379' title='bbox 1545 1022 1582 1042; x_wconf 91' lang='lat' dir='ltr'>eo</span> <span class='ocrx_word' id='word_1_380' title='bbox 1615 1015 1701 1042; x_wconf 85' lang='lat' dir='ltr'>statu</span> <span class='ocrx_word' id='word_1_381' title='bbox 1733 1012 1954 1051; x_wconf 84' lang='lat' dir='ltr'>manentibus,</span> <span class='ocrx_word' id='word_1_382' title='bbox 1990 1022 2052 1054; x_wconf 91' lang='lat' dir='ltr'>quo</span> 
     </span>
     <span class='ocr_line' id='line_1_69' title="bbox 1258 1063 2053 1104; baseline 0.003 -11"><span class='ocrx_word' id='word_1_383' title='bbox 1258 1067 1403 1104; x_wconf 89' lang='lat' dir='ltr'>tempore</span> <span class='ocrx_word' id='word_1_384' title='bbox 1429 1063 1512 1093; x_wconf 82' lang='lat' dir='ltr'>clare</span> <span class='ocrx_word' id='word_1_385' title='bbox 1537 1064 1690 1095; x_wconf 89' lang='lat' dir='ltr'>memorie</span> <span class='ocrx_word' id='word_1_386' title='bbox 1725 1074 1837 1104; x_wconf 85' lang='lat' dir='ltr'>regum</span> <span class='ocrx_word' id='word_1_387' title='bbox 1861 1064 1995 1095; x_wconf 90' lang='lat' dir='ltr'>Boemie</span> <span class='ocrx_word' id='word_1_388' title='bbox 2021 1067 2053 1095; x_wconf 88' lang='lat' dir='ltr'>et</span> 
     </span>
     <span class='ocr_line' id='line_1_70' title="bbox 1259 1114 2052 1158; baseline 0.001 -13"><span class='ocrx_word' id='word_1_389' title='bbox 1259 1115 1476 1145; x_wconf 86' lang='lat' dir='ltr'>marchionum</span> <span class='ocrx_word' id='word_1_390' title='bbox 1502 1114 1643 1146; x_wconf 88' lang='lat' dir='ltr'>Moravie</span> <span class='ocrx_word' id='word_1_391' title='bbox 1674 1126 1798 1146; x_wconf 90' lang='lat' dir='ltr'>necnon</span> <span class='ocrx_word' id='word_1_392' title='bbox 1829 1115 1990 1158; x_wconf 89' lang='lat' dir='ltr'>Leupoldi</span> <span class='ocrx_word' id='word_1_393' title='bbox 2020 1119 2052 1146; x_wconf 89' lang='lat' dir='ltr'>et</span> 
     </span>
     <span class='ocr_line' id='line_1_71' title="bbox 1259 1166 2048 1199; baseline 0 -2"><span class='ocrx_word' id='word_1_394' title='bbox 1259 1167 1414 1198; x_wconf 82' lang='lat' dir='ltr'>Friderici</span> <span class='ocrx_word' id='word_1_395' title='bbox 1439 1166 1555 1197; x_wconf 88' lang='lat' dir='ltr'>ducum</span> <span class='ocrx_word' id='word_1_396' title='bbox 1580 1167 1711 1198; x_wconf 85' lang='lat' dir='ltr'>Austrie</span> <span class='ocrx_word' id='word_1_397' title='bbox 1736 1168 1776 1198; x_wconf 87' lang='lat' dir='ltr'>ab</span> <span class='ocrx_word' id='word_1_398' title='bbox 1801 1167 1923 1199; x_wconf 85' lang='lat' dir='ltr'>eisdem</span> <span class='ocrx_word' id='word_1_399' title='bbox 1948 1167 2048 1198; x_wconf 89' lang='lat' dir='ltr'>domi-</span> 
     </span>
     <span class='ocr_line' id='line_1_72' title="bbox 1259 1221 1590 1260; baseline -0.003 -9"><span class='ocrx_word' id='word_1_400' title='bbox 1259 1221 1306 1251; x_wconf 90' lang='lat' dir='ltr'>nis</span> <span class='ocrx_word' id='word_1_401' title='bbox 1332 1222 1405 1250; x_wconf 87' lang='lat' dir='ltr'>sunt</span> <span class='ocrx_word' id='word_1_402' title='bbox 1428 1229 1590 1260; x_wconf 80' lang='lat' dir='ltr'>possesse.</span> 
     </span>
    </p>

    <p class='ocr_par' dir='ltr' id='par_1_13' title="bbox 1259 1271 2055 1668">
     <span class='ocr_line' id='line_1_73' title="bbox 1324 1271 2052 1313; baseline 0.001 -11"><span class='ocrx_word' id='word_1_403' title='bbox 1324 1274 1352 1302; x_wconf 81' lang='lat'>4.</span> <span class='ocrx_word' id='word_1_404' title='bbox 1378 1272 1450 1313; x_wconf 86' lang='lat' dir='ltr'>Ipse</span> <span class='ocrx_word' id='word_1_405' title='bbox 1469 1272 1571 1303; x_wconf 88' lang='lat' dir='ltr'>eciam</span> <span class='ocrx_word' id='word_1_406' title='bbox 1589 1271 1737 1303; x_wconf 90' lang='lat' dir='ltr'>dominus</span> <span class='ocrx_word' id='word_1_407' title='bbox 1756 1276 1866 1303; x_wconf 89' lang='lat' dir='ltr'>noster</span> <span class='ocrx_word' id='word_1_408' title='bbox 1888 1283 1947 1304; x_wconf 80' lang='lat' dir='ltr'>rex</span> <span class='ocrx_word' id='word_1_409' title='bbox 1964 1273 2052 1303; x_wconf 86' lang='lat' dir='ltr'>simi—</span> 
     </span>
     <span class='ocr_line' id='line_1_74' title="bbox 1259 1324 2054 1366; baseline 0 -11"><span class='ocrx_word' id='word_1_410' title='bbox 1259 1324 1333 1355; x_wconf 91' lang='lat' dir='ltr'>liter</span> <span class='ocrx_word' id='word_1_411' title='bbox 1349 1325 1456 1355; x_wconf 88' lang='lat' dir='ltr'>omnia</span> <span class='ocrx_word' id='word_1_412' title='bbox 1473 1327 1588 1363; x_wconf 85' lang='lat' dir='ltr'>eastra,</span> <span class='ocrx_word' id='word_1_413' title='bbox 1606 1324 1814 1363; x_wconf 81' lang='lat' dir='ltr'>municiones,</span> <span class='ocrx_word' id='word_1_414' title='bbox 1833 1325 2054 1366; x_wconf 85' lang='lat' dir='ltr'>possessiones</span> 
     </span>
     <span class='ocr_line' id='line_1_75' title="bbox 1260 1375 2053 1418; baseline 0 -11"><span class='ocrx_word' id='word_1_415' title='bbox 1260 1381 1292 1407; x_wconf 89' lang='lat' dir='ltr'>et</span> <span class='ocrx_word' id='word_1_416' title='bbox 1317 1376 1434 1418; x_wconf 87' lang='lat' dir='ltr'>oppida</span> <span class='ocrx_word' id='word_1_417' title='bbox 1458 1375 1496 1406; x_wconf 88' lang='lat' dir='ltr'>ad</span> <span class='ocrx_word' id='word_1_418' title='bbox 1523 1386 1657 1417; x_wconf 83' lang='lat' dir='ltr'>regnum</span> <span class='ocrx_word' id='word_1_419' title='bbox 1682 1376 1816 1407; x_wconf 90' lang='lat' dir='ltr'>Boemie</span> <span class='ocrx_word' id='word_1_420' title='bbox 1841 1380 1873 1408; x_wconf 92' lang='lat' dir='ltr'>et</span> <span class='ocrx_word' id='word_1_421' title='bbox 1896 1376 2053 1407; x_wconf 84' lang='lat' dir='ltr'>marchio-</span> 
     </span>
     <span class='ocr_line' id='line_1_76' title="bbox 1260 1428 2052 1470; baseline 0 -11"><span class='ocrx_word' id='word_1_422' title='bbox 1260 1432 1369 1459; x_wconf 87' lang='lat' dir='ltr'>natum</span> <span class='ocrx_word' id='word_1_423' title='bbox 1387 1428 1531 1459; x_wconf 88' lang='lat' dir='ltr'>Moravie</span> <span class='ocrx_word' id='word_1_424' title='bbox 1555 1428 1753 1469; x_wconf 87' lang='lat' dir='ltr'>speetaneia,</span> <span class='ocrx_word' id='word_1_425' title='bbox 1778 1439 1840 1470; x_wconf 90' lang='lat' dir='ltr'>que</span> <span class='ocrx_word' id='word_1_426' title='bbox 1864 1439 1922 1470; x_wconf 91' lang='lat' dir='ltr'>per</span> <span class='ocrx_word' id='word_1_427' title='bbox 1946 1428 2052 1470; x_wconf 90' lang='lat' dir='ltr'>ipsum</span> 
     </span>
     <span class='ocr_line' id='line_1_77' title="bbox 1261 1479 2052 1521; baseline 0 -10"><span class='ocrx_word' id='word_1_428' title='bbox 1261 1481 1311 1511; x_wconf 87' lang='lat' dir='ltr'>vel</span> <span class='ocrx_word' id='word_1_429' title='bbox 1344 1491 1418 1511; x_wconf 79' lang='lat' dir='ltr'>suos</span> <span class='ocrx_word' id='word_1_430' title='bbox 1443 1479 1534 1510; x_wconf 90' lang='lat' dir='ltr'>nobis</span> <span class='ocrx_word' id='word_1_431' title='bbox 1565 1484 1596 1510; x_wconf 84' lang='lat' dir='ltr'>et</span> <span class='ocrx_word' id='word_1_432' title='bbox 1625 1480 1742 1510; x_wconf 91' lang='lat' dir='ltr'>nostris</span> <span class='ocrx_word' id='word_1_433' title='bbox 1778 1490 1835 1521; x_wconf 90' lang='lat' dir='ltr'>per</span> <span class='ocrx_word' id='word_1_434' title='bbox 1865 1480 2052 1512; x_wconf 87' lang='lat' dir='ltr'>iniuriosam</span> 
     </span>
     <span class='ocr_line' id='line_1_78' title="bbox 1260 1531 2053 1574; baseline 0 -11"><span class='ocrx_word' id='word_1_435' title='bbox 1260 1532 1450 1564; x_wconf 85' lang='lat' dir='ltr'>violenciam</span> <span class='ocrx_word' id='word_1_436' title='bbox 1487 1535 1560 1562; x_wconf 89' lang='lat' dir='ltr'>sunt</span> <span class='ocrx_word' id='word_1_437' title='bbox 1596 1531 1760 1562; x_wconf 85' lang='lat' dir='ltr'>subtracta</span> <span class='ocrx_word' id='word_1_438' title='bbox 1795 1543 1851 1563; x_wconf 90' lang='lat' dir='ltr'>seu</span> <span class='ocrx_word' id='word_1_439' title='bbox 1887 1535 2053 1574; x_wconf 83' lang='lat' dir='ltr'>occupata,</span> 
     </span>
     <span class='ocr_line' id='line_1_79' title="bbox 1260 1583 2055 1625; baseline -0.003 -9"><span class='ocrx_word' id='word_1_440' title='bbox 1260 1585 1352 1616; x_wconf 89' lang='lat' dir='ltr'>nobis</span> <span class='ocrx_word' id='word_1_441' title='bbox 1378 1587 1410 1614; x_wconf 85' lang='lat' dir='ltr'>ct</span> <span class='ocrx_word' id='word_1_442' title='bbox 1433 1584 1551 1614; x_wconf 83' lang='lat' dir='ltr'>nostris</span> <span class='ocrx_word' id='word_1_443' title='bbox 1575 1583 1727 1615; x_wconf 83' lang='lat' dir='ltr'>restituet</span> <span class='ocrx_word' id='word_1_444' title='bbox 1750 1584 1876 1625; x_wconf 86' lang='lat' dir='ltr'>integre</span> <span class='ocrx_word' id='word_1_445' title='bbox 1901 1587 1933 1615; x_wconf 87' lang='lat' dir='ltr'>et</span> <span class='ocrx_word' id='word_1_446' title='bbox 1955 1584 2055 1615; x_wconf 87' lang='lat' dir='ltr'>faciet</span> 
     </span>
     <span class='ocr_line' id='line_1_80' title="bbox 1260 1635 1603 1668; baseline 0 -1"><span class='ocrx_word' id='word_1_447' title='bbox 1260 1637 1385 1668; x_wconf 90' lang='lat' dir='ltr'>restitui</span> <span class='ocrx_word' id='word_1_448' title='bbox 1409 1635 1478 1666; x_wconf 91' lang='lat' dir='ltr'>vice</span> <span class='ocrx_word' id='word_1_449' title='bbox 1503 1645 1603 1667; x_wconf 84' lang='lat' dir='ltr'>versa.</span> 
     </span>
    </p>

    <p class='ocr_par' dir='ltr' id='par_1_14' title="bbox 1260 1686 2054 2612">
     <span class='ocr_line' id='line_1_81' title="bbox 1325 1686 2053 1729; baseline 0 -11"><span class='ocrx_word' id='word_1_450' title='bbox 1325 1691 1352 1719; x_wconf 83' lang='lat'>5.</span> <span class='ocrx_word' id='word_1_451' title='bbox 1378 1687 1528 1729; x_wconf 87' lang='lat' dir='ltr'>Excepto</span> <span class='ocrx_word' id='word_1_452' title='bbox 1556 1687 1725 1718; x_wconf 78' lang='lat' dir='ltr'>dumtaxat</span> <span class='ocrx_word' id='word_1_453' title='bbox 1747 1686 1990 1729; x_wconf 82' lang='lat' dir='ltr'>Nyeolspurch‚</span> <span class='ocrx_word' id='word_1_454' title='bbox 2022 1688 2053 1718; x_wconf 93' lang='lat' dir='ltr'>in</span> 
     </span>
     <span class='ocr_line' id='line_1_82' title="bbox 1261 1738 2052 1781; baseline -0.001 -10"><span class='ocrx_word' id='word_1_455' title='bbox 1261 1740 1350 1771; x_wconf 89' lang='lat' dir='ltr'>cuius</span> <span class='ocrx_word' id='word_1_456' title='bbox 1395 1739 1602 1780; x_wconf 83' lang='lat' dir='ltr'>possessione</span> <span class='ocrx_word' id='word_1_457' title='bbox 1641 1738 1692 1769; x_wconf 84' lang='lat' dir='ltr'>Fr.</span> <span class='ocrx_word' id='word_1_458' title='bbox 1730 1738 1770 1770; x_wconf 89' lang='lat' dir='ltr'>de</span> <span class='ocrx_word' id='word_1_459' title='bbox 1806 1739 2052 1781; x_wconf 76' lang='lat' dir='ltr'>Liehtenstayn,</span> 
     </span>
     <span class='ocr_line' id='line_1_83' title="bbox 1261 1790 2054 1832; baseline 0 -10"><span class='ocrx_word' id='word_1_460' title='bbox 1261 1792 1351 1823; x_wconf 89' lang='lat' dir='ltr'>cuius</span> <span class='ocrx_word' id='word_1_461' title='bbox 1376 1790 1506 1821; x_wconf 89' lang='lat' dir='ltr'>feudum</span> <span class='ocrx_word' id='word_1_462' title='bbox 1533 1801 1603 1822; x_wconf 87' lang='lat' dir='ltr'>esse</span> <span class='ocrx_word' id='word_1_463' title='bbox 1629 1790 1819 1830; x_wconf 83' lang='lat' dir='ltr'>dinoscitur,</span> <span class='ocrx_word' id='word_1_464' title='bbox 1849 1791 2054 1832; x_wconf 88' lang='lat' dir='ltr'>permanebit</span> 
     </span>
     <span class='ocr_line' id='line_1_84' title="bbox 1260 1841 2053 1885; baseline -0.001 -11"><span class='ocrx_word' id='word_1_465' title='bbox 1260 1844 1394 1885; x_wconf 84' lang='lat' dir='ltr'>pacifice</span> <span class='ocrx_word' id='word_1_466' title='bbox 1426 1845 1457 1873; x_wconf 92' lang='lat' dir='ltr'>et</span> <span class='ocrx_word' id='word_1_467' title='bbox 1485 1843 1601 1883; x_wconf 88' lang='lat' dir='ltr'>quiete.</span> <span class='ocrx_word' id='word_1_468' title='bbox 1652 1841 1808 1874; x_wconf 84' lang='lat' dir='ltr'>Preterea</span> <span class='ocrx_word' id='word_1_469' title='bbox 1839 1841 2053 1874; x_wconf 87' lang='lat' dir='ltr'>Chrumnowe</span> 
     </span>
     <span class='ocr_line' id='line_1_85' title="bbox 1261 1894 2052 1936; baseline -0.003 -9"><span class='ocrx_word' id='word_1_470' title='bbox 1261 1896 1305 1933; x_wconf 81' lang='lat' dir='ltr'>ei,</span> <span class='ocrx_word' id='word_1_471' title='bbox 1339 1895 1378 1926; x_wconf 86' lang='lat' dir='ltr'>ad</span> <span class='ocrx_word' id='word_1_472' title='bbox 1409 1905 1503 1936; x_wconf 90' lang='lat' dir='ltr'>quem</span> <span class='ocrx_word' id='word_1_473' title='bbox 1533 1894 1571 1924; x_wconf 92' lang='lat' dir='ltr'>de</span> <span class='ocrx_word' id='word_1_474' title='bbox 1607 1894 1674 1925; x_wconf 91' lang='lat' dir='ltr'>iure</span> <span class='ocrx_word' id='word_1_475' title='bbox 1703 1895 1860 1936; x_wconf 85' lang='lat' dir='ltr'>pertinet,</span> <span class='ocrx_word' id='word_1_476' title='bbox 1896 1895 2052 1935; x_wconf 84' lang='lat' dir='ltr'>assignari</span> 
     </span>
     <span class='ocr_line' id='line_1_86' title="bbox 1262 1946 2053 1988; baseline 0 -11"><span class='ocrx_word' id='word_1_477' title='bbox 1262 1947 1401 1978; x_wconf 83' lang='lat' dir='ltr'>debebit.</span> <span class='ocrx_word' id='word_1_478' title='bbox 1441 1946 1577 1987; x_wconf 86' lang='lat' dir='ltr'>Insuper</span> <span class='ocrx_word' id='word_1_479' title='bbox 1594 1949 1733 1977; x_wconf 87' lang='lat' dir='ltr'>castrum</span> <span class='ocrx_word' id='word_1_480' title='bbox 1751 1946 1918 1988; x_wconf 84' lang='lat' dir='ltr'>Mertenyz</span> <span class='ocrx_word' id='word_1_481' title='bbox 1935 1946 2053 1977; x_wconf 83' lang='lat' dir='ltr'>Alexio</span> 
     </span>
     <span class='ocr_line' id='line_1_87' title="bbox 1262 1997 2052 2029; baseline -0.001 0"><span class='ocrx_word' id='word_1_482' title='bbox 1262 1999 1354 2029; x_wconf 89' lang='lat' dir='ltr'>militi</span> <span class='ocrx_word' id='word_1_483' title='bbox 1372 2002 1480 2029; x_wconf 87' lang='lat' dir='ltr'>nostro</span> <span class='ocrx_word' id='word_1_484' title='bbox 1498 2002 1530 2028; x_wconf 91' lang='lat' dir='ltr'>et</span> <span class='ocrx_word' id='word_1_485' title='bbox 1554 1998 1646 2028; x_wconf 91' lang='lat' dir='ltr'>nobis</span> <span class='ocrx_word' id='word_1_486' title='bbox 1671 2001 1810 2029; x_wconf 86' lang='lat' dir='ltr'>castrum</span> <span class='ocrx_word' id='word_1_487' title='bbox 1834 1997 2052 2029; x_wconf 84' lang='lat' dir='ltr'>Durrenholtz</span> 
     </span>
     <span class='ocr_line' id='line_1_88' title="bbox 1261 2049 2053 2091; baseline -0.001 -10"><span class='ocrx_word' id='word_1_488' title='bbox 1261 2050 1357 2081; x_wconf 87' lang='lat' dir='ltr'>debet</span> <span class='ocrx_word' id='word_1_489' title='bbox 1382 2050 1506 2081; x_wconf 88' lang='lat' dir='ltr'>restitui</span> <span class='ocrx_word' id='word_1_490' title='bbox 1531 2050 1597 2080; x_wconf 91' lang='lat' dir='ltr'>sive</span> <span class='ocrx_word' id='word_1_491' title='bbox 1623 2049 1722 2080; x_wconf 89' lang='lat' dir='ltr'>reddi.</span> <span class='ocrx_word' id='word_1_492' title='bbox 1768 2049 1802 2080; x_wconf 83' lang='lat' dir='ltr'>Si</span> <span class='ocrx_word' id='word_1_493' title='bbox 1826 2060 1920 2091; x_wconf 89' lang='lat' dir='ltr'>quam</span> <span class='ocrx_word' id='word_1_494' title='bbox 1945 2053 2053 2080; x_wconf 86' lang='lat' dir='ltr'>tamen</span> 
     </span>
     <span class='ocr_line' id='line_1_89' title="bbox 1262 2101 2052 2143; baseline 0 -11"><span class='ocrx_word' id='word_1_495' title='bbox 1262 2113 1319 2133; x_wconf 91' lang='lat' dir='ltr'>nos</span> <span class='ocrx_word' id='word_1_496' title='bbox 1344 2102 1514 2143; x_wconf 88' lang='lat' dir='ltr'>pecuniam</span> <span class='ocrx_word' id='word_1_497' title='bbox 1539 2101 1695 2133; x_wconf 88' lang='lat' dir='ltr'>debemus</span> <span class='ocrx_word' id='word_1_498' title='bbox 1720 2101 1859 2132; x_wconf 89' lang='lat' dir='ltr'>Hanrieo</span> <span class='ocrx_word' id='word_1_499' title='bbox 1885 2101 1924 2132; x_wconf 91' lang='lat' dir='ltr'>de</span> <span class='ocrx_word' id='word_1_500' title='bbox 1944 2101 2052 2132; x_wconf 86' lang='lat' dir='ltr'>Chun-</span> 
     </span>
     <span class='ocr_line' id='line_1_90' title="bbox 1261 2153 2053 2196; baseline -0.001 -12"><span class='ocrx_word' id='word_1_501' title='bbox 1261 2155 1332 2196; x_wconf 82' lang='lat' dir='ltr'>ring</span> <span class='ocrx_word' id='word_1_502' title='bbox 1362 2154 1562 2185; x_wconf 87' lang='lat' dir='ltr'>marschalco</span> <span class='ocrx_word' id='word_1_503' title='bbox 1591 2153 1723 2184; x_wconf 89' lang='lat' dir='ltr'>Austrie</span> <span class='ocrx_word' id='word_1_504' title='bbox 1749 2154 1798 2184; x_wconf 89' lang='lat' dir='ltr'>vel</span> <span class='ocrx_word' id='word_1_505' title='bbox 1829 2153 1928 2195; x_wconf 88' lang='lat' dir='ltr'>ipsius</span> <span class='ocrx_word' id='word_1_506' title='bbox 1960 2154 2053 2184; x_wconf 90' lang='lat' dir='ltr'>uxori</span> 
     </span>
     <span class='ocr_line' id='line_1_91' title="bbox 1261 2205 2049 2243; baseline -0.001 -7"><span class='ocrx_word' id='word_1_507' title='bbox 1261 2206 1325 2237; x_wconf 89' lang='lat' dir='ltr'>filie</span> <span class='ocrx_word' id='word_1_508' title='bbox 1350 2210 1457 2237; x_wconf 85' lang='lat' dir='ltr'>nostre</span> <span class='ocrx_word' id='word_1_509' title='bbox 1482 2205 1612 2243; x_wconf 89' lang='lat' dir='ltr'>dilecte,</span> <span class='ocrx_word' id='word_1_510' title='bbox 1642 2206 1728 2236; x_wconf 88' lang='lat' dir='ltr'>illam</span> <span class='ocrx_word' id='word_1_511' title='bbox 1754 2206 1960 2237; x_wconf 88' lang='lat' dir='ltr'>exsolvemus</span> <span class='ocrx_word' id='word_1_512' title='bbox 1986 2205 2049 2236; x_wconf 91' lang='lat' dir='ltr'>eis-</span> 
     </span>
     <span class='ocr_line' id='line_1_92' title="bbox 1262 2257 2054 2298; baseline -0.001 -9"><span class='ocrx_word' id='word_1_513' title='bbox 1262 2258 1345 2289; x_wconf 90' lang='lat' dir='ltr'>dem.</span> <span class='ocrx_word' id='word_1_514' title='bbox 1378 2257 1420 2288; x_wconf 85' lang='lat' dir='ltr'>Et</span> <span class='ocrx_word' id='word_1_515' title='bbox 1444 2258 1470 2288; x_wconf 90' lang='lat' dir='ltr'>si</span> <span class='ocrx_word' id='word_1_516' title='bbox 1489 2257 1572 2288; x_wconf 82' lang='lat' dir='ltr'>idem</span> <span class='ocrx_word' id='word_1_517' title='bbox 1590 2257 1631 2288; x_wconf 91' lang='lat' dir='ltr'>H.</span> <span class='ocrx_word' id='word_1_518' title='bbox 1657 2258 1706 2288; x_wconf 85' lang='lat' dir='ltr'>vel</span> <span class='ocrx_word' id='word_1_519' title='bbox 1721 2268 1802 2288; x_wconf 87' lang='lat' dir='ltr'>uxor</span> <span class='ocrx_word' id='word_1_520' title='bbox 1818 2257 1917 2298; x_wconf 88' lang='lat' dir='ltr'>ipsius</span> <span class='ocrx_word' id='word_1_521' title='bbox 1943 2260 2054 2288; x_wconf 86' lang='lat' dir='ltr'>contra</span> 
     </span>
     <span class='ocr_line' id='line_1_93' title="bbox 1263 2308 2053 2349; baseline 0 -10"><span class='ocrx_word' id='word_1_522' title='bbox 1263 2320 1319 2340; x_wconf 86' lang='lat' dir='ltr'>nos</span> <span class='ocrx_word' id='word_1_523' title='bbox 1351 2320 1446 2349; x_wconf 85' lang='lat' dir='ltr'>super</span> <span class='ocrx_word' id='word_1_524' title='bbox 1475 2309 1537 2340; x_wconf 91' lang='lat' dir='ltr'>iam</span> <span class='ocrx_word' id='word_1_525' title='bbox 1567 2309 1651 2340; x_wconf 87' lang='lat' dir='ltr'>dicto</span> <span class='ocrx_word' id='word_1_526' title='bbox 1681 2313 1787 2340; x_wconf 87' lang='lat' dir='ltr'>castro</span> <span class='ocrx_word' id='word_1_527' title='bbox 1816 2308 2053 2340; x_wconf 87' lang='lat' dir='ltr'>Durrenholtze</span> 
     </span>
     <span class='ocr_line' id='line_1_94' title="bbox 1263 2360 2053 2402; baseline -0.003 -10"><span class='ocrx_word' id='word_1_528' title='bbox 1263 2362 1433 2393; x_wconf 86' lang='lat' dir='ltr'>habuerint</span> <span class='ocrx_word' id='word_1_529' title='bbox 1450 2361 1589 2402; x_wconf 89' lang='lat' dir='ltr'>aliquam</span> <span class='ocrx_word' id='word_1_530' title='bbox 1608 2361 1776 2401; x_wconf 83' lang='lat' dir='ltr'>actionem,</span> <span class='ocrx_word' id='word_1_531' title='bbox 1801 2372 1858 2391; x_wconf 92' lang='lat' dir='ltr'>nos</span> <span class='ocrx_word' id='word_1_532' title='bbox 1876 2360 1916 2391; x_wconf 90' lang='lat' dir='ltr'>ad</span> <span class='ocrx_word' id='word_1_533' title='bbox 1933 2360 2053 2391; x_wconf 90' lang='lat' dir='ltr'>dictum</span> 
     </span>
     <span class='ocr_line' id='line_1_95' title="bbox 1264 2413 2054 2455; baseline 0.001 -13"><span class='ocrx_word' id='word_1_534' title='bbox 1264 2414 1487 2445; x_wconf 62' lang='lat' dir='ltr'>(Homucensis</span> <span class='ocrx_word' id='word_1_535' title='bbox 1506 2413 1649 2455; x_wconf 85' lang='lat' dir='ltr'>episcopi</span> <span class='ocrx_word' id='word_1_536' title='bbox 1675 2416 1706 2444; x_wconf 89' lang='lat' dir='ltr'>et</span> <span class='ocrx_word' id='word_1_537' title='bbox 1730 2413 1912 2454; x_wconf 86' lang='lat' dir='ltr'>purchravii</span> <span class='ocrx_word' id='word_1_538' title='bbox 1930 2413 2054 2454; x_wconf 87' lang='lat' dir='ltr'>predic-</span> 
     </span>
     <span class='ocr_line' id='line_1_96' title="bbox 1263 2464 2053 2507; baseline -0.003 -10"><span class='ocrx_word' id='word_1_539' title='bbox 1263 2471 1381 2505; x_wconf 87' lang='lat' dir='ltr'>torum,</span> <span class='ocrx_word' id='word_1_540' title='bbox 1412 2467 1464 2507; x_wconf 89' lang='lat' dir='ltr'>qui</span> <span class='ocrx_word' id='word_1_541' title='bbox 1496 2466 1554 2497; x_wconf 85' lang='lat' dir='ltr'>sub</span> <span class='ocrx_word' id='word_1_542' title='bbox 1580 2465 1751 2496; x_wconf 86' lang='lat' dir='ltr'>iuramenti</span> <span class='ocrx_word' id='word_1_543' title='bbox 1780 2464 1888 2496; x_wconf 89' lang='lat' dir='ltr'>debito</span> <span class='ocrx_word' id='word_1_544' title='bbox 1913 2465 2053 2506; x_wconf 89' lang='lat' dir='ltr'>questio-</span> 
     </span>
     <span class='ocr_line' id='line_1_97' title="bbox 1263 2517 2050 2555; baseline -0.003 -6"><span class='ocrx_word' id='word_1_545' title='bbox 1263 2530 1334 2549; x_wconf 90' lang='lat' dir='ltr'>nem</span> <span class='ocrx_word' id='word_1_546' title='bbox 1353 2519 1534 2549; x_wconf 85' lang='lat' dir='ltr'>huiusmodi</span> <span class='ocrx_word' id='word_1_547' title='bbox 1552 2518 1720 2555; x_wconf 82' lang='lat' dir='ltr'>diffinient,</span> <span class='ocrx_word' id='word_1_548' title='bbox 1746 2517 1970 2548; x_wconf 87' lang='lat' dir='ltr'>exhibebimus</span> <span class='ocrx_word' id='word_1_549' title='bbox 1988 2517 2050 2548; x_wconf 85' lang='lat' dir='ltr'>eis-</span> 
     </span>
     <span class='ocr_line' id='line_1_98' title="bbox 1262 2571 1777 2612; baseline -0.004 -11"><span class='ocrx_word' id='word_1_550' title='bbox 1262 2571 1333 2601; x_wconf 88' lang='lat' dir='ltr'>dem</span> <span class='ocrx_word' id='word_1_551' title='bbox 1360 2571 1482 2601; x_wconf 80' lang='lat' dir='ltr'>iusticie</span> <span class='ocrx_word' id='word_1_552' title='bbox 1508 2571 1777 2612; x_wconf 82' lang='lat' dir='ltr'>conplementum.</span> 
     </span>
    </p>
   </div>
   <div class='ocr_carea' id='block_1_9' title="bbox 1262 2672 2053 2766">
    <p class='ocr_par' dir='ltr' id='par_1_15' title="bbox 1262 2672 2053 2766">
     <span class='ocr_line' id='line_1_99' title="bbox 1327 2672 2053 2714; baseline 0 -11"><span class='ocrx_word' id='word_1_553' title='bbox 1327 2674 1353 2703; x_wconf 77' lang='lat'>(3.</span> <span class='ocrx_word' id='word_1_554' title='bbox 1379 2672 1530 2703; x_wconf 80' lang='lat' dir='ltr'>l‘reterca</span> <span class='ocrx_word' id='word_1_555' title='bbox 1562 2673 1742 2704; x_wconf 80' lang='lat' dir='ltr'>huiusmodi</span> <span class='ocrx_word' id='word_1_556' title='bbox 1776 2673 1990 2714; x_wconf 85' lang='lat' dir='ltr'>conposicioni</span> <span class='ocrx_word' id='word_1_557' title='bbox 2022 2676 2053 2703; x_wconf 88' lang='lat' dir='ltr'>et</span> 
     </span>
     <span class='ocr_line' id='line_1_100' title="bbox 1262 2724 2051 2766; baseline 0.001 -12"><span class='ocrx_word' id='word_1_558' title='bbox 1262 2725 1331 2765; x_wconf 87' lang='lat' dir='ltr'>paci</span> <span class='ocrx_word' id='word_1_559' title='bbox 1356 2725 1553 2764; x_wconf 73' lang='lat' dir='ltr'>generaliter</span> <span class='ocrx_word' id='word_1_560' title='bbox 1577 2725 1768 2756; x_wconf 87' lang='lat' dir='ltr'>includimus</span> <span class='ocrx_word' id='word_1_561' title='bbox 1793 2724 1955 2766; x_wconf 87' lang='lat' dir='ltr'>quoslibet</span> <span class='ocrx_word' id='word_1_562' title='bbox 1984 2735 2051 2755; x_wconf 86' lang='lat' dir='ltr'>ser-</span> 
     </span>
    </p>
   </div>
   <div class='ocr_carea' id='block_1_10' title="bbox 2081 713 2102 732">
    <p class='ocr_par' dir='ltr' id='par_1_16' title="bbox 2081 713 2102 732">
     <span class='ocr_line' id='line_1_101' title="bbox 2081 713 2102 732; baseline -0.048 0"><span class='ocrx_word' id='word_1_563' title='bbox 2081 713 2102 732; x_wconf 81' lang='lat'>10</span> 
     </span>
    </p>
   </div>
   <div class='ocr_carea' id='block_1_11' title="bbox 2081 972 2103 989">
    <p class='ocr_par' dir='ltr' id='par_1_17' title="bbox 2081 972 2103 989">
     <span class='ocr_line' id='line_1_102' title="bbox 2081 972 2103 989; baseline 0 0"><span class='ocrx_word' id='word_1_564' title='bbox 2081 972 2103 989; x_wconf 81' lang='lat'>15</span> 
     </span>
    </p>
   </div>
   <div class='ocr_carea' id='block_1_12' title="bbox 2079 1230 2103 1249">
    <p class='ocr_par' dir='ltr' id='par_1_18' title="bbox 2079 1230 2103 1249">
     <span class='ocr_line' id='line_1_103' title="bbox 2079 1230 2103 1249; baseline -0.042 0"><span class='ocrx_word' id='word_1_565' title='bbox 2079 1230 2103 1249; x_wconf 81' lang='lat'>20</span> 
     </span>
    </p>
   </div>
   <div class='ocr_carea' id='block_1_13' title="bbox 2081 1494 2104 1513">
    <p class='ocr_par' dir='ltr' id='par_1_19' title="bbox 2081 1494 2104 1513">
     <span class='ocr_line' id='line_1_104' title="bbox 2081 1494 2104 1513; baseline 0 0"><span class='ocrx_word' id='word_1_566' title='bbox 2081 1494 2104 1513; x_wconf 79' lang='lat'>25</span> 
     </span>
    </p>
   </div>
   <div class='ocr_carea' id='block_1_14' title="bbox 2081 1751 2105 1769">
    <p class='ocr_par' dir='ltr' id='par_1_20' title="bbox 2081 1751 2105 1769">
     <span class='ocr_line' id='line_1_105' title="bbox 2081 1751 2105 1769; baseline -0.042 0"><span class='ocrx_word' id='word_1_567' title='bbox 2081 1751 2105 1769; x_wconf 77' lang='lat'>³0</span> 
     </span>
    </p>
   </div>
   <div class='ocr_carea' id='block_1_15' title="bbox 2081 2009 2104 2028">
    <p class='ocr_par' dir='ltr' id='par_1_21' title="bbox 2081 2009 2104 2028">
     <span class='ocr_line' id='line_1_106' title="bbox 2081 2009 2104 2028; baseline 0.043 -1"><span class='ocrx_word' id='word_1_568' title='bbox 2081 2009 2104 2028; x_wconf 77' lang='lat'>35</span> 
     </span>
    </p>
   </div>
   <div class='ocr_carea' id='block_1_16' title="bbox 2080 2270 2105 2288">
    <p class='ocr_par' dir='ltr' id='par_1_22' title="bbox 2080 2270 2105 2288">
     <span class='ocr_line' id='line_1_107' title="bbox 2080 2270 2105 2288; baseline 0 0"><span class='ocrx_word' id='word_1_569' title='bbox 2080 2270 2105 2288; x_wconf 70' lang='lat'>40</span> 
     </span>
    </p>
   </div>
   <div class='ocr_carea' id='block_1_17' title="bbox 2079 2799 2103 2818">
    <p class='ocr_par' dir='ltr' id='par_1_23' title="bbox 2079 2799 2103 2818">
     <span class='ocr_line' id='line_1_108' title="bbox 2079 2799 2103 2818; baseline -0.042 0"><span class='ocrx_word' id='word_1_570' title='bbox 2079 2799 2103 2818; x_wconf 78' lang='lat'>50</span> 
     </span>
    </p>
   </div>
   <div class='ocr_carea' id='block_1_18' title="bbox 2231 292 2244 1879">
    <p class='ocr_par' dir='ltr' id='par_1_24' title="bbox 2231 292 2244 1879">
     <span class='ocr_line' id='line_1_109' title="bbox 2231 292 2244 1879; baseline 0 0"><span class='ocrx_word' id='word_1_571' title='bbox 2231 292 2244 1879; x_wconf 95' lang='lat' dir='ltr'> </span> 
     </span>
    </p>
   </div>
  </div>
 </body>
</html>
