2259 3116
423 127 483 155 412
759 122 912 148 RUDOLFI
933 122 1036 147 REGIS
1055 121 1377 148 CONSTITUTIONES.
1416 123 1486 147 1289.
1524 121 1714 148 N1·.420.421.

634 269 711 300 420.
735 268 976 300 LITTERAE
996 268 1140 300 REGIS
1162 268 1230 299 DE
1250 268 1469 300 HOMAGIO
1492 268 1649 300 FACTO.
1695 268 1777 308 Sept.
1794 271 1845 301 20.

529 330 756 370 Autoyraphon
772 333 915 361 servatur
932 331 1042 362 ibidem
1061 334 1178 362 <cco-ton
1201 331 1233 362 J.
1253 333 1313 361 610
1329 342 1377 363 nr.
1396 331 1455 367 17',
1478 329 1560 368 quod
1582 329 1653 359 item
1670 329 1868 362 contulimus.
1907 331 1949 361 In
1970 341 2055 362 verso

421 383 571 423 scriptum
600 385 659 412 est:
687 382 787 414 Facta
816 386 866 413 est
890 382 981 423 copia
1011 393 1067 424 per
1089 375 1160 414 cast
1179 382 1248 424 par.
1294 382 1410 413 Pendet
1433 381 1567 421 siqillum
1592 380 1709 411 laesum
1731 380 1795 419 filis
1816 382 1924 412 sericis
1945 382 2057 412 viridis

424 434 544 465 eoloris.
570 453 608 456 —
632 434 777 471 Biihmer,
803 433 875 473 Req.
895 434 965 472 imp.
986 433 1041 472 VI,
1058 435 1152 465 2243.
1764 433 1818 472 (P.
1843 433 1949 471 deest.)

538 529 606 559 Nos
619 528 778 559 Rudolfus
791 528 855 560 Dei
871 529 980 570 gracia
996 528 1214 560 Romanorum
1230 539 1289 560 rex
1306 538 1434 570 semper
1449 529 1603 568 augustus
1620 529 1730 558 notum
1746 527 1881 559 facimus
1898 528 2057 559 universis

426 584 595 622 presentes
612 581 737 611 litteras
754 580 946 622 inspecturis
964 581 1015 611 vel
1039 573 1205 619 audituris,
1230 580 1313 621 quod
1340 590 1398 611 nos
1416 579 1606 611 auctoritate
1630 581 1741 610 nostra
1763 590 1799 610 ac
1823 580 1905 611 sacri
1920 579 2058 610 Romani

425 633 549 674 imperii
573 632 714 663 nobilem
732 632 834 663 virum
853 631 1005 663 Ottonem
1030 632 1179 663 comitem
1195 631 1387 672 Burgundie
1411 631 1588 673 palatinum
1612 633 1644 661 et
1667 629 1829 662 dominum
1846 631 2057 671 Salinenaem,

426 683 554 715 fidelem
571 687 716 715 nostrum
734 683 897 722 dilectum,
922 684 1119 715 absolvimus
1137 684 1176 715 ab
1195 684 1342 714 omnibus
1358 682 1655 725 proscriptionibuS,
1682 683 1853 714 sentenciis
1871 686 1936 714 tam
1960 684 2056 714 inter—

426 736 591 766 locutoriis
610 747 704 777 quam
722 736 898 767 diffinitivis
924 747 979 767 seu
997 736 1122 767 iudiciis
1140 736 1395 777 quibuscumque
1421 739 1532 766 contra
1549 734 1667 765 dictum
1686 735 1835 766 comitem
1852 736 1904 766 vel
1921 734 2057 766 heredes

427 798 501 818 suos
527 798 545 818 a
569 787 660 818 nobis
685 798 742 818 seu
767 787 957 818 auctoritate
982 791 1091 818 nostra.
1115 791 1147 818 et
1171 787 1307 818 Romani
1332 787 1459 828 imperii
1482 786 1703 828 promulgatis.
1749 786 1792 817 Et
1822 786 1925 818 eidem
1949 786 2056 817 comiti

427 843 459 870 et
487 839 659 870 heredibus
703 840 768 870 suis
804 849 915 870 omnes
946 839 1105 877 actiones,
1140 839 1287 880 querelas
1323 849 1381 869 seu
1410 838 1679 877 reelamacffines,
1714 848 1793 879 quas
1830 838 1985 869 habemus
2009 837 2058 868 vel

427 891 547 922 habere
578 901 749 933 possumus
781 896 835 921 aut
869 891 1023 922 debemus
1059 891 1189 922 racione
1214 890 1352 921 Romani
1384 890 1508 932 imperii
1534 890 1584 921 vel
1616 889 1746 921 aliunde
1770 893 1834 921 tam
1859 890 1986 921 racione
2012 889 2059 920 sui

430 954 524 984 quam
550 943 678 974 racione
703 946 941 974 antecessorum
966 953 1110 981 suorum,
1141 942 1331 973 auctoritate
1355 946 1466 973 nostra
1491 945 1523 973 et
1553 942 1635 972 sacri
1659 941 1794 972 Romani
1822 942 1946 983 imperii
1968 940 2060 972 nobis

429 995 600 1026 commissa
624 995 816 1025 remittimus
846 999 877 1025 et
901 995 1075 1036 quitamus,
1106 995 1181 1035 quia
1204 994 1296 1025 nobis
1325 994 1510 1035 homagium
1535 994 1645 1035 ligium
1673 994 1750 1024 fecit
1773 997 1848 1025 ante
1872 1003 1982 1025 omnes
2004 1004 2060 1035 pro

429 1057 519 1077 sacro
544 1046 689 1077 Romano
715 1047 847 1088 imperio
873 1049 905 1076 et
933 1047 1038 1077 omnia
1068 1046 1179 1085 feoda,
1213 1057 1274 1087 que
1309 1050 1533 1077 antecessores
1565 1047 1614 1077 sui
1642 1057 1660 1077 a
1688 1046 1844 1077 Romanis
1874 1045 2004 1087 regibus
2028 1048 2060 1076 et

429 1098 676 1140 imperatoribus
710 1102 883 1129 tenuerunt
913 1098 963 1129 vel
992 1102 1103 1129 tenere
1133 1102 1369 1129 consueverunt
1399 1099 1598 1140 temporibus
1628 1098 1796 1129 retroactis
1827 1098 1954 1129 nomine
1985 1097 2060 1128 dicti

429 1150 555 1191 imperii
591 1153 624 1180 et
654 1160 715 1191 que
744 1150 813 1191 ipse
845 1160 952 1180 eomes
983 1153 1014 1180 et
1046 1150 1095 1180 sui
1118 1149 1255 1181 heredes
1280 1161 1299 1181 a
1322 1150 1415 1181 nobis
1439 1151 1567 1181 nomine
1592 1151 1717 1192 imperii
1741 1154 1851 1181 tenere
1876 1149 2009 1187 debent,
2042 1160 2061 1180 a

430 1202 521 1232 nobis
547 1202 678 1242 recepit.
723 1201 773 1232 De
798 1201 911 1242 quibus
936 1202 1084 1232 omnibus
1113 1201 1231 1239 feodis,
1261 1211 1322 1243 que
1350 1205 1576 1233 antecessores
1610 1202 1686 1233 dicti
1718 1202 1843 1233 comitis
1871 1200 2059 1242 Burgundie

429 1254 563 1294 palatini
587 1253 742 1283 hactenus
766 1255 939 1284 tenuerunt
964 1264 1021 1284 seu
1046 1256 1156 1283 tenere
1182 1252 1378 1291 debuerunt,
1410 1253 1548 1284 eundem
1579 1254 1788 1296 corporaliter
1817 1252 2005 1284 investimus
2029 1255 2061 1283 et

430 1306 649 1335 investivimus
674 1308 706 1335 et
730 1305 760 1335 in
785 1305 1024 1346 possessionem
1050 1305 1193 1335 misimus
1218 1305 1426 1346 corporalem.
1516 1305 1553 1336 In
1578 1315 1712 1347 quorum
1737 1305 1877 1336 omnium
1900 1303 2058 1345 predicto—

431 1368 499 1387 rum
526 1357 741 1387 testimonium
767 1361 798 1387 et
822 1356 916 1387 fidem
933 1359 1121 1398 perpetuam
1139 1360 1323 1398 presentem
1340 1357 1492 1398 paginam
1510 1357 1688 1388 maiestatis
1714 1361 1822 1388 nostre
1840 1356 1945 1397 sigillo
1969 1355 2060 1386 duxi-

431 1419 500 1439 mus
527 1408 748 1439 roborandam.

543 1469 657 1500 Actum
684 1472 715 1499 ct
739 1469 847 1499 datum
865 1468 1005 1509 Basilee,
1029 1469 1106 1500 XII.
1123 1469 1259 1500 Kalend.
1278 1468 1436 1507 Octobris,
1461 1469 1632 1500 indictione
1657 1470 1808 1505 secunda,
1832 1479 1915 1499 anno
1934 1467 2061 1499 Domini

433 1521 647 1552 MOCLXXX
676 1531 769 1559 nono⁷
794 1523 884 1562 regni
911 1532 985 1552 vero
1011 1522 1109 1552 nostri
1135 1532 1217 1552 anno
1243 1525 1336 1552 sexto
1361 1521 1496 1552 decimo.

494 1854 584 1905 421.
629 1852 782 1905 RAT
795 1853 810 1905 l
824 1852 864 1905 F
875 1854 1071 1906 [OATl
1084 1854 1130 1907 O
1170 1854 1401 1907 PAoTl
1439 1854 1473 1907 S
1483 1854 1690 1908 UPER
1731 1854 2004 1907 MUTUA

783 1930 817 1983 S
831 1930 877 1982 U
886 1930 1263 1985 (INVJESSION
1277 1933 1321 1985 E
1363 1933 1453 1985 FE
1468 1932 1511 1985 U
1522 1932 1722 1985 DALI.

1100 2035 1206 2070 1289.
1247 2034 1325 2070 Oct.
1347 2035 1405 2070 023.

544 2132 723 2170 Ityn-timus
756 2135 932 2167 mliliwlvm,
961 2146 1055 2173 «secam
1086 2135 1217 2173 paravit
1245 2135 1369 2165 Reimcr
1401 2135 1463 2165 laco
1493 2145 1591 2174 supra
1621 2134 1664 2164 cul
1690 2134 1818 2165 unii-0?
1841 2134 1934 2164 uitato
1952 2144 1984 2172 2²·
2001 2133 2063 2162 492

437 2193 484 2212 nr.
504 2184 566 2212 (5822
595 2194 632 2213 car
662 2185 852 2224 (teilagsraplm
882 2186 1050 2225 sslurlmryi
1080 2187 1111 2216 iu
1146 2186 1302 2217 tabulario
1332 2187 1413 2226 rstgyio
1444 2186 1609 2217 ‘Htmaum‘
1643 2185 1821 2217 Urkecmlen.
1857 2183 2061 2216 Passivlehen'

438 2237 601 2264 (zssstrl'lllr).
642 2235 756 2266 J’cmlel
777 2237 912 2275 ssyillzmi
931 2237 1016 2268 valde
1032 2238 1160 2270 laesam„
1187 2241 1197 2267 (
1206 2239 1235 2276 ''f-
1247 2249 1343 2276 supra
1360 2249 1409 2269 nr.
1422 2239 1494 2269 392.
1512 2256 1551 2260 —
1569 2237 1713 2275 Balaam,
1731 2237 1805 2277 Rey.
1817 2237 1889 2276 imp.
1908 2236 2061 2273 1'I‚2:25.=,‘.

1777 2288 1829 2328 (Ι).
1854 2288 1959 2328 deest.)

548 2355 703 2385 liudolfus
735 2356 795 2386 Dei
827 2358 933 2396 gravia
964 2357 1179 2388 Romanorum
1210 2369 1267 2389 rex
1297 2369 1425 2400 semper
1455 2362 1611 2399 augustus
1643 2358 1800 2389 universis
1832 2357 1912 2388 sacri
1941 2355 2060 2397 imperii

444 2406 579 2436 Romani
605 2407 752 2437 fidelibus
777 2413 940 2448 presentes
965 2409 1086 2440 litteras
1113 2411 1305 2451 inspecturis
1329 2411 1469 2451 graciam
1494 2421 1582 2441 suam
1607 2413 1638 2440 ot
1662 2420 1756 2440 omne
1780 2409 1906 2440 bonum.

549 2468 630 2501 Quia
655 2467 776 2497 nobiles
803 2469 857 2498 viri
887 2469 1009 2499 Uli-icus
1035 2469 1073 2499 dc
1092 2469 1258 2501 Hanouwe.
1284 2474 1315 2500 et
1339 2470 1512 2501 Heinricus
1537 2471 1576 2501 de
1594 2469 1776 2500 Wilnouwe
1799 2469 1939 2507 comites,
1957 2465 2061 2497 dilecti

443 2519 539 2548 nostri
565 2519 686 2556 fideles,
711 2520 739 2549 in
766 2524 871 2550 nostre
897 2521 1075 2551 maiestatis
1099 2522 1260 2562 presentia
1287 2522 1449 2553 constituti
1475 2523 1556 2553 inter
1580 2533 1614 2553 se
1639 2521 1842 2552 ordinacione
1866 2522 1975 2550 mutua
1998 2521 2060 2548 sta-

440 2573 585 2605 tum-unt,
619 2574 651 2599 ut
683 2571 707 2600 si
739 2571 872 2601 alterum
904 2582 1013 2601 eorum
1042 2572 1255 2613 disposieisuie
1285 2574 1389 2604 divina
1423 2575 1490 2604 sine
1516 2570 1686 2605 herfflibus
1711 2572 1876 2613 legittimis
1901 2571 1939 2601 de
1963 2568 2062 2601 medio

442 2621 597 2659 emigrare.
623 2622 811 2661 contigeret,
836 2623 917 2652 altor
942 2624 1033 2653 alteri
1059 2624 1214 2664 legittime
1240 2625 1411 2656 succedere
1435 2625 1553 2656 debeat
1578 2626 1607 2655 in
1633 2624 1733 2655 feodis
1758 2621 1974 2654 castrensibus
1998 2620 2062 2650 sive

443 2673 545 2702 feodis
570 2673 639 2702 aliis
665 2673 927 2715 quibuscumque,
953 2685 1013 2715 que
1038 2678 1147 2705 tenere.
1172 2686 1189 2705 a
1215 2676 1304 2706 nobis
1330 2680 1361 2707 et
1385 2677 1516 2718 imperio
1534 2675 1736 2709 noscebatur.
1760 2685 1817 2705 nos
1842 2673 1957 2704 dictam
1981 2670 2060 2701 ordi-

444 2724 610 2753 nacionem
638 2729 746 2765 utpote
778 2736 833 2766 per
858 2736 985 2755 manum
1011 2730 1151 2756 nostram
1177 2732 1207 2757 et
1232 2738 1270 2757 ex
1297 2732 1404 2758 nostro
1428 2738 1561 2758 assensu
1586 2728 1702 2757 factam
1733 2730 1832 2756 ratam
1858 2724 2009 2755 habemus
2031 2723 2061 2752 et

2086 799 2108 816 10

2088 1056 2108 1074 15

2087 1313 2110 1332 20

2088 1870 2111 1888 25

2089 2248 2111 2267 ³⁰

2087 2531 2108 2549 ³⁵
