2259 3164
78 874 100 892 10

77 1133 99 1152 15

78 1901 102 1920 ³0

79 2306 101 2324 ³5

80 2595 103 2613 ⁴0

375 176 529 203 RUDOLFI
550 176 652 202 REfflS
672 176 992 202 CONS'rl'rUTIONES.
1030 177 1103 202 1277.
1141 178 1212 203 1278.
1250 178 1298 204 Νι.
1314 179 1367 204 159.
1385 180 1438 204 1⁴5⁰.
1455 179 1507 203 161.
1699 180 1754 208 153

128 270 211 298 tum*
234 264 275 296 ad
299 263 480 295 serenitatis
506 266 611 294 vestre
636 262 837 304 presenciam
868 273 963 304 super
987 263 1123 304 quodam
1149 264 1280 304 speciali
1305 266 1432 296 nomine
1458 268 1564 295 nostro
1590 265 1754 295 vobiscum

127 316 274 350 habendo
303 318 441 347 tractatu
470 314 660 346 fiducialiter
688 314 838 345 duximus
867 314 1108 352 destinandum,
1137 315 1358 347 celsitudinem
1390 316 1511 356 regiam
1535 316 1754 357 deprecantes,

128 372 282 412 quatenus
306 367 414 399 verbis
445 367 527 406 suis,
560 377 621 408 que
647 377 687 397 ex
711 369 801 407 parte
826 369 954 396 nostras
978 367 1218 408 pronuncianda
1242 367 1438 403 decreverit,
1469 368 1562 398 fidem
1594 368 1754 398 credulam

129 420 279 452 adhibere
304 419 488 460 dignemini,
513 417 615 449 sicut¹¹
639 418 768 449 nostris.

358 562 431 595 1150.
460 562 803 595 PROMISSIONES
826 562 919 594 PER
943 563 1310 595 PROC'URATOJ-:Jis
1336 564 1524 596 FACTAE.

815 616 907 646 1:273.
947 616 1017 646 Ῑαιι.
1034 618 1065 645 2.

230 676 282 707 Em
305 675 419 706 Rotulo
443 675 644 714 ‘Deplomatz'c
666 675 865 706 Documents⁷
890 676 915 712 I,
933 677 972 706 12
994 686 1042 706 nr.
1059 678 1088 706 3.
1114 695 1152 698 —
1176 676 1324 713 Biihmoer,
1350 677 1423 715 Res).
1451 678 1521 715 imp.
1547 677 1598 714 ΓΙ,
1616 680 1686 707 911.

1474 728 1527 767 (Ρ.
1544 729 1649 766 deest)

231 805 400 836 Universis
426 805 544 836 Christi
568 804 718 835 fidelibus
742 807 910 846 presentes
935 805 1061 835 litteras
1086 805 1202 836 visuris
1227 805 1276 835 vel
1301 805 1456 836 audituris
1482 807 1580 836 frater
1596 806 1754 837 Henricus

128 858 188 889 Dei
211 857 314 899 gratia
330 857 521 888 Basiliensis
540 857 710 899 episcopus
736 860 768 887 et
792 857 945 898 magister
969 857 1116 887 Andreas
1142 858 1321 898 prepositus
1337 857 1515 888 Verdcnsis
1541 868 1630 888 sacre
1655 858 1755 899 impe-

127 909 214 940 rialis
240 909 312 940 aule
337 909 491 944 notarius.
516 908 714 939 serenissimi
738 909 890 950 principis
908 908 1027 939 domini
1045 908 1209 950 Rodulphi
1226 909 1289 940 Dei
1312 911 1415 950 gratia
1432 909 1646 940 Romanorum
1671 910 1755 950 regis

125 961 241 997 nuncii,
268 961 403 991 salutem
428 961 459 991 in
483 960 620 991 Domino
647 961 888 1002 sempiternam.

232 1012 460 1043 Universitatis
492 1015 598 1043 vestre
628 1012 746 1043 noticie
776 1012 992 1051 declaramus,
1033 1012 1116 1053 quod
1153 1023 1223 1043 cum
1255 1013 1443 1053 magnificus
1472 1013 1617 1043 dominus
1650 1016 1757 1043 noster

127 1065 162 1096 R.
180 1065 398 1096 Romanorum
424 1075 482 1095 rex
506 1064 634 1095 inclitus
651 1064 808 1095 illustrem
826 1064 1063 1095 Hartmannum
1082 1065 1231 1095 comitem
1256 1065 1295 1095 de
1314 1064 1487 1106 Habspurg
1510 1068 1541 1095 et
1565 1064 1603 1095 de
1622 1064 1755 1105 Kiburg,

129 1117 257 1148 Alsacie
282 1116 495 1157 lantgravium
520 1119 628 1146 natum
655 1127 747 1146 suum
772 1117 879 1147 inclite
905 1116 1073 1147 domicelle
1098 1116 1253 1155 Iohanne,
1279 1116 1436 1158 magnifici
1462 1117 1612 1157 principis
1637 1116 1755 1147 domini

127 1168 275 1200 Edwardi
292 1168 354 1199 Dei
378 1168 481 1209 gratia
504 1168 589 1209 regis
607 1168 736 1209 Anglie,
760 1167 880 1199 domini
896 1168 1053 1199 Hibernie
1079 1172 1111 1199 ct
1135 1168 1223 1199 ducis
1241 1169 1414 1210 Aquitanie
1439 1169 1512 1203 filie.
1537 1167 1754 1198 matrimonia-

128 1221 199 1252 liter
235 1220 384 1262 copulare
415 1220 599 1262 promiserit
634 1224 666 1251 et
700 1231 796 1262 super
827 1220 1028 1251 matrimonio
1060 1221 1142 1250 inter
1170 1232 1225 1251 cos
1253 1221 1472 1262 sollempniter
1506 1219 1755 1250 consummando

127 1272 246 1303 mutuis
269 1271 342 1302 hinc
367 1271 440 1302 inde
465 1271 674 1302 consensibus
699 1272 761 1302 iam
786 1271 950 1313 sponsalia
974 1272 1037 1302 sint
1060 1274 1233 1309 contracta,
1258 1283 1299 1302 cx
1323 1272 1440 1302 tradita
1464 1282 1559 1313 super
1583 1271 1641 1301 hoc
1665 1270 1756 1301 nobis

128 1335 146 1355 a
169 1324 295 1355 domino
319 1326 428 1354 nostro
451 1323 670 1355 Romanorum
695 1334 771 1365 rege
795 1323 939 1364 predicto
964 1326 1126 1364 potestate
1151 1324 1295 1365 plenaria
1327 1328 1358 1354 et
1388 1334 1427 1354 ex
1453 1324 1520 1354 eius
1545 1333 1699 1363 expresso
1724 1326 1756 1352 et

127 1375 258 1417 speciali
282 1374 432 1406 mandato
458 1375 488 1406 in
514 1375 652 1406 animam
677 1375 797 1406 domini
821 1376 920 1406 nostri
944 1375 1161 1406 Romanorum
1190 1376 1276 1417 regis
1308 1376 1423 1417 prefati
1452 1376 1640 1411 iuravimus,
1672 1374 1755 1415 quod

125 1427 207 1458 inter
231 1426 362 1458 eosdem
379 1426 614 1457 Hartmaunum
633 1426 767 1468 predicti
784 1427 1002 1457 Romanorum
1026 1427 1113 1468 regis
1138 1427 1236 1458 filium
1260 1429 1291 1457 et
1310 1426 1485 1457 Iohannam
1504 1427 1620 1468 prefati
1637 1426 1756 1457 domini

126 1478 210 1520 regis
228 1478 345 1519 Anglie
370 1478 466 1509 filiam
484 1479 722 1510 matrimonium
746 1489 804 1520 per
821 1482 987 1509 contracta
1011 1479 1173 1520 sponsalia
1196 1483 1259 1509 tam
1278 1480 1450 1511 salubriter
1466 1480 1649 1510 inchoatum
1673 1480 1757 1510 circa

127 1530 306 1572 proximum
335 1530 457 1561 instans
482 1531 599 1561 festum
624 1531 801 1561 nativitatis
825 1530 920 1561 beate
944 1530 1046 1562 Marie
1071 1531 1121 1562 vel
1147 1532 1274 1562 circiter
1297 1532 1363 1562 sive
1388 1532 1450 1562 alio
1475 1532 1576 1572 magis
1601 1534 1755 1572 oportuno

126 1583 177 1614 vel
201 1593 341 1623 congruo
365 1586 530 1624 tempore,
559 1586 652 1624 prout
675 1583 735 1624 ipsi
759 1582 886 1613 domino
917 1586 1026 1613 nostro
1051 1582 1270 1614 Romanorum
1294 1584 1361 1624 regi
1391 1583 1535 1624 predicto
1564 1582 1603 1613 de
1627 1583 1755 1613 consilio

77 1644 88 1662 2
127 1634 313 1665 nunciorum
338 1633 473 1676 predicti
498 1635 583 1675 regis
608 1634 744 1675 Anglie,
777 1635 828 1675 qui
859 1635 889 1664 in
914 1634 1005 1665 brevi
1034 1634 1073 1665 ad
1099 1634 1243 1666 eiusdem
1272 1635 1392 1666 domini
1417 1635 1516 1665 nostri
1540 1634 1755 1665 Romanorum

125 1686 233 1726 regis*
258 1686 459 1727 presenciam
483 1686 752 1723 transmittentur,
777 1686 1026 1717 conveniencius
1052 1687 1204 1727 expedire
1229 1686 1399 1725 videbitur,
1424 1686 1534 1717 floride
1560 1697 1595 1717 ac
1620 1686 1755 1717 iocunde

128 1737 373 1779 sollempnitatis
399 1737 503 1768 officio
529 1737 647 1768 debeat
671 1737 881 1769 saluberrime
907 1738 1127 1768 consummari.
1180 1738 1389 1769 Promisimus
1414 1739 1543 1780 insuper
1570 1738 1654 1768 bona
1683 1737 1755 1771 fide.

126 1788 208 1830 quod
232 1799 327 1830 super
350 1789 432 1820 dotis
457 1792 488 1820 et
512 1789 697 1820 donacionis
722 1793 852 1830 propter
875 1790 1007 1830 nupcias
1032 1790 1263 1821 certificatione
1280 1790 1425 1831 plenaria
1448 1789 1534 1820 dicto
1553 1790 1619 1830 regi
1637 1789 1755 1830 Anglie

126 1841 176 1871 vel
200 1841 325 1871 nunciis
350 1841 435 1880 suis,
466 1851 544 1882 quos
569 1840 609 1872 ad
640 1840 700 1871 hoc
731 1840 887 1882 deputare
917 1841 1110 1881 decreverit,
1143 1844 1328 1883 competens
1354 1841 1463 1871 caucio
1488 1841 1697 1882 prestabitur,
1722 1843 1756 1871 ut

130 1895 263 1934 oportet.
309 1892 346 1923 In
370 1893 459 1924 cuius
483 1893 527 1924 rei
552 1893 770 1924 testimonium
796 1893 900 1933 sigilla
924 1897 1031 1924 nostra
1054 1893 1255 1934 presentibus
1280 1896 1353 1923 sunt
1375 1903 1529 1934 appensa.

231 1944 306 1975 Dat.
322 1944 478 1978 London..
503 1945 554 1975 die
572 1944 729 1975 dominica
754 1944 785 1974 in
803 1948 917 1975 octava
933 1945 1035 1975 sancti
1054 1944 1210 1986 Stephani
1232 1944 1500 1986 prothomartiris,
1526 1954 1608 1974 anno
1627 1943 1755 1974 Domini

126 1995 307 2027 MCCLXX
331 1997 475 2038 septimo.

197 2141 270 2173 161.
293 2142 585 2174 AUCTORJTAS
610 2142 1015 2174 CONSHJARJORLM
1035 2142 1177 2173 REGIS
1200 2141 1420 2173 ANGLIAE.
1466 2142 1573 2180 (1275.
1599 2141 1687 2181 Ian.)

233 2203 285 2233 ΕΒ
307 2202 408 2233 codem
432 2202 546 2233 Rotulo
569 2213 616 2233 ur.
635 2204 684 2232 12.
732 2202 781 2243 Cf.
807 2202 952 2239 ΒίὶΙυιιιψ,
978 2202 1050 2241 Ii'egs.
1070 2203 1140 2240 imp.
1162 2201 1213 2238 VI,
1232 2203 1301 2232 012.
1466 2201 1517 2236 (P.
1543 2202 1648 2235 «laus-t.)

236 2288 264 2318 Il
297 2288 416 2319 semble
450 2288 479 2319 al
516 2288 651 2325 conseil,
688 2298 726 2329 qe
762 2288 808 2319 les
845 2293 1086 2319 covenaunces³
1116 2287 1167 2319 dcl
1200 2288 1340 2328 mariage
1374 2286 1412 2317 de
1442 2287 1648 2328 Alem(agne)
1684 2298 1753 2327 por-

131 2339 236 2379 parles
262 2343 350 2371 entre
376 2340 423 2370 les
447 2339 526 2370 deus
550 2340 613 2371 reis
639 2344 709 2370 sont
733 2340 757 2370 si
782 2339 918 2370 avauntb
943 2340 1058 2377 alees0,
1083 2350 1121 2380 qe
1146 2339 1200 2369 nul
1225 2339 1303 2369 deus
1330 2350 1368 2370 ne
1394 2349 1427 2369 sc
1452 2342 1525 2379 pust
1549 2342 1669 2369 retrere
1680 2338 1704 2369 d.

234 2391 321 2422 Dont
351 2392 370 2421 il
404 2391 524 2422 semble
556 2402 594 2432 qe
626 2391 688 2421 bon
714 2395 778 2429 est,
810 2402 848 2432 qe
880 2391 909 2422 le
939 2391 983 2421 rei
1015 2391 1127 2421 envcic
1160 2401 1211 2421 scs
1242 2401 1408 2430 mcssages
1438 2390 1562 2420 avisecs
1593 2390 1621 2420 al
1647 2390 1690 2419 rci
1715 2389 1753 2419 (lc

129 2440 336 2483 Alcm(agne)
367 2453 424 2484 por
454 2448 564 2474 saverc
601 2443 632 2473 la
667 2446 811 2473 custunie
842 2442 892 2472 dcl
927 2443 995 2483 pais
1025 2454 1041 2472 e
1077 2453 1135 2483 por
1168 2452 1223 2472 ver
1255 2442 1300 2472 lcs
1333 2446 1433 2472 terres
1474 2442 1639 2482 assignccs
1677 2452 1693 2470 a
1726 2441 1755 2470 la.

132 2491 303 2524 damaisole
333 2505 391 2535 por
422 2494 475 2524 mil
506 2494 651 2525 marches
683 2494 742 2524 de0
771 2497 839 2525 tere
871 2505 887 2524 e
920 2494 965 2524 les
999 2497 1108 2524 autres
1141 2493 1255 2524 choses
1289 2504 1345 2534 por
1378 2493 1424 2523 dis
1449 2493 1501 2523 mil
1532 2504 1629 2524 mars.
1663 2503 1700 2532 qe
1733 2492 1753 2521 il

234 2586 294 2612 159.
313 2589 336 2618 Β)
356 2598 374 2614 s.
389 2597 411 2620 q.
427 2589 516 2621 dubis)
536 2599 565 2615 ex
585 2599 608 2622 p.
622 2599 646 2614 ιι.
666 2590 688 2613 Τ
702 2589 725 2613 2.
813 2588 836 2619 h)
855 2593 973 2620 tanquan]
999 2588 1052 2612 T2.
1072 2588 1103 2612 E.

231 2663 293 2689 160.
313 2666 334 2695 ³)
355 2675 426 2698 reges
447 2671 478 2691 [ν.

233 2741 294 2767 161.
313 2743 335 2773 ⁸)
356 2744 443 2768 litteris
457 2744 617 2775 parvissimis
635 2744 829 2775 superscriplum
845 2747 878 2767 εει
898 2752 930 2774 pp
950 2747 980 2766 lr.
1052 2741 1075 2771 b)
1095 2743 1118 2765 in
1140 2750 1234 2765 rasura
1253 2747 1282 2766 tr.
1354 2746 1364 2757 ⁶
1396 2750 1474 2773 snpra
1489 2742 1581 2764 liuram
1594 2740 1706 2763 additam
1722 2743 1744 2761 lr

132 2781 156 2814 d)
171 2786 300 2815 praecedit
318 2787 417 2810 verbum
437 2787 566 2818 incertam,
586 2788 629 2812 sed
648 2788 754 2811 deletum
775 2791 805 2811 tr.
894 2788 916 2816 Β)
935 2787 989 2817 scre
1008 2785 1139 2810 evanidam
1161 2785 1184 2807 [ιι
1206 2785 1318 2816 maryinc
1337 2790 1366 2808 [r.

229 2843 485 2863 Li..‹·oxsT1TUTioxes
498 2846 530 2864 ιιι.
1518 2834 1550 2858 21>

1767 1535 1827 1560 Sept.
1844 1538 1861 1555 8.
