2259 3164
134 754 157 773 10

516 183 672 211 RUDOLFI
691 183 793 211 REGIS
812 184 1129 212 CONSTITUTIONES.
1168 187 1240 213 1286.
1277 187 1323 214 Nr.
1336 189 1392 215 331.
1407 188 1462 215 382.
1739 192 1798 221 363

181 271 296 303 tionem
321 271 448 313 aliaque
471 272 637 303 innumera
660 275 690 302 et
714 272 871 303 immensa
895 272 1028 303 comoda
1053 273 1270 304 verisimiliter
1293 276 1476 316 pollicetur,
1509 287 1579 307 cum
1603 280 1675 318 post
1698 277 1799 318 ipsam

181 323 280 364 possit
302 323 385 353 idem
410 333 466 353 rex
489 326 577 354 tanto
600 323 661 353 illis
686 333 799 354 vacare
824 323 1033 363 commodius,
1060 327 1178 364 quanto
1204 326 1263 356 erit
1288 327 1418 357 solidior
1443 331 1545 358 status
1571 328 1639 358 eius
1663 331 1696 358 et
1719 328 1798 358 inte-

180 375 262 416 grior
286 375 472 416 pleniorque
490 377 642 416 potestas,
666 373 768 405 eidem
793 375 862 415 regi
885 374 925 405 ad
948 374 1046 405 decus
1070 376 1150 406 tanti
1176 376 1320 408 culminis
1338 378 1544 409 obtinendum
1565 380 1608 409 sic
1627 378 1801 409 assistatis¹

182 427 322 458 consiliis
346 430 378 457 et
402 427 529 456 auxiliis
553 427 731 467 oportunis,
762 426 845 467 quod
869 427 993 457 cesarei
1017 427 1180 467 regiminis
1205 428 1273 458 Deo
1307 430 1436 470 auspice
1467 430 1602 460 feliciter
1626 430 1800 471 adepturus

181 478 330 519 suspitia,
354 478 431 508 illud
455 478 523 519 ipso
548 478 674 508 favente
698 477 751 518 qui
774 480 894 518 potest,
920 477 1040 508 felitius
1063 484 1287 519 prosequatur.
1326 480 1377 510 Ad
1401 481 1461 511 hec
1485 491 1561 522 ergo
1586 482 1630 512 sic
1653 481 1801 522 prompti,

182 529 226 560 sic
250 529 419 559 voluntarii
444 529 670 570 consurgatism
693 529 725 559 in
749 529 826 570 ipsis
850 531 1016 561 memorati
1042 530 1139 571 legati
1161 532 1290 562 monitis
1316 536 1347 562 et
1364 532 1520 563 mandatis
1538 533 1701 564 humiliter
1718 533 1801 574 pari-

182 581 276 619 turin,
300 580 382 622 quod
405 580 554 611 meritum
577 580 668 611 vobis
693 580 777 622 apud
808 581 1035 612 retributorem
1065 582 1218 612 bonorum
1249 583 1387 614 omnium
1420 587 1451 614 et
1480 595 1536 614 nos
1567 595 1603 615 ac
1625 584 1802 614 Romanam

183 632 350 663 ecclesiam
382 632 594 673 comparetis⁰
619 635 651 663 et
684 632 826 663 eiusdem
855 633 940 674 regis
971 633 1108 674 gratiam
1138 634 1169 664 in
1194 635 1309 664 vestris
1339 635 1607 676 oportunitatibus
1631 636 1802 677 propiciam

183 683 315 715 valeatis
339 683 575 714 habundantius
598 684 804 724 promereriv.

287 743 360 774 Dat.
377 743 479 775 Rome
497 743 579 785 apud
598 742 747 775 Sanctam
767 744 926 783 Sabinam,
950 744 992 777 ΙΙ.
1005 744 1078 777 Kal.
1095 745 1188 784 Iunii,
1206 746 1410 787 pontificatus
1430 747 1530 777 nostri
1551 757 1633 778 anno
1653 747 1803 778 seeundo.

299 1085 397 1136 382.
434 1081 890 1136 CONVENTIO
929 1083 1246 1136 ALTERA
1279 1084 1453 1137 CUM
1484 1083 1690 1137 DUCE

203 1160 617 1214 BAWARIAE
657 1160 907 1214 SUPER
945 1160 1141 1213 PACE
1180 1159 1785 1214 CONSERVANDA.

849 1262 955 1298 1286.
994 1262 1099 1298 Febr.
1123 1263 1154 1297 7.

290 1363 515 1402 Autoyraphon
539 1362 690 1394 tabularii
711 1362 819 1393 secreti
847 1362 955 1393 domas
986 1363 1088 1402 reyiae
1111 1362 1299 1393 Rawarieae
1326 1362 1425 1393 demto
1454 1362 1650 1394 contulimus.
1696 1362 1808 1402 Sz'ffl'lla

140 1428 162 1446 15
183 1415 258 1455 plus
279 1415 416 1446 minusve
439 1414 523 1445 laesa
542 1415 678 1454 pendent
703 1415 778 1445 loris
799 1414 1047 1446 membranaceis,
1089 1414 1174 1453 Quae
1191 1413 1378 1444 concordant
1401 1425 1470 1445 cam
1494 1414 1688 1445 conventione
1710 1424 1809 1452 supra

145 1702 168 1721 20

148 1971 171 1990 25

151 2235 174 2255 ³0

153 2501 175 2519 ³5

154 2783 178 2803 4⁰

188 1476 236 1496 nr.
253 1467 323 1504 346,
347 1465 459 1496 litteris
480 1466 653 1497 minoribus
676 1466 856 1496 emendenda
880 1466 1069 1498 curavimus.
1097 1484 1135 1488 —
1158 1465 1303 1503 ΒόΙιυιθν,
1328 1465 1401 1505 Rey.
1421 1466 1490 1506 imp.
1512 1465 1564 1502 VI,
1580 1466 1673 1497 1993.

1541 1517 1592 1556 (P.
1617 1518 1704 1554 446.)

295 1591 350 1618 Nos
366 1591 500 1618 Rudolfus
523 1592 574 1619 Dei
596 1592 688 1626 gratia
704 1592 891 1618 Romanorum
914 1600 961 1618 rex
985 1600 1092 1625 semper
1115 1592 1249 1625 augustus
1274 1593 1302 1617 et
1319 1590 1461 1618 Lodwicus
1486 1590 1581 1616 cadem
1604 1590 1696 1624 gratia
1720 1599 1810 1617 eomes

193 1643 331 1677 palatinus
354 1644 424 1671 Reni
446 1645 501 1671 dux
524 1645 648 1671 Bawarie
673 1645 781 1671 notum
807 1641 939 1671 facimus
964 1641 1157 1681 presentium
1176 1639 1409 1680 inspectoribus
1427 1638 1595 1675 universis,
1620 1642 1713 1675 quod*
1730 1651 1811 1676 super

194 1696 379 1722 conservanda
401 1705 468 1730 pace
491 1697 519 1722 in
544 1696 650 1723 Swevia
674 1698 701 1723 et
724 1696 850 1722 Bawaria
873 1696 1051 1723 convenimus
1074 1696 1102 1721 in
1125 1696 1198 1721 hunc
1221 1695 1348 1721 modum:

301 1756 325 1783 1.
349 1757 427 1789 Quod
450 1757 615 1790 quicumque
638 1757 760 1790 aliquem
783 1757 815 1783 de
839 1756 946 1783 Swevia
969 1756 998 1782 in
1020 1755 1147 1782 Bawaria.
1171 1755 1290 1789 spolium
1321 1754 1540 1781 committentem
1566 1754 1609 1780 vel
1634 1753 1702 1779 alias
1726 1754 1810 1780 delin-

194 1809 322 1840 quentem
344 1809 373 1835 in
396 1810 485 1835 strata
507 1809 551 1835 vel
574 1810 653 1835 extra
676 1810 793 1834 stratam
816 1804 977 1845 publicam
1002 1816 1051 1842 per
1073 1816 1156 1833 unam
1180 1808 1290 1833 noctem
1314 1806 1432 1832 scienter
1448 1806 1578 1837 tenuerit,
1602 1814 1651 1839 pro
1669 1814 1715 1832 reo
1732 1805 1810 1831 satis-

195 1859 277 1887 faciet
299 1862 327 1887 et
349 1861 489 1887 tenebitur
511 1861 572 1887 1000
596 1860 643 1887 rei.
688 1860 717 1886 Si
740 1869 804 1887 vero
828 1869 856 1886 se
880 1860 964 1887 talem
987 1859 1109 1886 tenuisse
1134 1859 1286 1893 negaverit,
1309 1867 1392 1885 manu
1416 1858 1504 1884 tercia
1527 1866 1555 1884 se
1578 1857 1748 1891 purgabit
1771 1857 1813 1883 vel

198 1911 339 1945 culpabilis
368 1912 515 1939 iudicatur.
558 1912 663 1939 Eodem
691 1921 740 1946 per
763 1912 856 1938 omnia
879 1911 1040 1943 observato,
1071 1911 1094 1937 si
1124 1911 1153 1937 in
1176 1910 1321 1937 Sweviam
1351 1910 1384 1936 de
1415 1909 1542 1935 Bawaria
1566 1909 1630 1935 vel*
1659 1909 1718 1936 loco
1748 1908 1812 1941 alio,

198 1959 248 1999 qui
271 1964 409 1990 nostrum
434 1960 567 1991 alterum
591 1960 777 2001 respexerit,
802 1964 831 1990 in
855 1963 990 1990 similibus
1014 1963 1199 1996 delinquatur.

300 2021 328 2051 2.
356 2024 425 2050 Sunt
448 2025 541 2050 autem
563 2023 593 2050 in
615 2024 756 2058 partibus
780 2023 885 2050 Swevie
910 2032 942 2050 ex
966 2025 1045 2057 parte
1070 2024 1176 2049 nostra
1200 2022 1277 2056 regia
1302 2017 1454 2048 Albertus
1479 2027 1585 2047 comes
1616 2016 1654 2047 de
1679 2015 1811 2046 Hohen-

197 2069 306 2109 berch,
330 2070 390 2102 duo
414 2071 528 2102 fratres
553 2071 591 2102 de
618 2071 867 2102 Schellenberch
900 2076 931 2101 et
955 2070 1029 2101 Otto
1059 2070 1161 2100 dictus
1191 2070 1222 2100 in
1253 2070 1364 2100 semita
1388 2068 1562 2099 advocatus
1587 2068 1812 2107 Augustensis,

197 2121 228 2151 in
251 2120 396 2152 Bawaria
419 2133 493 2153 vero
518 2133 558 2153 ex
582 2126 672 2164 parte
696 2122 795 2153 nostri
822 2122 944 2152 comitis
968 2121 1106 2152 Palatini
1130 2120 1327 2151 YVinhardus
1356 2120 1393 2150 de
1424 2119 1592 2153 Rorbach.
1624 2118 1811 2149 Chunradus

198 2172 236 2203 de
253 2172 471 2213 Wildenrode,
488 2173 708 2205 Wichnandus
732 2174 771 2204 de
788 2173 1022 2214 Eiringsburch
1046 2177 1077 2203 et
1094 2172 1220 2203 Ulricus
1239 2172 1277 2203 de
1295 2171 1452 2202 Rssrnnios
1470 2174 1577 2201 noster
1595 2170 1811 2201 vicedominus

200 2227 279 2254 electi
301 2230 329 2256 et
351 2229 522 2256 denominati
544 2239 594 2264 pro
617 2230 753 2256 iudicibus
777 2231 805 2256 et
828 2229 1069 2256 conservatoribus
1086 2228 1167 2254 huius
1184 2228 1267 2262 pacis,
1292 2228 1326 2253 ad
1343 2236 1411 2261 quos
1428 2235 1553 2254 recursus
1570 2226 1726 2258 habebitur,
1751 2234 1811 2252 cum

200 2281 294 2306 contra
315 2289 410 2314 pacem
433 2281 538 2314 aliquid
561 2282 759 2315 adtemptatur.

304 2338 330 2367 3.
354 2340 389 2367 Et
411 2341 463 2373 hii,
488 2342 535 2375 qui
558 2342 587 2368 in
610 2342 736 2368 Bawaria
760 2344 824 2368 sunt
848 2341 973 2376 superins
996 2341 1149 2373 nominati,
1178 2340 1347 2366 auctoritate
1377 2339 1416 2366 eis
1439 2348 1488 2373 per
1511 2347 1560 2364 nos
1584 2337 1713 2364 comitem
1736 2336 1812 2362 Pala-

201 2391 287 2417 tinum
303 2393 405 2419 tradita
427 2394 566 2428 corrigent
589 2400 645 2429 per
669 2401 702 2420 se
727 2390 814 2430 ipsos
833 2394 932 2425 omnia,
956 2402 1009 2427 que
1032 2393 1060 2419 in
1077 2392 1240 2419 Bawariam
1257 2391 1476 2421 committuntur,
1502 2390 1533 2415 et
1557 2386 1582 2415 si
1607 2384 1647 2415 ad
1670 2384 1728 2414 hoc
1754 2394 1814 2413 non

201 2444 328 2478 possent
351 2440 495 2471 sufficere
519 2451 574 2482 per
598 2452 631 2471 se
656 2442 760 2482 ipsos,
784 2445 922 2472 adiutorio
946 2441 1084 2471 oninium
1108 2444 1257 2475 nobilium,
1282 2438 1551 2473 ministerialium,
1575 2440 1695 2466 militnm
1705 2440 1725 2471 ²³⁵,
1749 2439 1812 2465 civi-

202 2494 288 2520 tatum
312 2497 339 2521 et
362 2496 489 2528 aliorum,
520 2493 573 2533 qui
602 2493 632 2522 in
660 2493 759 2533 ipsius
796 2493 895 2523 nostri
927 2492 1115 2522 vicedomini
1140 2491 1243 2521 officio
1272 2491 1389 2520 fuerint
1420 2488 1590 2519 constituti.
1639 2487 1678 2516 Et
1703 2487 1728 2516 si
1753 2496 1810 2515 nec

202 2541 244 2571 sic
268 2548 396 2582 possent
413 2544 535 2585 corrigi,
559 2544 598 2574 ad
616 2545 847 2575 correctionem
873 2548 904 2575 et
922 2544 1184 2575 emendacionem
1202 2552 1308 2573 eorum
1334 2551 1459 2571 omnem
1478 2544 1614 2569 nostram
1633 2538 1811 2578 potenciam

203 2593 377 2625 tenebimur
399 2595 562 2627 adhibere.

299 2694 362 2722 381.
380 2695 397 2728 1)
416 2698 537 2723 assistatis
553 2703 612 2730 post
629 2700 758 2731 oportunis
776 2698 798 2723 2.
889 2700 919 2729 ¹1¹)
940 2699 993 2722 loco
1012 2699 1047 2722 sic
1066 2696 1374 2730 prompti-consurgatis
1396 2695 1423 2719 ‘22
1452 2699 1556 2718 vostra
1585 2691 1742 2716 nobilitas
1769 2691 1813 2714 sic

202 2736 389 2770 v⁰luntari³›
417 2741 461 2765 Sic
488 2747 627 2774 prompta
654 2745 835 2774 consurgat·
948 2741 972 2771 ¹³)
1002 2741 1143 2773 paritura
1170 2741 1193 2764 2.
1289 2739 1312 2770 ⁰)
1331 2742 1458 2770 comparet
1485 2736 1507 2760 2.
1603 2734 1625 2765 Ρ)
1652 2735 1704 2758 loco
1733 2734 1813 2764 propi-

203 2780 431 2814 ciam—promereri
449 2783 477 2808 2:
496 2785 575 2817 magis
594 2785 686 2809 habere
705 2785 839 2817 propiciam
857 2788 988 2809 mercatur.

1563 2826 1611 2852 40³³

1839 2032 1889 2045 C..
