2259 3164
89 746 112 765 io

88 1004 109 1022 15

84 1263 108 1282 20

86 1520 108 1539 25

84 1777 107 1795 30

83 2039 106 2057 35

83 2295 106 2313 4⁰

511 183 666 209 RUDOLFI
687 182 792 209 REGIS
813 182 1136 209 (lONS'l‘ITUTioNEs,
1174 184 1247 209 1279.
1285 185 1402 212 N1-.9-21.
1714 190 1774 220 205

141 281 224 308 mus,
258 270 445 300 innovamus
479 272 511 300 ct
542 269 768 300 nichilominus
798 270 867 311 ipsa
896 269 936 299 de
967 280 1049 300 novo
1079 270 1284 302 concedimus
1315 276 1411 313 atque
1445 273 1610 304 donamus.
1662 274 1703 305 Et
1735 275 1774 306 ad

141 325 280 354 nostram
305 321 539 352 conscienciam
564 321 776 352 serenandam
801 325 833 352 ct
856 325 890 352 ut
914 322 1058 363 predicta
1082 323 1190 354 onmia
1213 324 1357 365 plenarie
1382 325 1572 363 solidentur,
1606 327 1772 358 stabilian-

142 376 201 411 tur,
225 372 422 411 firmenturd,
447 373 668 414 compleantur
684 379 715 403 et
731 374 949 415 perficiantur,
973 384 1172 413 revocamuS,
1198 385 1372 415 cassamus,
1397 378 1586 416 anullamus,
1612 379 1773 409 irritamus

142 429 173 456 et
196 424 341 455 omnibus
366 424 485 454 viribus
510 435 693 464 vacuamuS,
718 425 869 466 quicquid
894 428 1004 456 contra
1028 425 1172 466 predicta
1196 427 1246 456 vel
1272 428 1378 468 aliqua
1402 429 1616 469 predictorum
1642 441 1699 471 per
1716 441 1773 460 nos

142 487 197 507 seu
221 487 278 518 per
302 476 381 506 alios
405 478 531 506 nostros
557 476 689 506 nuncios
714 477 764 507 vel
789 477 944 507 officiales
969 480 1077 507 nostro
1102 478 1228 507 nomine
1253 478 1303 508 vel
1328 479 1480 510 mamiato
1499 491 1555 511 seu
1573 492 1773 522 quecumque

140 528 235 558 alium
266 527 316 558 vel
347 527 424 558 alios
458 537 658 568 quocumque
690 527 784 558 modo
815 538 1015 569 quacumque
1045 528 1096 558 via
1135 528 1254 559 factum
1286 533 1372 560 esset
1401 531 1450 561 vel
1481 533 1672 572 promissum
1706 533 1773 563 sive

139 580 289 616 iuratum,
320 579 466 610 volentes
491 582 523 609 et
547 579 790 611 consencientes
822 590 991 621 expresse,
1024 579 1107 620 quod
1136 590 1193 621 per
1221 580 1296 616 hoc,
1330 581 1412 622 quod
1438 586 1549 613 contra
1573 583 1630 614 hec
1655 583 1771 614 factum

140 634 236 670 esset,
260 630 381 661 nullum
407 631 454 661 ius
480 631 573 661 nobis
604 641 660 661 seu
693 631 931 662 successoribus
956 632 1072 661 nostris
1098 631 1228 672 regibus
1259 636 1313 662 aut
1338 633 1587 674 imperatoribus
1625 635 1771 665 {omano-

138 693 204 713 rum
238 684 401 713 accrescat
428 682 478 713 vel
506 683 536 712 in
566 682 671 723 aliquo
701 683 839 714 ecclesie
864 682 1008 713 Romane
1032 682 1186 724 depereat
1209 686 1273 713 tam
1299 684 1382 715 circa
1414 686 1651 726 possessionem
1679 696 1772 727 quam

138 735 220 765 circa
242 734 479 775 proprietatem.

243 786 290 827 (2)
315 786 542 817 Consentimus
566 787 697 828 insuper
721 789 817 828 atque
843 787 1063 827 concedimus,
1095 786 1178 829 quod
1203 797 1273 817 vos.
1306 787 1507 818 sanctissime
1531 791 1623 829 pater
1647 789 1772 820 dominc

136 838 278 880 Nycolae
301 848 385 880 papa
408 837 468 877 III,
500 842 532 869 et
564 838 676 869 eadem
707 838 851 869 Romana
882 840 1022 870 ecclesia
1053 850 1109 881 per
1137 850 1193 869 vos
1223 842 1255 869 et
1286 849 1343 880 per
1373 839 1451 870 alios
1482 850 1565 870 nunc
1589 843 1622 871 et
1646 852 1774 883 semper

136 890 318 932 accipiatis,
349 890 593 928 nanciscamini,
627 890 752 921 intretis
782 894 814 921 et
844 890 1098 932 apprehendatis
1127 890 1248 932 absque
1277 891 1362 921 ulla⁰
1393 894 1517 929 nostra,
1550 902 1771 923 successorum

136 944 315 972 nostrorum
340 942 389 972 vel
414 941 545 972 alterius
570 942 800 983 requisicione,
824 943 1016 973 auctoritate
1046 943 1095 973 vel
1125 942 1275 973 mandato
1306 943 1446 973 obtentis
1471 944 1537 973 sive
1563 944 1672 985 petitis
1697 955 1770 986 pos-

137 994 310 1025 sessionem
341 997 373 1024 et
401 994 491 1034 quasi
523 994 664 1024 omnium
695 997 918 1025 contentorum
953 995 984 1024 in
1012 995 1130 1025 nostris
1156 997 1187 1025 et
1210 993 1477 1035 predecessorum
1503 998 1683 1025 nostrorum
1708 996 1771 1036 pri-

136 1045 270 1086 vilegiis,
296 1045 608 1084 contii-macionibus,
633 1045 903 1084 concessionibus,
928 1045 1203 1083 innovacionibus,
1229 1046 1518 1087 recognicionibus,
1543 1046 1772 1077 donacionibus

137 1107 190 1128 seu
208 1097 393 1128 iuramentis
419 1100 450 1127 et
468 1097 610 1128 omnium
635 1107 755 1135 eorum,
781 1107 844 1138 que
869 1097 1107 1138 quoquomodo
1133 1097 1299 1139 pertinent
1323 1098 1361 1129 ad
1386 1098 1541 1140 predicta,
1567 1102 1598 1129 et
1614 1099 1771 1140 promitti-

136 1159 215 1187 mus,
239 1148 319 1190 quod
346 1159 402 1179 nos
426 1159 484 1190 per
508 1159 565 1179 nos
591 1149 642 1180 vel
667 1159 725 1190 per
749 1149 846 1179 alium
871 1159 927 1179 seu
953 1148 1030 1179 alios
1055 1159 1116 1179 non
1135 1149 1335 1191 inpediemus
1353 1160 1409 1180 vos
1426 1150 1479 1180 vel
1497 1150 1630 1180 nuncios
1649 1153 1771 1180 vestros

135 1201 164 1231 in
189 1200 339 1242 predictis
364 1203 396 1232 et
420 1200 561 1242 quolibet
585 1200 817 1242 predictorum,
851 1200 908 1231 sed
940 1201 1052 1242 pocius
1082 1201 1113 1231 in
1138 1202 1285 1233 omnibus
1310 1202 1443 1243 prefatis
1468 1205 1533 1232 tam
1558 1201 1770 1243 adipiscendis

135 1263 226 1294 quam
255 1252 401 1283 tenendis
432 1256 464 1283 et
494 1252 651 1283 habendis
683 1256 794 1283 nostro
825 1263 920 1294 posse
957 1256 1113 1294 perpetuo
1152 1253 1384 1284 adiuvabimus.
1436 1253 1478 1284 Et
1510 1257 1544 1284 ut
1575 1254 1634 1284 hec
1665 1254 1771 1284 omnia

134 1304 258 1346 plenam
284 1304 465 1335 omnimode
498 1304 704 1345 perfectionis
737 1308 768 1335 et
797 1303 1001 1335 solidacionis
1032 1304 1172 1335 habeant
1199 1305 1396 1345 firmitatem,
1428 1306 1521 1336 tactis
1556 1305 1770 1335 sacrosanctis

135 1356 318 1397 ewangeliis
342 1356 483 1386 iuramus
502 1356 532 1386 in
557 1356 695 1386 animam
720 1359 872 1395 nostram,
898 1356 1044 1398 predicta
1068 1357 1174 1387 omnia
1199 1360 1231 1387 et
1255 1358 1382 1398 singula
1405 1368 1461 1387 nos
1486 1359 1644 1398 perpetuo
1669 1356 1769 1386 invio-

133 1407 271 1438 labiliter
297 1410 490 1439 servaturos
538 1407 716 1438 Statuimus
741 1411 890 1449 preterea
914 1408 1015 1449 regali
1040 1409 1232 1439 auctoritate
1257 1411 1353 1450 atque
1378 1408 1596 1446 decernimus,
1628 1411 1662 1438 ut
1686 1408 1768 1438 idem

134 1462 222 1490 tenor
251 1460 392 1490 insertus
422 1459 628 1501 presentibus
662 1459 792 1490 easdem
825 1470 882 1501 per
911 1460 1018 1490 onmia
1042 1460 1126 1491 vires
1151 1460 1270 1491 habeat
1294 1464 1325 1491 et
1349 1460 1507 1499 obtineat,
1540 1471 1619 1501 quas
1650 1460 1770 1490 habent

137 1514 167 1542 et
190 1510 332 1542 obtinent
355 1511 425 1553 ipse
448 1511 554 1542 littere
578 1511 790 1553 principales,
825 1512 870 1542 ita
899 1511 983 1552 quod
1015 1512 1038 1542 si
1070 1512 1177 1542 forsan
1209 1512 1296 1553 ipsas
1326 1512 1519 1553 principales
1545 1512 1669 1542 litteras
1694 1522 1767 1542 con-

134 1563 270 1604 tingeret
294 1562 534 1604 quomodolibet
557 1562 723 1604 deperire,
755 1562 859 1594 dictus
892 1566 983 1593 tenor
1006 1562 1141 1604 perinde
1166 1564 1228 1593 vim
1253 1567 1285 1594 et
1309 1563 1406 1594 robur
1430 1563 1574 1594 obtineat
1598 1563 1628 1593 in
1652 1562 1768 1593 iudicio

133 1617 164 1645 et
188 1618 279 1646 extra
302 1614 450 1646 iudicium
476 1618 508 1646 et
532 1615 563 1645 in
588 1614 735 1645 omnibus
760 1618 792 1645 et
816 1625 873 1656 per
904 1615 1010 1645 omnia
1038 1614 1132 1645 fidem
1162 1615 1272 1653 faciat,
1305 1615 1385 1645 sicut
1414 1615 1483 1656 ipse
1514 1614 1620 1645 littere
1652 1614 1765 1655 princi-

132 1666 219 1707 pales
248 1666 393 1697 facerent
422 1667 453 1696 in
487 1677 544 1697 sua
572 1667 675 1708 prima
707 1667 808 1707 figura
841 1670 873 1697 et
902 1667 1086 1707 integritate
1120 1670 1301 1703 manentes,
1335 1667 1408 1707 lege
1444 1677 1500 1697 seu
1537 1666 1767 1697 constitucione

132 1717 236 1758 aliqua
264 1728 326 1748 non
356 1718 515 1748 obstante.
570 1718 790 1748 Promittimus
820 1718 964 1759 insuper,
996 1718 1078 1759 quod
1108 1721 1279 1760 postquam
1308 1717 1444 1748 Romam
1478 1718 1517 1749 ad
1549 1717 1766 1758 recipiendam

136 1767 352 1811 [unction]em,
380 1768 671 1811 [coronacionem]b
704 1773 735 1800 et
767 1770 934 1811 imperiale
963 1769 1121 1811 dyadema
1149 1770 1393 1811 pervenerimus
1422 1770 1553 1811 ipsaque
1586 1769 1766 1810 perceperi-

131 1830 210 1859 mUS,
239 1820 320 1852 infra
344 1824 415 1852 octo
445 1820 514 1852 dies
544 1821 703 1863 premissa
737 1822 843 1852 omnia
872 1825 903 1852 et
935 1822 1059 1863 singula
1089 1822 1312 1853 innovabimus
1343 1825 1375 1853 ct
1402 1822 1442 1852 de
1471 1832 1552 1852 novo
1581 1821 1705 1861 integre
1730 1832 1766 1851 ac

132 1872 272 1912 plenarie
297 1872 462 1903 faciemus.

235 1923 281 1964 (3)
307 1923 413 1955 Tenor
436 1928 543 1955 autem
568 1924 731 1966 predictus
756 1924 795 1955 de
820 1925 920 1956 verbo
946 1925 985 1956 ad
1011 1925 1143 1955 verbum
1168 1936 1225 1967 per
1249 1925 1355 1956 onmia
1379 1925 1452 1956 talis
1478 1928 1541 1956 est:

237 1974 283 2005 ‘In
307 1976 434 2007 nomine
458 1975 589 2007 Domini
604 1995 641 1998 —
657 1977 785 2017 signum
808 1975 892 2007 feci'.
931 1987 1029 2015 snpra
1052 1988 1100 2008 nr.
1118 1978 1189 2008 164.

237 2026 284 2067 (4)
308 2027 406 2058 Porro
438 2027 478 2058 ad
509 2028 733 2059 certitudinem
758 2029 960 2069 presencium
991 2032 1022 2059 et
1045 2029 1231 2059 memoriam
1257 2029 1436 2059 futurorum
1462 2031 1493 2059 et
1516 2032 1551 2059 ut
1574 2028 1633 2059 hec
1659 2028 1763 2058 onmia

132 2077 220 2108 vobis
244 2082 420 2110 memorato
447 2080 647 2110 sanctissimo
667 2080 750 2122 patri
775 2083 883 2111 nostro
907 2080 1034 2111 domino
1059 2080 1201 2122 Nycolao
1226 2084 1431 2111 sacrosancte
1457 2080 1602 2110 Romane
1627 2080 1763 2110 ecclesie

132 2140 252 2161 summo
283 2131 424 2172 pontifici
449 2132 627 2173 vestrisque
658 2132 901 2162 successoribus
927 2143 984 2174 per
1008 2143 1066 2163 nos
1092 2135 1122 2162 ct
1147 2135 1272 2163 nostros
1298 2142 1502 2163 successores
1527 2132 1745 2162 Romanorum
1756 2130 1765 2148 ¹*

131 2191 221 2222 reges
255 2185 286 2213 et
316 2183 526 2225 imperatores
562 2187 717 2225 perpetuo
754 2185 967 2214 observentur
1001 2184 1155 2225 firmaque
1188 2190 1335 2225 semperg
1361 2187 1392 2214 ct
1420 2184 1608 2214 inconvulsa
1636 2193 1762 2224 perma-

131 2237 238 2272 neant,
262 2245 393 2275 presens
418 2236 568 2277 scriptum
599 2246 697 2266 aurea
720 2235 809 2266 bulla
833 2236 958 2277 typario
982 2239 1092 2267 nostre
1117 2236 1305 2277 magestatis
1334 2236 1480 2277 inpressa
1510 2235 1665 2265 munitum
1695 2235 1761 2265 fieri

133 2284 261 2316 fecimus
285 2290 317 2317 et
339 2287 430 2318 vobis
455 2287 495 2318 ad
519 2288 667 2329 perpetui
692 2287 815 2318 roboris
840 2288 1027 2319 memoriam
1053 2288 1209 2319 exhiberi.

234 2337 380 2377 Testesh,
409 2339 523 2380 quibus
554 2339 757 2380 presentibus
787 2339 846 2370 hec
879 2343 951 2370 sunt
983 2343 1072 2378 acta,
1106 2343 1192 2370 sunt:
1224 2339 1424 2370 venerabiles
1449 2338 1631 2369 Fridericus
1656 2337 1759 2368 archi-

131 2388 295 2431 episcopus
336 2390 598 2432 Salzpurgensis,
638 2391 799 2422 Iohannes
830 2391 1002 2432 Kymensis
1038 2395 1070 2422 et
1099 2391 1325 2422 NVernhardus
1363 2390 1569 2421 Secouiensis
1607 2389 1758 2430 episcopi,

130 2439 284 2472 Rudolfus
309 2443 394 2474 curie
425 2446 531 2473 nostre
563 2443 789 2482 cancellarius,
819 2442 985 2484 magisteri
1011 2442 1177 2474 Gotfridus
1202 2443 1380 2484 prepositus
1406 2442 1563 2473 Solicnsis
1586 2441 1758 2482 prothono-

130 2492 227 2522 tarius
251 2497 372 2533 noster,
404 2520 410 2526 .
434 2518 440 2525 .
465 2494 565 2525 abbas
589 2494 838 2533 Adniontensis,
869 2520 899 2526 ..
925 2494 1170 2525 archidiaconus
1196 2494 1407 2532 Tudertinus,
1438 2494 1579 2524 illustres
1604 2492 1758 2522 Albcrtus

100 2560 105 2570 ›
132 2545 162 2573 et
183 2542 408 2576 Hermannusk
432 2546 547 2577 fratres
574 2545 611 2576 de
636 2546 829 2587 Habspurch
856 2550 887 2577 et
911 2546 949 2576 de
974 2545 1129 2587 Kyburch
1160 2546 1311 2585 comites,
1344 2545 1513 2586 lantgravii
1539 2544 1679 2577 Alsacic,
1703 2544 1756 2573 filii

131 2595 238 2633 nostri,
263 2606 298 2627 ac
323 2597 516 2638 spectabiles
541 2598 598 2628 viri
623 2597 806 2628 Fridericus
830 2597 1020 2639 burgravius
1045 2597 1084 2628 de
1103 2597 1325 2635 Nurenberch,
1351 2596 1491 2627 marchio
1516 2595 1555 2625 de
1573 2594 1757 2636 Halipcrcli.

131 2645 331 2679 Burchardus
356 2648 395 2680 de
419 2648 636 2680 Iiohenberch
662 2653 694 2680 et
718 2649 760 2680 H.
785 2648 823 2680 de
848 2649 1085 2680 Furstenberch
1112 2649 1255 2685 comites,
1280 2648 1322 2679 II.
1341 2647 1541 2679 Sluzzclinus
1567 2646 1754 2687 capellanus

228 2748 290 2776 221·
310 2750 334 2778 ‘ll
353 2760 365 2775 e
384 2760 450 2777 corr.
470 2761 499 2777 ea:
517 2761 532 2777 a
551 2761 588 2777 or.
693 2753 715 2783 Θ)
734 2752 864 2784 pram—edic
882 2761 978 2776 rasura
997 2761 1033 2776 or.
1139 2751 1156 2783 Υ)
1176 2753 1236 2776 Rom
1256 2762 1322 2777 corr.
1341 2761 1370 2776 ca*
1391 2753 1443 2782 Πομ·
1463 2761 1499 2775 01¹.
1603 2749 1626 2780 g)
1646 2749 1755 2780 sr‘tffle'lm·

129 2800 219 2816 rfflfflTa
232 2802 267 2818 ⁰7·-
346 2794 368 2826 Ἰ)
383 2796 414 2819 ab
428 2796 473 2819 hoc
486 2796 559 2819 ‘verbo
573 2796 659 2820 eadem
674 2804 760 2822 murm.
781 2796 824 2820 sed
838 2800 979 2819 atramento
991 2795 1100 2827 sit-sciori
1118 2804 1153 2818 nr.
1229 2797 1245 2819 ¹)
1264 2796 1288 2819 1⁴11
1308 2805 1401 2819 ras-nm
1422 2804 1458 2818 or,
1529 2793 1552 2825 k)
1575 2792 1703 2816 ll7111211111«›
1717 2801 1752 2814 ιη’,
