2259 3116
466 126 521 155 168
803 122 958 149 RUDoLFl
979 122 1084 149 REGIS
1104 123 1426 150 eoNsTl'rU'rloNES.
1466 124 1537 150 1278.
1574 125 1764 151 Νι·.182.183.

462 211 560 241 tentis
586 211 652 241 sive
677 211 786 251 petitis
811 211 1047 252 possessionem
1072 213 1103 241 et
1127 211 1216 251 quasi
1241 211 1381 241 onmium
1407 214 1630 242 contentorum
1663 212 1694 242 in
1724 211 1876 253 predictis
1908 212 2095 253 privilegiis,

462 262 768 297 confirmationibus
794 262 1071 301 concessionibus,
1095 262 1367 301 innovationibus,
1393 263 1680 303 recognitionibus,
1706 263 1932 294 donationibus
1957 267 1989 294 et
2012 265 2096 296 iura-

461 314 577 345 mentis
602 318 634 345 et
659 315 801 345 omnium
819 324 938 351 eorum,
964 325 1024 355 que
1042 315 1203 355 pertinent
1227 314 1265 344 ad
1284 314 1439 356 predicta.
1465 318 1496 345 et
1514 315 1741 356 promittimus,
1767 315 1850 356 quod
1875 326 1933 346 nos
1960 326 2016 357 per
2039 327 2095 347 nos

464 367 513 396 vel
539 365 644 407 [per]³
668 366 766 397 alium
792 377 849 397 seu
873 366 952 397 alios
978 377 1040 396 non
1065 366 1277 407 impediemus
1303 367 1406 408 ipsam
1431 366 1603 397 ecelesiam
1627 367 1678 398 vel
1712 367 1840 398 nuntios
1872 367 1941 398 eius
1966 367 1997 398 in
2022 379 2094 409 pre-

461 418 553 449 dictis
579 423 611 449 et
638 417 780 459 quolibet
804 417 1039 459 predictorum,
1071 421 1121 449 set
1151 428 1219 449 eam
1250 418 1280 448 in
1315 418 1462 449 omnibus
1487 418 1621 459 prefatis
1646 422 1709 449 tam
1735 418 1966 460 adipiscendis,
2001 429 2093 460 quam
2136 431 2146 449 ⁵

462 469 609 501 tenendis
636 469 716 512 [Εἰ]ῐι
740 469 897 500 habendis
923 474 1030 500 nostro
1057 481 1152 512 posse
1179 473 1334 512 perpetuo
1360 471 1550 501 iuvabimus.
1590 471 1712 502 Damus
1738 472 1834 502 etiam
1859 472 1920 513 ipsi
1946 482 2096 513 procura-

462 523 521 552 tori
548 526 656 553 nostro
682 522 865 563 specialem,
890 520 1073 562 generalem
1101 526 1132 553 et
1156 522 1293 553 liberam
1318 526 1512 564 potestatem
1536 523 1682 564 plenarie
1708 522 1899 560 stabiliendi,
1928 523 2098 563 solidandi,

462 573 625 611 firmandi,
662 573 843 616 complendi
875 578 906 604 et
934 574 1120 614 perficiendi
1154 585 1190 605 ac
1223 574 1347 605 iurandi
1376 575 1483 605 omnia
1514 578 1546 606 et
1571 575 1698 615 singula
1733 575 1878 616 predicta
1902 575 1933 606 in
1958 575 2097 607 animam

462 630 614 663 nostram,
639 627 684 657 ita
708 626 790 667 quod
816 626 944 667 plenam
968 626 1149 657 omnimode
1176 627 1383 668 perfectionis
1409 631 1440 657 ct
1458 627 1657 658 solidationis
1682 627 1823 658 habeant
1847 627 2039 665 firmitatem,
2067 631 2098 659 et

461 678 678 719 promittendi,
704 677 787 719 quod
812 688 869 708 nos
894 688 949 720 per
973 688 1029 708 nos
1054 678 1140 719 ipsos
1165 677 1279 708 eadem
1304 678 1470 715 faciemus,
1495 679 1730 720 promittemus,
1756 678 1973 717 stabiliemus,
1998 679 2093 720 plene
2124 691 2146 710 ιο

462 729 679 767 solidabimus,
704 729 909 765 firmabimus,
936 730 1137 771 perficiemus
1163 732 1258 770 atque
1284 730 1469 767 iurabimus,
1495 730 1762 772 quandocumque
1786 741 1844 772 per
1866 730 1969 772 ipsam
1995 731 2096 761 eccle-

463 784 541 814 siam
565 784 679 814 litteris
697 784 746 814 vel
771 784 889 814 nuntiis
908 783 1062 814 fuerimus
1081 783 1237 824 requisiti,
1263 787 1294 813 et
1318 782 1455 813 faciendi
1481 783 1597 819 omnia,
1622 793 1683 823 que
1709 783 1741 812 in
1766 782 1932 823 premissis
1956 785 1988 813 et
2012 783 2097 813 circa

461 835 618 876 premissa
642 836 762 866 fuerint
787 836 847 877 ipsi
872 835 1008 866 ecclesie
1033 835 1177 866 Romane
1202 835 1310 873 utilia,
1342 835 1526 865 necessaria
1550 834 1599 865 vel
1624 834 1720 865 etiam
1746 837 1921 875 oportuna,
1947 833 2047 864 etiam
2070 834 2096 865 si

460 887 646 918 mandatum
672 888 803 928 exigant
820 887 869 917 vel
888 887 1056 927 exigerent
1073 887 1224 928 speciale.
1262 886 1493 917 Promittentes
1512 896 1568 916 nos
1585 885 1709 916 ratumh
1727 885 1893 916 habituros
1912 888 1944 916 et
1960 885 2095 926 firmum,

462 939 611 980 quicquid
635 950 693 981 per
716 939 820 981 ipsum
845 942 1084 980 procuratorem
1108 939 1140 969 in
1165 937 1313 969 omnibus
1338 942 1370 969 et
1395 938 1530 979 singulis
1556 937 1748 979 supradictis
1772 937 1868 968 fuerit
1884 938 2092 978 recognitum,
2123 950 2145 969 ιε

461 992 663 1027 ratificatum,
688 991 911 1033 approbatum,
939 992 1138 1027 innovatum,
1164 1001 1362 1027 concessum,
1387 990 1550 1029 donatum,
1574 990 1745 1029 firmatum,
1771 989 1960 1028 stabilitum,
1978 989 2094 1020 solida-

462 1046 538 1081 tum,
563 1044 772 1085 completum,
797 1043 976 1084 perfectum
1002 1046 1097 1084 atque
1122 1043 1277 1082 iuratum,
1302 1046 1409 1073 actum
1434 1042 1502 1073 sive
1527 1042 1656 1072 factum.
1703 1041 1740 1072 In
1766 1041 1855 1071 cuius
1881 1041 1926 1072 rei
1951 1041 2094 1072 testimo<

461 1095 547 1125 nium
572 1098 604 1126 et
628 1094 842 1136 predictorum
868 1095 1007 1125 omnium
1032 1095 1216 1125 firmitatem
1235 1097 1406 1136 presentes
1431 1095 1556 1125 litteras
1581 1094 1650 1124 fieri
1667 1093 1801 1124 fecimus
1826 1096 1858 1124 et
1880 1093 1980 1124 nostri
1998 1093 2095 1135 sigilli

460 1146 635 1177 munimine
660 1146 815 1178 roborari.

567 1198 640 1229 Dat.
668 1197 822 1236 WVienne,
848 1209 931 1228 anno
959 1198 1089 1229 Domini
1114 1197 1398 1235 MCOLXXVIIL
1428 1196 1539 1228 XIIII.
1557 1196 1631 1228 Kal.
1655 1196 1838 1235 Februarii,
1875 1197 1965 1237 regni
1995 1196 2094 1227 nostri
2122 1209 2145 1228 πο

460 1260 543 1280 anno
568 1250 686 1290 quinto.

511 1394 585 1427 183.
611 1396 848 1427 LITTERAE
872 1395 1306 1427 (JORJMENDATITIAE
1325 1395 1528 1427 NICOLAO
1550 1396 1617 1427 III.
1642 1395 1827 1427 MISSAE.
1872 1395 1960 1434 (Ian.
1978 1396 2043 1436 19.)

562 1456 743 1496 impetimus
773 1456 921 1487 editiones
951 1457 975 1486 U
1009 1456 1057 1491 II,
1076 1458 1137 1486 420·
1160 1458 1216 1495 (=
1241 1456 1259 1486 l.
1285 1457 1331 1493 Il,
1348 1458 1404 1493 37)
1435 1459 1464 1486 et
1494 1456 1521 1487 G
1546 1468 1580 1495 2).
1605 1457 1666 1487 1:32
1692 1457 1748 1495 (z
1771 1455 1790 1487 l.
1815 1456 1882 1493 HI,
1900 1456 1934 1496 9)
1966 1456 2029 1487 ¹iam
2052 1456 2094 1487 (nl

456 1518 504 1538 nr.
524 1508 584 1537 14&
601 1507 766 1544 (cclleiltilas,
791 1519 870 1546 qwm
886 1508 1010 1538 omnim)
1026 1508 1107 1538 iuter
1130 1519 1160 1538 se
1177 1508 1373 1545 amem-daut,
1397 1508 1444 1538 fita
1468 1511 1571 1539 tamen
1593 1511 1628 1538 ut
1651 1518 1759 1539 emnem
1783 1507 2031 1547 orthoyrcqvhmnz,
2054 1508 2096 1539 ad

456 1559 549 1590 libros
573 1559 789 1599 formularum
818 1560 1014 1590 rcclueanms.
1060 1559 1108 1590 Dc
1137 1560 1259 1590 *ratione
1291 1562 1318 1590 ct
1344 1560 1488 1598 personis
1516 1570 1542 1591 υ.
1568 1559 1699 1599 Rcycsta
1725 1559 1857 1599 imperii.
1882 1578 1923 1582 —
1947 1559 2091 1598 Bis'hmcr,
2119 1571 2142 1590 2⁵

456 1611 531 1651 llugl.
551 1611 622 1649 imp.
648 1611 699 1648 VI,
718 1612 788 1641 911),
1801 1611 1855 1651 (P.
1880 1611 1987 1651 deest.)

569 1706 780 1736 Sanctissimo
806 1709 864 1737 etc.
891 1706 1050 1737 Rudolfus
1076 1710 1136 1738 etc.

563 1758 695 1789 sincere
725 1758 910 1789 devocionis
944 1759 1111 1799 integritas
1140 1762 1171 1789 et
1201 1760 1336 1790 affectus
1361 1759 1493 1800 congrui
1526 1758 1760 1801 promptitudo,
1786 1769 1848 1800 que
1878 1759 1961 1789 circa
1986 1768 2091 1789 saero-

456 1813 601 1840 sanctam
633 1809 812 1841 Romanam
848 1810 1018 1841 eeclesiam
1052 1814 1187 1841 matrem
1223 1814 1364 1841 nostram
1397 1811 1572 1852 piissimam
1607 1810 1730 1851 pridem
1762 1810 1793 1840 in
1822 1812 1953 1852 pectore
1984 1813 2103 1841 nostro

458 1862 616 1892 tenaciter
642 1862 786 1893 radicata
810 1863 941 1897 coaluit,
973 1873 1056 1893 nunc
1081 1863 1254 1893 novissime
1285 1862 1346 1893 hiis
1373 1862 1500 1899 diebus,
1526 1862 1640 1903 quibus
1665 1862 1757 1892 nobis
1783 1866 1815 1892 et
1838 1861 2012 1893 christiano
2036 1872 2091 1903 po-
2118 1874 2142 1892 3ο

457 1913 530 1954 pulo
556 1913 762 1954 providencia
789 1914 902 1944 summi
928 1914 1032 1944 Patris
1058 1914 1097 1944 de
1123 1914 1298 1955 apostolico
1323 1918 1414 1955 patre
1439 1914 1579 1955 providit
1603 1913 1643 1944 ad
1668 1916 1793 1947 votum,
1828 1914 1872 1944 sic
1903 1913 2040 1955 pullu'lat
2063 1917 2093 1944 ct

456 1966 617 1996 excrescit
642 1966 789 1999 uberius,
824 1967 868 1996 sie
899 1967 928 1997 in
958 1977 1085 1997 omnem
1115 1967 1238 1997 iusticie
1274 1967 1420 1997 semitam
1451 1969 1559 1996 nostre
1590 1966 1706 1996 mentis
1736 1965 1889 1996 interiora
1927 1965 2090 2003 convertit,

455 2017 538 2059 quod
564 2028 625 2047 non
652 2018 753 2048 solum
778 2018 809 2048 in
834 2018 925 2048 nobis
950 2018 1024 2048 mali
1051 2018 1200 2059 suspicio,
1225 2029 1287 2059 qua
1312 2028 1368 2048 nos
1394 2018 1507 2049 cadem
1526 2021 1629 2048 mater
1645 2017 1782 2048 eeclesia
1798 2020 1924 2058 poterat
1942 2016 2090 2048 habuisse

459 2069 626 2102 notabiles,
652 2070 715 2099 iam
741 2070 884 2111 perfecte
903 2070 1103 2107 rescinditur,
1130 2070 1185 2101 sed
1212 2073 1243 2100 et
1267 2070 1368 2100 omnis
1395 2070 1468 2100 mali
1494 2070 1630 2111 species,
1655 2079 1715 2110 que
1740 2069 1770 2099 in
1796 2080 1829 2100 re
1852 2073 1945 2109 gesta
1966 2068 2091 2100 oculata

456 2121 732 2151 coniecturacione
759 2121 913 2162 perpendi
938 2125 1103 2162 potuerat,
1128 2125 1162 2152 ut
1188 2122 1328 2151 intencio
1358 2121 1481 2157 filialis,
1507 2132 1568 2162 que
1594 2131 1755 2162 nunquam
1781 2131 1894 2151 revera
1920 2120 2092 2151 declinavit
2117 2136 2139 2155 ³5

456 2174 485 2203 in
512 2173 649 2207 (levium,
675 2174 760 2203 claro
786 2174 901 2204 elarius
927 2174 1100 2209 elucescat,
1128 2174 1157 2204 in
1182 2174 1281 2214 patris
1306 2173 1490 2214 aspectibus
1510 2173 1637 2214 penitus
1655 2176 1849 2214 amputatur.
1890 2171 1975 2203 Ecce
1995 2172 2092 2213 igitur

457 2225 604 2255 universa
632 2228 664 2254 et
688 2225 828 2263 singula,
859 2236 919 2266 que
950 2237 967 2255 a
998 2226 1087 2255 nobis
1112 2226 1268 2256 haetenus
1297 2225 1382 2255 alma
1411 2229 1512 2255 mater
1543 2225 1680 2255 ecclesia
1710 2224 1894 2265 postulasse
1919 2223 2091 2254 dinoscitur

456 2281 520 2307 tam
551 2288 607 2317 per
638 2277 771 2307 nuncios
805 2288 898 2318 quani
925 2288 980 2318 per
1005 2278 1128 2307 litteras
1154 2278 1329 2318 speciales,
1363 2277 1519 2318 applausu
1550 2276 1709 2307 benevolo
1741 2280 1773 2307 et
1796 2286 1929 2306 assensu
1954 2275 2091 2317 gratuito

456 2329 632 2359 liberaliter
656 2328 888 2369 approbantes.
925 2330 954 2359 in
985 2329 1044 2359 hiis
1075 2332 1107 2359 et
1136 2329 1283 2359 omnibus
1318 2329 1389 2359 aliis
1420 2329 1626 2370 concepimus
1658 2328 1842 2369 apostolicis
1874 2327 2086 2368 beneplacitis

455 2380 668 2421 equanimiter
685 2380 896 2419 conformare,
921 2381 1138 2421 supplicantes
1157 2381 1321 2411 humiliter
1339 2383 1444 2411 vestre
1464 2380 1713 2411 clementissime
1732 2380 1905 2412 sanctitati,
1934 2382 2090 2421 quatenus
2115 2391 2139 2410 «ιο

457 2443 512 2461 nos
537 2436 568 2476 et
594 2430 748 2461 creditum
781 2431 893 2461 celitus
920 2432 1010 2462 nobis
1036 2433 1202 2473 imperium
1228 2432 1266 2463 ad
1292 2433 1445 2463 honorem
1471 2433 1632 2463 Altissimi
1658 2436 1689 2463 et
1713 2432 1849 2463 salutem
1876 2431 1984 2473 populi
2008 2431 2089 2462 chri-

456 2484 549 2513 stiani
576 2483 749 2523 dignemini
768 2483 900 2523 provida
918 2483 1161 2525 dispensacione
1179 2484 1316 2525 dirigere
1335 2495 1392 2515 nee
1419 2495 1480 2515 non
1499 2485 1677 2526 apostolice
1701 2484 1809 2525 gracie
1835 2483 1989 2513 beneficio
2014 2493 2087 2513 con-

457 2536 573 2565 fovere.
624 2534 720 2565 l'orro
746 2534 918 2565 industrios
948 2540 979 2565 et
1006 2535 1179 2576 prudentes
1206 2537 1287 2566 viros
1313 2537 1439 2577 ttalem)
1472 2540 1503 2567 et
1528 2536 1656 2576 t(alem)
1681 2535 1721 2566 ad
1746 2534 1956 2565 beatitudinis
1982 2536 2087 2565 vestre

457 2586 555 2628 pedes
580 2586 818 2617 lidurialiwsime
843 2586 1054 2623 destinamus,
1087 2592 1120 2617 ut
1143 2598 1239 2629 super
1263 2588 1430 2629 principali
1457 2588 1603 2629 negocio,
1639 2598 1735 2629 super
1759 2586 1903 2617 amicicia
1926 2586 2008 2616 inter
2031 2595 2087 2616 nos

456 2643 486 2668 vt
513 2639 656 2668 inclitum
682 2637 807 2678 t(alem)
837 2639 924 2669 iuxta
954 2638 1159 2680 providencie
1185 2642 1290 2670 vestre
1322 2640 1501 2670 consilium.
1532 2639 1557 2669 si
1588 2639 1647 2670 hoc
1673 2642 1745 2670 voto
1776 2641 1887 2669 nostro
1912 2636 2086 2675 consideat,
2113 2647 2135 2667 ⁴³

559 2731 621 2758 1³2.
641 2738 664 2755 ¹¹!
685 2733 841 2764 olts'nsculum
861 2738 889 2756 [ι’.
980 2733 1003 2763 b)
1024 2742 1038 2757 n
1059 2743 1124 2758 corr.
1144 2742 1173 2758 ca:
1192 2743 1207 2758 a
1226 2739 1256 2758 [ι’.
