2259 3116
282 246 333 266 Oct.
347 248 377 266 15.

294 416 341 436 Oct.
355 417 385 435 13.

292 518 341 537 Oet.
353 520 383 538 13.

416 152 476 182 578
1123 146 1305 172 APPENnix
1327 146 1360 171 11.

524 237 657 277 insuper
681 235 795 266 eodem
821 245 903 265 anno
928 237 960 264 et
984 234 1167 268 indictione,
1193 233 1244 264 die
1268 233 1380 263 Martis
1404 232 1475 263 XV.
1502 232 1619 262 mensis
1644 231 1804 263 octubris.

520 305 567 346 (3)
597 306 676 336 Cum
707 304 810 334 dictus
838 303 977 333 sindicus
1009 306 1041 333 et
1067 306 1255 343 procurator
1284 302 1324 332 ad
1356 302 1545 343 petitionem
1577 300 1652 331 dicti
1676 301 1784 331 vicarii
1813 311 1920 332 coram
1946 301 2060 333 eodem

414 362 498 388 esset
523 357 651 387 domino
676 357 809 394 vicario,
839 356 954 385 iterato
984 354 1086 384 dictus
1118 354 1263 385 dominus·
1287 354 1422 384 vicarius
1446 352 1487 383 ad
1515 352 1704 393 petitionem
1729 352 1805 383 dicti
1829 353 1940 383 sindici
1964 353 2060 384 dixit:

414 409 515 445 ‘Dico,
540 409 611 438 volo
638 412 668 438 et
693 417 886 448 1·ec‹31gnosco
911 407 1008 447 atque
1030 405 1180 443 concedo,
1206 405 1291 446 quod
1315 416 1333 435 a
1358 404 1409 435 die
1434 404 1613 435 dominicab
1637 405 1782 444 proxime
1807 405 1961 445 preterita
1985 405 2063 436 eitra

413 471 514 501 usque
538 460 634 490 hodie
660 465 691 490 et
716 460 813 490 etiam
838 458 934 489 hodie
958 468 1017 499 per
1040 460 1140 488 totam
1171 457 1256 488 diem
1287 467 1421 487 comune
1447 456 1617 495 Sen(ense)
1649 459 1680 486 et
1710 459 1745 486 tu
1776 456 1914 486 sindicus
1942 467 1999 497 pro
2025 467 2061 488 eo
2091 471 2102 489 5

414 514 444 543 in
470 523 507 543 eo
533 515 617 542 statu
641 512 716 541 estis
742 514 773 541 et
797 513 845 541 est
862 510 982 540 dictum
1000 520 1145 548 comune,
1170 509 1201 539 in
1225 519 1287 549 quo
1306 513 1374 539 erat
1398 507 1483 538 dicta
1507 507 1558 538 die
1577 507 1754 539 dominicab
1771 508 1917 548 proxime
1941 511 2064 549 preter-

414 563 479 596 itas
598 563 643 603 (4)
684 562 810 593 Deinde
850 561 989 592 sindicus
1030 564 1061 592 et
1096 564 1283 602 procurator
1323 559 1485 600 predictus
1525 559 1645 590 iuribus
1680 559 1889 600 infrascriptis
1924 561 2064 590 comunis

414 615 593 656 Sen(ensis)
616 625 674 655 pro
699 615 767 655 ipso
794 614 919 644 comuni
943 624 1017 643 usus
1043 616 1095 643 est,
1115 617 1146 643 et
1170 612 1275 642 verbis
1301 612 1397 642 etiam
1421 610 1629 651 infrascriptis
1653 612 1684 641 in
1707 611 1788 642 hanc
1813 611 1963 642 formam:

522 684 602 725 ‘Ego
638 683 776 714 Iacobus
805 682 965 724 quondam
995 682 1114 713 domini
1143 681 1281 712 Renaldi
1309 680 1384 711 Gilii
1413 681 1489 711 civis
1520 684 1553 711 et
1580 680 1771 711 ambaxator
1801 683 1833 710 et
1864 679 2001 710 sindicus
2031 684 2062 711 et

479 739 667 778 procurator
697 735 838 765 comunis
863 734 1039 775 Sen(ensis)
1064 744 1120 774 pro
1145 734 1213 773 ipso
1239 733 1365 763 comuni
1394 736 1426 762 ct
1457 733 1525 762 eius
1552 733 1680 762 nornine
1704 732 1845 773 significo
1877 735 1910 762 et
1936 732 2062 762 notifico
2082 743 2105 762 ιο

479 788 568 819 vobis
597 787 729 827 egregio
759 790 790 816 et
822 786 990 827 magnifico
1020 786 1086 815 viro
1118 784 1245 815 domino
1276 783 1456 819 Percivallo
1486 783 1526 814 de
1550 784 1693 814 Lavania
1725 783 1844 814 domini
1875 793 1959 824 pape
1989 783 2062 814 sub-

480 839 636 870 diachono
662 842 694 869 et
722 837 912 878 cappellano
941 848 977 867 ac
1011 837 1107 867 etiam
1137 837 1168 866 in
1198 836 1313 866 Tuscia
1343 836 1423 865 sacri
1452 835 1589 866 Romani
1619 835 1745 876 imperii
1776 835 1893 865 vicario
1921 835 2064 876 generali

480 902 536 932 pro
573 891 687 921 illustri
718 895 749 920 et
776 890 981 919 invictissimo
1017 888 1144 918 domino
1179 887 1319 918 Rodulfo
1353 887 1571 918 Romanorum
1606 898 1699 928 rege,
1735 886 1821 928 quod
1853 887 2002 928 egregius
2033 890 2064 918 et

480 942 666 984 magnificus
701 942 748 971 vir
778 941 936 971 Rodulfus
972 940 1046 970 olim
1082 940 1256 980 imperialis
1287 939 1359 969 aule
1396 939 1605 969 cancellarius
1634 942 1666 969 et
1695 949 1751 979 pro
1787 938 1902 969 eodem
1936 938 2063 968 domino

479 1005 556 1035 rege
581 995 611 1024 in
636 993 751 1024 Tuscia
776 993 911 1023 vicarius
942 992 1111 1033 generalis,
1136 991 1273 1022 utilitate
1299 991 1431 1032 provida
1456 995 1488 1021 et
1511 994 1645 1032 pensata
1670 994 1702 1021 et
1725 1001 1781 1032 pro
1806 991 1889 1021 iusta
1914 996 1945 1021 et
1968 990 2064 1020 ratio-
2085 997 2106 1015 ¹⁵

479 1046 578 1077 nabili
606 1056 701 1076 causa
731 1045 844 1075 habuit
875 1055 946 1074 cum
975 1044 1059 1074 dicto
1084 1043 1211 1074 comuni
1236 1042 1398 1083 Sen(ensi')
1423 1053 1480 1073 seu
1505 1043 1572 1073 eius
1595 1042 1859 1073 ambaxatoribus
1883 1045 1916 1072 et
1939 1041 2065 1072 sindicis

481 1101 601 1128 certam
626 1097 828 1127 concordiam
854 1100 886 1126 et
909 1099 1090 1128 tractatum,
1116 1095 1359 1125 conventionem
1384 1097 1416 1125 et
1440 1097 1544 1135 pacta⁷
1569 1098 1601 1124 et
1622 1095 1778 1124 concessit
1795 1093 1916 1124 eisdem
1940 1093 2065 1124 comuni

481 1160 537 1180 seu
561 1148 825 1179 ambaxatoribus
850 1152 881 1178 et
905 1147 1033 1177 siudicis
1058 1157 1113 1187 pro
1139 1147 1265 1177 comuni
1289 1147 1491 1183 beneficium,
1516 1145 1758 1187 indulgentiam,
1782 1145 1984 1186 privilegium
2008 1155 2064 1176 seu

482 1201 680 1231 imunitatcm
706 1201 735 1229 in
759 1200 839 1230 hanc
865 1199 1013 1229 formam:

524 1259 690 1290 ‘Rodolt'us
714 1259 889 1300 imperialis
913 1259 986 1289 aule
1012 1257 1221 1289 cancellarius
1242 1277 1281 1279 —
1298 1256 1480 1298 publicavi)
1524 1267 1623 1296 supra
1646 1267 1694 1287 ur.
1713 1258 1784 1287 606.
2083 1270 2106 1289 20

523 1320 696 1351 Vobiscum
731 1320 828 1349 etiam
860 1319 969 1349 habuit
996 1318 1115 1349 dictum
1140 1328 1274 1348 comune
1299 1321 1419 1349 certam
1444 1318 1647 1348 concordiam
1679 1321 1711 1348 et
1734 1320 1905 1348 tractatum
1928 1318 2010 1347 iusta
2033 1320 2065 1348 et

481 1371 661 1402 rationabili
685 1381 781 1401 causa
805 1371 835 1400 iu
859 1370 940 1400 hanc
965 1370 1114 1400 formam:

523 1431 570 1461 ‘In
599 1432 726 1462 nominc
757 1430 886 1461 Domini
905 1449 942 1452 —
961 1429 1096 1461 muniris
1147 1441 1246 1469 supra
1273 1441 1321 1461 ην.
1348 1432 1419 1461 614.

522 1491 572 1522 De
598 1491 713 1532 quibus
737 1496 867 1532 paratus
891 1502 959 1521 sum
984 1491 1074 1521 vobis
1100 1491 1205 1521 facere
1230 1490 1358 1532 plenam
1383 1491 1489 1530 fidem,
1515 1494 1547 1521 et
1571 1501 1646 1521 ecce
1671 1491 1757 1532 quod
1780 1491 1811 1521 in
1828 1490 1952 1531 scriptis
1976 1489 2064 1520 vobis

480 1544 580 1574 offero
616 1544 725 1584 copias
759 1543 975 1583 predictorum
1012 1546 1044 1573 et
1081 1543 1206 1583 copiam
1242 1543 1339 1573 etiam
1378 1543 1592 1583 auctoritatis,
1628 1543 1796 1584 potestatis
1830 1545 1862 1573 et
1896 1542 2064 1573 vicariatus
2082 1552 2105 1572 2⁵

481 1596 595 1636 prefati
628 1595 746 1626 domini
769 1595 897 1625 Rodulfi
926 1595 1001 1625 olim
1026 1595 1135 1625 vicarii
1158 1595 1342 1636 supradicti,
1367 1598 1399 1625 et
1423 1595 1523 1626 offero
1547 1605 1598 1625 ine
1622 1598 1770 1635 paratum
1794 1594 1834 1625 de
1859 1592 2064 1634 originalibus

481 1648 587 1678 facere
613 1647 702 1677 vobis
727 1647 822 1677 fidem
856 1651 888 1677 et
912 1646 1049 1687 probare
1074 1646 1219 1687 predicta
1244 1652 1275 1677 et
1299 1647 1466 1687 quodlibet
1490 1647 1706 1687 predictorum
1731 1657 1801 1677 esse
1825 1656 1911 1685 vera,
1936 1647 2065 1686 propter

481 1710 542 1739 que
574 1699 691 1729 dictum
721 1709 855 1729 comune
880 1698 1048 1737 Se11(cnse)
1079 1709 1097 1728 a
1121 1698 1211 1729 vobis
1239 1709 1301 1729 non
1330 1698 1428 1729 debet
1455 1699 1599 1739 recipere
1628 1699 1820 1737 novitatem,
1852 1708 1910 1728 nec
1941 1696 2064 1727 debetis

482 1750 657 1791 procedere
682 1754 791 1780 contra
808 1751 912 1791 ipsum
929 1760 1063 1780 comune
1088 1760 1144 1780 seu
1161 1761 1346 1791 processum
1364 1751 1414 1780 vel
1438 1751 1613 1781 novitatem
1637 1750 1778 1791 aliquam
1802 1749 1919 1785 facere,
1936 1752 2065 1790 propter

482 1813 576 1843 quem
601 1812 785 1842 processum
809 1802 859 1832 vel
891 1802 1066 1832 novitatem
1096 1801 1241 1842 predicta
1272 1803 1303 1832 in
1332 1802 1438 1843 aliquo
1463 1803 1619 1843 recipiant
1642 1802 1796 1832 lesionem
1826 1804 1934 1832 contra
1961 1801 2062 1830 inten-
2081 1811 2105 1830 30

481 1855 600 1884 tionem
618 1853 833 1893 predictorum
851 1853 901 1883 vel
923 1853 1055 1884 alicuius
1074 1864 1183 1884 eorum
1208 1853 1248 1884 de
1273 1854 1339 1884 iure
1365 1854 1415 1884 vel
1440 1853 1479 1884 dc
1498 1854 1591 1884 facto.
1632 1853 1725 1884 Unde
1749 1864 1806 1895 pro
1832 1853 1914 1883 dicto
1939 1852 2063 1883 comuni

482 1909 514 1935 ct
538 1905 663 1935 nomine
690 1905 765 1935 dicti
789 1906 930 1935 comunis
955 1916 1025 1935 cum
1051 1906 1232 1936 reverentia
1263 1910 1294 1936 et
1318 1905 1359 1936 ad
1384 1905 1459 1936 dicti
1484 1906 1626 1936 comunis
1651 1905 1800 1936 Senensis
1824 1905 2061 1935 excusationem

482 1967 538 1987 vos
562 1958 703 1997 requiro,
732 1968 771 1987 ne
797 1960 905 1987 contra
936 1957 1055 1987 dictum
1087 1968 1221 1987 comune
1246 1958 1277 1987 in
1301 1957 1408 1998 aliquo
1433 1957 1615 1998 procedatis
1638 1957 1690 1988 vel
1713 1960 1823 1988 contra
1846 1956 1990 1997 predicta
2013 1954 2062 1986 vel

482 2008 611 2049 aliquod
640 2008 857 2049 predictorum
891 2009 1029 2043 faciatis,
1065 2014 1112 2039 set
1142 2019 1180 2040 ea
1212 2019 1270 2050 per
1304 2009 1428 2050 singula
1461 2010 1594 2040 servetis
1630 2009 1756 2040 comuni
1783 2008 1927 2049 predicto
1958 2012 2003 2042 et,
2038 2007 2062 2036 si

482 2065 591 2090 contra
616 2060 733 2090 fecistis
758 2061 787 2090 in
812 2060 929 2101 aliquo.
954 2060 1131 2091 revocetis*
2081 2068 2104 2088 ss

527 2129 574 2169 (5)
600 2129 659 2164 Qui
686 2140 759 2159 vcro
785 2129 930 2159 domiuus
955 2130 1098 2168 vicarius,
1123 2129 1240 2160 auditis
1265 2134 1297 2161 et
1320 2130 1490 2171 diligenter
1514 2130 1684 2161 intellectis
1708 2129 1854 2160 omnibus
1879 2133 1911 2160 et
1934 2128 2062 2170 singulis

418 2181 654 2221 suprascriptis,
679 2180 758 2210 dixit
792 2184 823 2211 ct
846 2181 1023 2221 respondit:
1050 2182 1179 2212 ‘Audivi
1203 2187 1234 2212 et
1259 2182 1403 2213 intellexi
1432 2183 1538 2212 omnia
1563 2185 1594 2212 et
1623 2182 1747 2222 singula
1770 2181 1968 2222 supradicta,
2001 2190 2061 2220 quc

419 2243 475 2273 pro
505 2236 557 2262 tuo
587 2233 712 2262 comuni
745 2233 860 2263 offerre
896 2238 927 2263 ct
963 2233 1069 2264 dicere
1094 2233 1235 2273 voluisti,
1271 2238 1302 2264 et
1338 2233 1408 2264 dico
1437 2244 1488 2264 me
1514 2236 1660 2274 paratum
1684 2233 1869 2272 attendere,
1901 2232 2007 2263 faeere
2032 2234 2063 2261 et

419 2283 589 2314 observare
616 2283 768 2323 predicta,
792 2288 885 2324 prout
909 2288 941 2315 ct
965 2288 1118 2325 quantum
1142 2285 1182 2315 ‹le
1207 2286 1274 2315 iure
1299 2285 1432 2324 attendi,
1457 2286 1525 2315 fieri
1549 2288 1581 2315 et
1604 2285 1724 2315 servari
1748 2284 1887 2315 debent.7

526 2353 623 2391 Acta,
660 2353 741 2382 factu
773 2356 805 2382 ct
837 2352 1001 2383 celebrata
1029 2356 1102 2383 suut
1132 2353 1275 2393 predicta
1307 2354 1412 2384 omnia
1441 2364 1539 2391 anno,
1568 2353 1619 2383 dic
1651 2356 1682 2383 et
1714 2352 1886 2383 indictione
1916 2351 2059 2392 proxime
2079 2360 2104 2379 ιο

419 2404 650 2444 suprascriptis.
684 2404 719 2433 In
745 2414 818 2434 arce
836 2405 929 2434 castri
948 2404 1055 2435 Sancti
1073 2405 1223 2444 Nini-atis,
1248 2415 1354 2435 coram
1377 2405 1505 2435 domino
1522 2405 1748 2435 Bonaventura
1763 2404 1837 2435 olim
1854 2402 2062 2434 Bcncivennis

421 2455 538 2489 iudice,
571 2456 698 2485 domiuo
735 2455 873 2485 loliunuc
908 2456 1010 2485 iudice
1040 2456 1079 2485 dc
1106 2456 1222 2486 Sancto
1248 2456 1437 2486 Gcminiano
1467 2460 1499 2486 ct
1523 2456 1651 2487 domiuo
1676 2455 1859 2486 Guillielmo
1885 2454 1924 2484 de
1949 2453 2063 2484 Sancta

420 2507 515 2537 Flora
541 2512 571 2537 ct
596 2507 739 2548 pluribus
762 2507 832 2536 aliis
857 2507 990 2537 testibus
1014 2508 1215 2548 presentibus
1240 2511 1272 2538 ct
1296 2509 1424 2548 rogatis.

528 2576 643 2613 (RN.)
680 2575 747 2615 Ego
780 2576 937 2606 lohannes
970 2578 1109 2607 notarius
1138 2577 1297 2618 quondam
1326 2578 1470 2617 magistri
1499 2577 1707 2608 lldibrandini
1737 2576 1887 2617 predictis
1918 2573 2061 2605 omnibus

421 2628 565 2665 interfui,
597 2627 672 2659 dum
705 2639 762 2668 pcr
787 2627 905 2658 dictum
927 2628 1082 2658 sindicum
1108 2640 1214 2659 coram
1240 2629 1323 2659 dicto
1349 2629 1476 2660 domino
1502 2629 1618 2660 vicario
1643 2628 1831 2669 agebantur⁷
1861 2630 1894 2657 ct
1917 2625 2058 2667 predicta
2079 2629 2102 2647 ⁴⁵

422 2680 527 2709 omnia
553 2684 665 2719 rogatu
690 2679 765 2709 dicti
791 2679 900 2709 sindici
925 2681 1035 2720 scripsi
1061 2684 1092 2710 ct
1117 2680 1285 2720 publicavi.

524 2783 585 2808 6Ῑῦ-
607 2783 629 2808 ¹¹)
649 2784 682 2807 sit:
703 2793 738 2808 (rr.
