2259 3116
374 172 434 201 620
776 168 960 194 APPENDIX
982 168 1027 194 IV.
1067 167 1220 194 SCRIPTA
1241 168 1349 195 PACIS.
1388 169 1461 195 1296.
1504 169 1622 195 N1·.634.

372 256 558 297 pagamenti
584 255 783 285 Coloniensis
806 255 888 285 infra
912 255 1116 296 quindenam,
1141 266 1203 297 qua
1226 267 1283 286 nos
1300 255 1512 296 requisierint,
1538 266 1595 296 per
1618 259 1765 296 patentes
1789 257 1911 287 litteras
1935 268 2016 297 suas⁷

372 312 406 338 ut
430 319 486 338 nos
510 311 542 337 at
568 307 808 347 expeditionem
834 307 978 338 eiusdem
1002 309 1090 348 pacis
1114 318 1337 349 preparemus:
1362 308 1415 348 qui
1440 307 1589 338 dimidius
1613 318 1713 338 annus
1737 318 1864 339 currere
1888 309 2018 350 incipiet

372 371 391 390 a
423 359 488 395 die,
525 369 586 400 quo
623 358 714 389 nobis
749 368 859 389 corum
895 358 1001 390 littere
1036 359 1250 400 requisitionis
1285 359 1403 390 fuerint
1434 359 1610 399 assignate7
1645 369 1703 390 nec
1734 359 1825 390 nobis
1859 359 1900 390 ad
1933 360 2018 401 ipsas

371 415 541 442 sexcentas
566 421 689 441 marcas
714 414 806 441 erunt
829 411 1031 451 aliquatenus
1060 411 1206 453 obligati,
1242 412 1301 442 nisi
1332 414 1500 452 postquam
1526 422 1583 441 nos
1617 421 1676 452 per
1709 421 1782 441 suas
1814 411 1950 452 litteras,
1984 415 2019 443 ut

373 463 552 504 predictum
584 466 646 501 est,
682 462 831 492 duxerint
861 462 1079 504 requirendos.
1126 463 1241 494 Preter
1271 474 1350 504 quas
1380 463 1602 493 nichilominus
1632 463 1745 493 ultima
1778 462 1828 494 die
1859 462 2017 504 quindene

372 515 516 556 predicte
547 524 565 544 a
597 517 741 555 tempore
774 515 967 555 receptionis
998 515 1176 546 litterarum
1213 526 1341 545 suarum
1374 514 1589 555 computanda
1625 514 1746 545 dabunt
1779 515 1870 545 nobis
1905 515 2017 546 decem

372 577 496 596 marcas
525 566 566 596 ad
592 576 750 607 expensas
774 569 897 596 nostras
922 570 954 597 et
978 566 1141 597 hominum
1165 570 1360 605 nostrornm,
1393 569 1425 596 et
1449 566 1601 607 deinceps
1630 565 1774 607 quolibet
1804 566 1855 597 die
1884 569 2017 601 tantum,

371 617 525 659 quamdiu
556 618 711 648 fuerimus
739 619 866 649 nomine
897 618 1081 654 eorundem*
1101 619 1216 649 civium
1246 620 1277 649 in
1308 619 1531 659 prosecutione
1562 618 1650 659 pacis
1679 618 1832 648 eiusdem.
1889 617 1930 648 Et
1962 629 2017 659 pro

373 669 495 700 eisdem
519 670 678 701 sexcentis
708 671 823 701 marcis
859 673 891 700 et
923 670 981 701 sub
1011 671 1161 711 expensis
1190 670 1342 711 predictis
1375 670 1455 700 infra
1491 669 1657 700 dimidium
1692 680 1809 700 annum
1844 680 1943 710 usque
1978 670 2018 701 ad

372 722 544 752 terminum
569 721 692 752 dimidii
716 722 789 752 anni
813 723 917 763 parati
942 722 1058 753 erimus
1083 733 1155 753 cum
1178 722 1359 753 hominibus
1383 721 1536 762 predictis
1558 723 1667 752 venire
1697 721 1737 752 ad
1762 722 2017 762 prosecutionem

370 773 469 814 ipsius
480 774 578 814 pacis,
596 774 869 814 quotienscunque
887 777 918 804 et
935 774 1190 815 quandocunque
1206 785 1263 804 nos
1281 773 1430 804 duxerint
1447 773 1665 814 requirendos.
1744 773 1789 813 (2)
1807 772 1926 814 Elapso
1943 783 2018 804 vero

373 835 455 855 anno
481 824 622 861 dimidio,
648 826 672 855 si
696 825 794 855 nostri
819 825 1022 866 indiguerint,
1052 836 1108 866 pro
1134 836 1215 856 anno
1241 825 1372 855 dimidio
1397 826 1545 866 sequenti
1568 826 1759 866 quingentas
1782 835 1906 855 marcas
1928 824 2019 855 nobis

370 876 493 907 dabunt
518 879 550 907 et
573 876 697 907 solvent
721 876 801 907 infra
826 877 1017 917 quindenam
1043 888 1061 907 a
1085 877 1147 916 die,
1173 888 1232 918 qua
1258 888 1315 907 nos
1331 877 1533 917 requisierint
1557 887 1615 917 per
1628 879 1776 917 patentes
1799 876 1921 907 litteras
1937 886 2019 911 suas,

372 932 404 959 et
428 929 531 969 parati
557 929 689 968 erimus,
714 932 748 959 ut
771 929 802 959 in
827 928 1014 969 precedenti
1038 929 1186 965 articulo‚
1210 939 1267 969 pro
1293 929 1338 959 eis
1363 932 1394 959 et
1418 929 1545 959 nomine
1570 928 1709 969 ipsorum
1734 928 1885 968 prosequi
1907 938 2019 968 pacem

371 980 560 1021 predictam.
628 980 783 1021 nobisque
812 980 1053 1021 respondebunt
1081 980 1119 1011 de
1150 981 1315 1021 expensis.
1351 983 1386 1010 ut
1415 980 1561 1021 superius
1592 983 1640 1010 est
1669 990 1870 1021 expressum,
1906 979 2018 1020 quibus

370 1032 513 1062 contenti
538 1032 654 1062 erimus
676 1033 783 1071 etiam,
808 1033 832 1062 si
856 1032 927 1073 plus
944 1032 1128 1073 expendere
1153 1043 1209 1063 nos
1233 1033 1397 1073 contingit.
1487 1032 1535 1073 (3)
1560 1032 1597 1062 In
1621 1031 1878 1072 expeditionibus
1902 1041 1976 1061 vero
2001 1041 2018 1060 a

372 1083 462 1114 nobis
486 1083 642 1114 faciendis
666 1084 792 1114 nomine
823 1085 963 1124 ipsorum
988 1085 1117 1123 civium,
1152 1087 1186 1114 ut
1210 1083 1387 1124 predictum
1419 1087 1480 1121 est5
1516 1084 1541 1113 si
1570 1083 1743 1124 dampnum
1770 1093 1828 1113 nos
1858 1083 2017 1113 incurrere

370 1135 536 1175 contingat
564 1145 603 1165 ex
628 1135 801 1170 occisione,
834 1135 1068 1174 vulneratione,
1100 1136 1315 1176 captivatione
1346 1136 1412 1165 sive
1439 1135 1673 1166 dextrariorum
1704 1138 1736 1165 et
1761 1145 1915 1175 equorum
1946 1145 2018 1175 per-

372 1186 493 1217 ditione
525 1187 591 1217 sive
621 1197 809 1227 quocunque
835 1187 897 1217 alio
922 1187 1018 1218 modo
1043 1188 1074 1217 in
1098 1188 1322 1228 prosecutione
1347 1188 1435 1228 pacis
1460 1187 1619 1228 predicte,
1646 1187 1707 1217 hoc
1730 1186 1822 1217 nobis
1846 1186 2017 1219 incumbet.

373 1248 431 1268 nec
457 1239 514 1278 ipsi
533 1239 617 1268 cives
634 1238 725 1268 nobis
749 1241 804 1269 ant
821 1238 1002 1269 hominibus
1019 1240 1142 1278 nostris,
1168 1239 1221 1279 qui
1238 1239 1402 1269 nobiscum
1427 1239 1457 1269 in
1475 1238 1597 1269 eisdem
1615 1238 1874 1279 expeditionibus
1891 1237 2018 1278 fuerint,

372 1293 427 1319 aut
451 1289 520 1319 aliis
538 1290 779 1330 quibuscunque
797 1290 968 1321 refundere
993 1290 1044 1321 vel
1060 1291 1214 1321 resarcire
1240 1292 1270 1321 in
1294 1294 1360 1321 toto
1386 1290 1436 1321 vel
1461 1291 1491 1321 in
1515 1294 1606 1331 parte
1624 1290 1826 1321 tenebuntur.
1916 1291 1961 1330 (4)
1987 1289 2018 1320 Si

373 1342 470 1372 ctiam
494 1341 617 1382 aliquos
640 1352 697 1372 nos
721 1343 883 1382 captivare
909 1343 1109 1383 contingeret
1139 1344 1169 1373 in
1201 1343 1323 1373 eisdem
1353 1342 1627 1383 expeditionibus,
1660 1342 1910 1373 emolumentum
1934 1342 2018 1383 quod

372 1403 641 1433 prosequeremur
671 1404 710 1423 ex
740 1404 792 1429 eo,
824 1394 1025 1434 permanebit
1053 1394 1094 1424 ad
1127 1404 1183 1424 nos
1215 1394 1332 1433 solum,
1366 1393 1423 1424 sed
1454 1395 1484 1423 in
1514 1394 1654 1434 ipsorum
1687 1394 1885 1435 captivorum
1909 1393 2017 1424 dimis-

371 1445 460 1474 sione
496 1445 562 1474 sive
593 1445 782 1475 liberatione
813 1446 997 1476 cavebimus
1025 1446 1100 1486 ipsis
1129 1446 1249 1476 civibus
1278 1449 1430 1487 tanquam
1462 1445 1552 1476 nobis
1582 1447 1612 1476 in
1641 1445 1771 1476 urvcda.
1818 1445 1898 1476 Vice
1926 1456 2017 1476 versa

372 1496 396 1525 si
427 1506 484 1526 nos
511 1495 562 1526 vel
593 1496 732 1537 aliquem
764 1507 803 1527 ex
835 1498 962 1531 nostris,
995 1497 1079 1538 quod
1109 1497 1205 1537 absit,
1237 1498 1390 1538 captivari
1423 1498 1602 1538 contigeret
1634 1498 1674 1528 ab
1709 1497 1900 1528 adversariis
1930 1498 2017 1538 pacis

371 1548 532 1587 generalis
556 1549 586 1578 in
611 1548 817 1589 expeditione
842 1549 985 1579 eiusdem
1010 1550 1137 1580 nomine
1164 1551 1303 1590 ipsorum
1324 1550 1449 1589 civium,
1474 1550 1534 1590 ipsi
1558 1550 1643 1580 cives
1659 1560 1863 1590 nequaquam
1888 1560 2017 1590 compo-

372 1599 520 1629 sitionem
546 1600 643 1630 inient
674 1611 745 1630 cum
777 1611 814 1631 co
839 1601 889 1631 vel
919 1602 977 1635 eis,
1009 1602 1094 1642 apud
1119 1612 1214 1642 quem
1242 1602 1292 1632 vel
1317 1601 1403 1642 apud
1428 1612 1507 1642 quos
1534 1612 1590 1632 nos
1619 1604 1651 1632 et
1675 1602 1772 1632 nostri
1796 1602 1912 1642 captivi
1937 1601 2017 1631 deti-

373 1654 496 1689 nentur,
520 1652 577 1681 nisi
603 1663 660 1692 per
684 1652 819 1683 eandem
842 1654 1106 1694 compositionem
1131 1664 1187 1683 nos
1212 1657 1244 1684 et
1268 1654 1353 1694 ipsos
1377 1654 1520 1694 captivos
1543 1656 1666 1684 nostros
1691 1653 1856 1683 obtineant
1880 1653 2016 1684 liberari.

373 1702 439 1733 Sed
463 1704 487 1732 si
512 1714 568 1733 nos
584 1707 709 1733 nosmet
726 1704 812 1744 ipsos
835 1705 886 1735 vel
903 1705 1017 1745 aliquis
1040 1716 1081 1735 cx
1098 1706 1173 1746 ipsis
1190 1706 1324 1746 captivis
1340 1706 1454 1736 nostris
1479 1716 1512 1735 se
1529 1706 1632 1746 ipsum
1650 1705 1846 1735 exactionari
1863 1705 2018 1745 promittit

372 1754 438 1784 sive
464 1765 496 1784 se
522 1765 579 1795 per
612 1756 814 1786 exactionem
844 1756 973 1795 liberet7
1004 1756 1044 1787 de
1077 1767 1115 1787 eo
1146 1756 1243 1787 nichil
1274 1756 1313 1787 ad
1347 1758 1432 1787 cives
1460 1760 1684 1788 111en101·at0s2=.
1795 1757 1839 1795 (5)
1863 1755 2017 1787 Omnibus

373 1806 621 1845 precedentibus
638 1808 681 1837 sic
699 1807 863 1845 condictis,
887 1809 912 1838 si
930 1809 1108 1849 contigeret
1133 1820 1190 1849 per
1207 1809 1471 1849 compositionem
1488 1808 1683 1849 generalem7
1708 1808 1794 1849 quod
1810 1818 1868 1849 per
1883 1809 2017 1849 gratiam

372 1857 432 1887 Dei
459 1859 563 1888 omnia
589 1860 777 1899 sopirentur,
802 1860 845 1890 ita
870 1859 955 1900 quod
979 1861 1160 1900 prosecutio
1186 1861 1272 1901 pacis
1296 1861 1456 1901 generalis
1481 1864 1620 1890 cessaret
1644 1861 1782 1899 omnino,
1806 1870 1864 1890 nec
1888 1870 2017 1890 necesse

372 1914 457 1939 esset
482 1920 538 1939 nos
562 1911 679 1950 requiri
705 1912 928 1951 preparatione
955 1911 1169 1952 expeditionis
1192 1923 1249 1952 pro
1274 1912 1498 1952 prosecutione
1523 1912 1611 1952 pacis
1635 1912 1808 1952 generalis,
1837 1914 1869 1942 et
1892 1912 1935 1942 ita
1960 1912 2017 1952 ipsi

373 1961 457 1990 ‹fix-vs
488 1961 526 1991 dc
552 1961 658 2001 aliqua
683 1973 805 1992 summa
835 1974 875 1993 cx
899 1963 1006 2003 aliquo
1031 1966 1124 2004 pacto
1153 1963 1244 1993 nobis
1274 1973 1335 1993 non
1360 1966 1545 1993 tenerentur
1567 1962 1777 2003 respondere,
1809 1964 1882 2003 qnia
1910 1965 2017 1993 tamen

372 2011 549 2043 liberaliter
578 2024 634 2042 nos
664 2014 866 2044 exhibuimus
894 2014 934 2044 ad
963 2014 1154 2055 portandum
1183 2025 1278 2045 onera
1309 2014 1524 2055 expeditionis
1552 2015 1781 2055 quinquaginta
1811 2017 2015 2053 armatorum,
2053 2030 2058 2041 ›

373 2075 434 2105 qut·
460 2065 518 2104 ipsi
543 2065 626 2094 cives
653 2065 757 2095 faccrc
777 2069 970 2105 tenerentur⁷
995 2067 1281 2107 coinpromittimus
1304 2067 1335 2097 in
1358 2067 1509 2097 honestos
1532 2067 1615 2096 viros
1632 2066 1873 2097 Constantinum
1897 2066 2015 2097 dictum

373 2116 412 2145 <lc
431 2116 669 2157 Lysolskirgen,
694 2117 875 2148 Emundum
893 2118 1011 2149 dictum
1029 2118 1162 2151 Birklin.
1186 2118 1407 2149 Hcrmannum
1425 2118 1544 2149 dictum
1566 2118 1606 2149 de
1624 2118 1733 2148 Stesza
1749 2118 1866 2149 milites
1884 2121 1915 2148 ct
1931 2117 2015 2148 Evc—

374 2167 500 2197 rardmn
516 2167 633 2198 dictum
649 2169 714 2208 (lyr
728 2170 872 2199 concives
891 2181 1010 2207 corum„
1029 2170 1112 2211 quod
1127 2170 1281 2211 quidquid
1296 2180 1391 2210 super
1407 2169 1463 2200 tali
1477 2169 1674 2200 exhibitione
1689 2173 1720 2200 et
1733 2170 1911 2200 curialitate
1924 2169 2014 2200 dixe-

374 2219 434 2248 rint
458 2222 488 2248 ct
510 2218 734 2258 ‹›1·‹li11av‹1›1·int‚
760 2220 790 2250 id
810 2224 975 2259 gratanter
996 2221 1235 2262 acceptabimus
1257 2224 1288 2251 ct
1315 2221 1354 2251 dc
1378 2232 1415 2251 co
1441 2222 1581 2252 contenti
1603 2222 1720 2252 erimus
1740 2223 1889 2262 gratiose.
1978 2221 2014 2252 In

373 2270 461 2299 cuius
486 2271 530 2300 rei
555 2271 768 2301 testimonium
795 2276 825 2301 et
850 2273 1032 2303 firmitatem
1057 2273 1194 2313 sigillum
1219 2276 1359 2303 nostrum
1384 2274 1501 2313 apponi
1526 2273 1658 2303 fecimus
1683 2273 1754 2303 huic
1779 2274 1906 2314 scripto.

482 2321 597 2352 Datum
624 2333 704 2352 anno
730 2322 856 2353 Domini
882 2324 1049 2354 millesimo
1074 2324 1292 2354 ducentesimo
1310 2325 1516 2365 nonagesimo
1542 2325 1660 2366 quinto,
1687 2325 1764 2355 feria
1783 2325 1921 2355 secunda
1940 2327 2012 2355 ante

374 2373 488 2403 festum
515 2374 742 2413 purificationis
767 2374 794 2404 l».
824 2375 920 2405 Mario
947 2376 1083 2415 virginis.

475 2467 541 2493 (ΒΗ.
562 2471 583 2499 ²¹)
604 2470 636 2493 ,3-ιά-
657 2479 692 2494 (ιν.

2048 476 2059 494 5

2038 733 2061 751 10

2039 990 2060 1009 15

2038 1247 2063 1265 20

2036 1505 2059 1524 25

2036 1765 2060 1782 30

2034 2281 2058 2298 ψ)
