2259 3164
90 744 112 762 10

91 1000 112 1018 15

91 1259 114 1279 20

93 1522 116 1541 25

95 1860 118 1878 30

99 2135 122 2153 ³5

103 2387 125 2405 40

105 2657 127 2676 ⁴5

477 182 632 208 RUDOLFI
652 181 756 207 REGIS
776 181 1097 207 CONSTITUTIONES.
1138 181 1211 206 mse.
1248 182 1294 207 Nr.
1308 183 1366 208 ties.
1381 183 1438 208 309.
1715 184 1775 213 303

139 269 272 311 predicti
297 294 302 300 .
323 294 329 300 .
354 268 599 299 Cameracensis
624 267 766 308 episcopi
796 270 827 297 ct
852 268 985 297 formam
1011 267 1189 297 litterarum
1215 278 1344 297 suarum
1386 267 1621 298 antedictarum
1652 278 1775 298 necnon

138 321 328 351 relationem
347 320 454 350 nuncii
471 331 508 350 ac
526 319 740 361 procuratoris
764 319 838 349 dicti
866 343 872 348 .
892 343 898 350 .
923 318 1065 359 episcopi
1090 318 1267 359 predictum
1293 319 1443 349 Flandrie
1469 319 1629 357 comitem,
1654 330 1710 360 pro
1738 331 1775 349 eo

139 371 221 412 quod
245 372 316 412 ipse
340 382 398 413 per
421 382 454 402 se
480 374 512 402 et
534 381 606 401 suos
624 370 742 400 dictum
769 395 774 401 .
794 395 799 400 .
817 369 1005 410 HaynonieS
1031 370 1180 399 comitem
1206 370 1414 411 prohibuerat
1438 374 1469 401 et
1494 370 1716 410 nupediverat,
1741 374 1777 400 ut

139 422 280 454 ostendit
309 423 393 453 clare
424 425 516 453 tenor
539 421 748 462 depositionis
774 421 934 462 predicte,
968 421 1137 462 quominus
1167 421 1322 451 dictarum
1349 424 1504 451 terrarum
1536 422 1597 451 sibi
1628 432 1684 462 per
1709 432 1776 459 nos,

138 477 232 516 prout
256 476 305 504 est
329 484 520 515 expressum
546 473 707 514 superius,
732 473 762 503 in
788 472 916 503 feodum
941 483 1185 509 concessarum,
1216 473 1245 502 in
1275 483 1406 513 quarum
1439 473 1675 513 possessionem
1701 483 1776 503 auc-

140 526 268 557 toritate
294 528 325 556 et
341 525 491 556 niandato
515 528 621 555 nostro
639 524 822 565 sepedictus
848 524 1067 565 ..episcopus
1094 526 1333 565 procuratorem
1359 524 1435 554 dicti
1460 524 1582 554 comitis
1606 524 1777 564 lIaynonie

139 577 267 608 nomine
292 577 360 608 eius
385 577 481 615 misit,
506 576 586 615 utili,
611 576 720 616 quieta
747 578 778 606 et
803 586 905 606 vacua
929 575 1135 617 possessione
1161 575 1336 615 gauderet„
1362 575 1400 605 de
1426 576 1492 605 iure
1518 575 1716 615 proscribere
1741 586 1777 605 ac

139 627 276 660 eundem
301 652 308 659 .
326 651 332 658 .
357 627 531 669 Haynonie
556 628 704 658 comitem
730 627 884 657 adiuvare
910 630 941 657 et
965 626 1140 657 defendere
1155 627 1172 661 2,
1198 630 1290 667 prout
1316 626 1470 667 possibile
1496 626 1586 656 nobis
1613 626 1717 659 fuerit,
1743 629 1777 655 ut

139 679 292 710 dictarum
324 683 480 710 terrarum
505 679 759 720 possessionem,
792 689 886 718 quam
918 689 975 719 per
1006 678 1234 708 executionem
1265 678 1341 707 iuris
1372 678 1434 707 iam
1468 678 1565 707 habet
1588 677 1721 707 liberam
1746 680 1778 706 ct

141 741 291 767 vacuam,
326 734 431 761 amoto
464 730 607 771 quolibet
637 729 805 760 detentore
834 733 865 759 et
895 730 1081 770 specialiter
1113 729 1259 759 Gnidone
1290 729 1405 759 comite
1434 728 1602 764 Flandrie,
1638 727 1778 757 nancisci

138 782 254 820 valeat,
279 782 453 813 debeamus
480 793 516 813 ac
541 793 652 813 omnes
678 782 737 823 ipsi
763 782 867 812 comiti
886 781 1036 812 Flandrie
1062 781 1093 811 in
1121 781 1323 812 contumacia
1347 784 1378 810 et
1403 781 1433 810 in
1455 780 1605 809 iniuriosa
1621 779 1779 809 violencia

139 834 327 865 assistentes
358 834 504 865 similiter
533 834 774 875 proscriptionis
805 843 957 863 mucrone
989 833 1093 863 ferire.
1184 832 1231 872 (6)
1262 832 1343 862 Item
1373 831 1616 861 sentencialiter
1648 830 1708 859 fnit
1739 830 1779 859 ab

141 885 286 916 omnibus
311 885 505 926 supradictis
531 885 644 915 eodem
670 888 814 925 tempore
834 884 1015 921 diffinitum,
1042 883 1125 924 quod
1145 884 1228 913 idem
1248 894 1355 913 comes
1373 883 1545 923 Ilaynonie
1565 881 1780 922 predictarum

140 940 306 975 terrarum,
331 937 511 975 hominum,
536 937 652 967 iurium
677 939 710 967 et
733 936 969 976 pertinencium
995 935 1034 965 ad
1060 935 1190 965 easdem
1217 935 1245 964 in
1271 938 1337 965 toto
1362 935 1412 964 vel
1438 934 1467 963 in
1494 936 1584 974 parte
1611 944 1667 974 per
1691 943 1724 962 se
1750 936 1781 962 et

141 999 213 1019 suos
239 988 479 1029 possessionem
502 988 603 1029 possit
633 988 780 1028 accipere
812 990 843 1018 et
871 987 989 1017 intrare
1020 997 1057 1017 ac
1091 998 1124 1017 se
1157 987 1368 1016 intromittere
1399 985 1437 1015 de
1469 984 1607 1019 eisdem,
1638 982 1780 1024 quando-

140 1050 276 1081 cumque
302 1040 361 1070 sibi
386 1031 488 1070 visum
511 1040 609 1070 fuerit
633 1039 798 1080 expedire.
842 1039 909 1069 Nec
941 1039 971 1069 111
1001 1038 1060 1069 1100
1091 1039 1121 1068 111
1154 1038 1291 1068 alieuius
1322 1036 1470 1066 iniuriam
1500 1035 1619 1076 aliquid
1653 1038 1777 1075 reputa-

140 1091 258 1122 buntur
283 1091 389 1132 egisse
414 1101 475 1122 nee
499 1091 583 1121 unde
609 1092 637 1121 vi
663 1091 834 1122 interdicto
859 1092 972 1122 teneri.
1061 1091 1108 1132 (7)
1133 1091 1288 1121 Preterea
1311 1090 1341 1119 in
1367 1088 1480 1119 eadem
1498 1087 1606 1117 iudicii
1624 1085 1782 1115 instancia

141 1143 288 1173 similiter
313 1142 419 1173 extitit
437 1143 680 1174 sentencialiter
696 1143 881 1181 iudicatum,
906 1142 988 1183 quod
1013 1142 1117 1172 dictus
1142 1167 1148 1172 .
1168 1167 1174 1173 .
1199 1141 1371 1181 Haynonie
1398 1150 1504 1169 comes
1529 1141 1681 1178 tanquam
1706 1136 1781 1166 iuris

141 1193 354 1235 predictarum
371 1196 526 1225 terrarum
553 1198 583 1225 et
601 1195 847 1225 attinenciarum
866 1205 996 1225 suarum
1013 1204 1182 1235 possessor
1206 1204 1262 1234 pro
1286 1192 1362 1233 ipsis
1380 1191 1474 1222 terris
1499 1189 1603 1230 quoad
1628 1189 1732 1229 ipsum
1751 1211 1758 1217 .
1775 1211 1782 1217 .

143 1245 292 1276 Flandrie
317 1245 466 1276 comitem
493 1249 525 1276 et
549 1245 712 1287 quoslibet
736 1246 814 1276 alios
839 1256 902 1276 non
928 1246 1060 1283 actoris,
1091 1245 1148 1275 sed
1173 1244 1217 1274 rei
1242 1243 1361 1274 debeat
1385 1244 1573 1284 presentare
1598 1249 1780 1281 personam,

141 1295 167 1327 si
190 1296 306 1337 aliquis
324 1307 473 1337 uniquam
492 1297 656 1326 hominum
674 1296 791 1326 dixerit
814 1296 875 1326 sibi
900 1297 949 1326 ius
968 1299 1152 1337 competere
1180 1296 1212 1325 in
1236 1294 1398 1336 predictis.
1489 1292 1576 1327 Quas
1602 1290 1781 1321 sentencias

141 1350 251 1389 utpote
269 1348 483 1379 racionabiles
503 1351 534 1379 et
550 1348 589 1379 ab
608 1348 756 1378 omnibus
774 1347 813 1378 de
831 1348 898 1378 iure
918 1348 1113 1389 approbatas
1132 1347 1310 1384 lauda1nus‚
1334 1345 1549 1387 approbamus
1575 1346 1607 1374 et
1630 1353 1670 1373 ex
1695 1344 1783 1371 certa

142 1400 282 1430 sciencia
306 1400 540 1430 confirmamus.
588 1399 626 1430 In
651 1410 784 1441 quorum
810 1400 952 1430 omnium
977 1399 1196 1430 testimonium
1226 1409 1361 1439 presens
1387 1397 1540 1437 scriptum
1564 1393 1681 1425 exinde
1706 1402 1781 1422 con-

141 1451 235 1482 scribi
258 1454 290 1482 et
312 1452 490 1483 maiestatis
515 1455 623 1482 nostre
649 1452 753 1492 sigillo
778 1451 934 1482 iussimus
960 1451 1156 1481 communiri.

246 1502 363 1534 Actum
381 1503 576 1542 Wormacie,
600 1502 708 1533 XVII.
733 1502 808 1535 Kal.
829 1502 916 1542 Iulii,
946 1502 1120 1533 indictione
1149 1502 1211 1540 Xu,
1237 1511 1320 1531 anno
1344 1498 1474 1530 Domini
1499 1494 1783 1532 MCOLXXXHV,

143 1554 231 1595 regni
255 1565 330 1586 vero
354 1555 455 1586 nostri
479 1565 561 1586 anno
586 1565 680 1586 nono.

594 1682 670 1714 309.
696 1682 976 1713 MANDATUM
998 1681 1150 1712 REGIS.
1197 1681 1337 1711 Izm.17.

249 1742 322 1774 Duo
345 1743 542 1782 (tectoyruplta
565 1743 718 1773 tabularii
742 1743 918 1773 Montensis
942 1741 1128 1772 *Trdsom-ia
1155 1740 1208 1770 des
1231 1739 1360 1769 elmrfcs‘
1386 1749 1434 1768 alr.
1453 1738 1527 1773 105,
1559 1737 1663 1767 1111113111
1688 1746 1783 1765 mmm

146 1797 285 1832 exarata,
309 1805 390 1833 chae
417 1796 496 1825 inter
518 1806 549 1825 sc
572 1795 770 1827 eonem-dant,
797 1795 864 1824 ilem
891 1794 1088 1825 consulimus.
1128 1793 1175 1823 Ab
1195 1795 1324 1830 utroque
1339 1790 1435 1829 sislilli
1459 1787 1783 1827 [1119111011ιά[1111110111

144 1845 205 1876 loro
227 1847 464 1877 membranaceo.
490 1865 530 1868 —
555 1846 698 1883 Βόῖηησν,
723 1847 796 1885 Rea.
816 1847 885 1884 imp,
905 1846 933 1876 V
934 1846 958 1879 I,
974 1847 1065 1875 1:573.
1491 1840 1542 1879 (P.
1566 1840 1672 1877 deest.)

250 1915 408 1946 Rudolfus
438 1916 500 1946 Dei
532 1916 643 1956 gracia
671 1916 893 1946 Romanorum
927 1926 983 1945 rex
1015 1925 1145 1955 semper
1173 1915 1330 1953 augustus
1359 1910 1515 1942 universis
1548 1908 1628 1938 sacri
1660 1907 1784 1947 imperii

146 1965 284 1997 Romani
309 1967 457 1998 fidelibus
482 1971 650 2009 presentes
675 1968 799 1998 litteras
824 1967 1017 2008 inspecturis
1042 1966 1185 2007 graciam
1210 1974 1300 1994 suam
1326 1966 1357 1993 et
1382 1972 1475 1992 omne
1500 1961 1629 1990 bonum.

253 2018 305 2049 Ad
322 2019 543 2050 universitatis
561 2022 664 2050 vestre
682 2020 832 2049 noticiam
850 2019 1000 2049 duximus
1018 2017 1240 2052 dcferendunn
1266 2026 1335 2045 cum
1355 2012 1541 2055 spectabilis
1560 2011 1605 2040 vir
1622 2010 1783 2040 Iohannes

151 2068 190 2099 de
213 2069 351 2100 Avcsnis
377 2081 482 2101 comes
506 2071 680 2112 Haynonie
705 2071 844 2101 dilectus
869 2070 972 2100 fidelis
998 2072 1105 2099 noster
1136 2078 1280 2105 causam,
1313 2076 1372 2106 que
1404 2065 1487 2094 inter
1516 2063 1619 2103 ipsum
1651 2072 1691 2091 cx
1722 2071 1785 2090 una

147 2123 235 2160 parte
270 2124 301 2151 et
341 2121 523 2153 Gnidonem
568 2123 717 2153 comitem
754 2122 904 2153 Flandrie
941 2131 978 2152 cx
1011 2124 1100 2162 parte
1135 2120 1238 2151 altera
1270 2128 1367 2159 super
1396 2116 1488 2146 terris
1523 2113 1783 2145 Geraldimontis,

150 2170 262 2202 Wasie
286 2183 381 2213 super
399 2173 559 2212 scaldam,
584 2174 623 2205 de
642 2174 736 2204 Alost
760 2177 791 2203 et
815 2174 960 2208 Quatuor
979 2173 1165 2203 Ot'fieiorum
1191 2181 1262 2201 cnm
1286 2179 1394 2199 earum
1420 2165 1601 2197 attinenciis
1626 2164 1783 2193 universis

150 2225 180 2252 et
203 2223 333 2264 singulis
358 2225 544 2256 vertebatur
577 2236 684 2256 coram
716 2225 906 2256 celsitudine
936 2228 1059 2261 nostra⁷
1089 2223 1168 2253 adeo
1200 2221 1338 2252 finaliter
1369 2220 1490 2249 directo
1521 2216 1629 2246 iudicii
1658 2215 1783 2244 tramite

149 2278 354 2314 prosecutus,
390 2276 475 2317 quod
507 2276 650 2318 predicte
688 2280 772 2307 terre
809 2280 841 2307 et
870 2286 979 2306 earum
1012 2274 1186 2305 attinencic
1221 2273 1284 2303 sint
1318 2270 1499 2302 abiudicate
1530 2266 1673 2308 predicto
1705 2265 1783 2295 (iui-

153 2324 225 2356 doni
260 2327 365 2358 comiti
395 2327 548 2358 Flandrie
583 2339 641 2369 per
673 2328 873 2359 sentenciam
909 2327 1086 2368 principum
1122 2328 1154 2355 et
1187 2324 1358 2357 nobilium,
1392 2321 1444 2362 qui
1476 2318 1567 2349 nobis
1607 2318 1637 2347 in
1668 2316 1784 2346 iudicio

152 2376 325 2417 affuerunt,
357 2381 388 2408 et
420 2378 602 2410 adiudicatc
633 2390 690 2421 per
725 2379 861 2409 eandem
896 2378 1093 2409 sentenciam
1123 2402 1130 2409 .
1157 2401 1162 2406 .
1197 2375 1304 2407 comiti
1333 2371 1502 2414 Haynonie
1539 2370 1721 2410 prenotato,
1754 2369 1785 2395 ct,

151 2427 251 2468 ipsum
286 2429 436 2460 Flandrie
473 2431 620 2461 comitem
651 2431 690 2461 ob
723 2431 896 2461 violentam
933 2430 1079 2460 iniuriam
1115 2429 1286 2469 irrogatam
1323 2436 1380 2467 per
1411 2434 1444 2453 se
1479 2425 1510 2451 ct
1539 2431 1611 2450 Suos
1636 2419 1667 2448 in
1693 2418 1784 2448 terris

150 2479 301 2519 predictis
330 2481 380 2511 vel
407 2482 614 2523 pertinenciis
643 2482 708 2513 suis
734 2481 897 2523 sepedicto
923 2507 928 2512 .
955 2506 962 2513 .
988 2481 1182 2522 Haynoniea
1217 2478 1325 2509 comiti
1355 2485 1480 2506 necnon
1510 2473 1548 2502 ob
1580 2471 1648 2501 eius
1673 2472 1783 2499 contu-

152 2531 284 2561 maciam
309 2532 485 2563 debeamus
506 2533 750 2575 proscriptionis
774 2544 925 2563 mucrone
950 2532 1056 2570 scrire,
1081 2534 1174 2572 prout
1191 2531 1221 2560 in
1240 2527 1459 2560 instrumentis
1485 2534 1541 2554 seu
1559 2521 1672 2552 litteris
1689 2531 1785 2560 super

153 2581 333 2614 huiusmodi
362 2584 518 2615 confectis
543 2585 750 2626 processibus
776 2585 902 2626 plenius
928 2584 1146 2614 contineturl:
1181 2592 1237 2612 nos
1271 2581 1422 2620 exigente
1452 2575 1578 2607 iusticia
1607 2571 1784 2612 prcdicssuu

251 2650 315 2677 308.
335 2652 355 2684 s)
375 2653 467 2684 Hayiui
489 2652 510 2677 1.
608 2654 627 2684 t)
646 2654 788 2678 dctl'endere
806 2653 829 2677 ⁸2.
850 2652 872 2677 3.
967 2656 991 2682 ¹¹)
1012 2652 1109 2675 decima
1127 2652 1150 2676 2³.
1250 2650 1272 2677 vv)
1292 2649 1422 2673 millesimo
1442 2648 1614 2672 ducentesimo
1633 2647 1784 2677 octogesimo

151 2695 258 2719 secundo
276 2694 300 2719 2.

251 2737 315 2764 309.
336 2742 359 2770 ³)
377 2740 471 2770 lIayon
493 2738 512 2763 l.
532 2739 556 2764 2.

254 2788 277 2821 1)
295 2788 383 2821 Supra
401 2793 514 2815 1112308.
