2259 3116
468 93 526 122 196
804 90 961 116 RUDOLFI
982 90 1085 117 REGIS
1104 91 1424 118 CONSTITUTIONES.
1462 92 1536 118 1278.
1573 92 1764 119 N1·.212.213.

467 177 630 218 nichilque
655 176 742 207 aliud
767 177 920 208 affectare
945 187 1121 219 speramus,
1147 188 1240 219 quam
1265 181 1299 208 ut
1324 179 1391 209 eius
1415 179 1604 220 sequamini,
1630 180 1720 211 cuius
1745 180 1830 211 vices
1848 181 1968 221 geritis,
1994 181 2104 213 volun-

465 232 579 263 tatem,
612 239 689 260 eece
719 228 804 270 quod
833 228 873 259 ad
902 230 1009 260 omnia
1039 233 1071 260 et
1099 230 1225 271 singula
1253 240 1309 272 pro
1339 234 1446 261 vestro
1477 231 1681 273 beneplacito
1706 232 1940 271 consumanda,
1965 243 2026 274 que
2048 244 2105 275 pro

466 281 609 321 negociis
633 280 780 311 Romane
806 281 945 312 ecclesie
969 281 1128 323 petivistis
1153 292 1171 312 a
1196 281 1300 320 nobis,
1325 282 1436 323 t(ales)
1461 283 1692 314 destinavimus
1715 283 1755 314 ad
1779 286 1883 315 vestre
1907 285 2106 326 presenciam

466 333 645 363 sanctitatis
687 332 816 373 plenum
852 332 1011 364 habentes
1041 343 1059 363 a
1094 333 1187 364 nobis
1216 333 1403 364 mandatum
1432 338 1496 365 tam
1529 335 1569 366 ad
1605 338 1712 366 vestra
1739 338 1771 366 et
1793 335 1939 367 Romane
1970 337 2105 369 ecclesie

465 384 627 425 explenda
650 384 781 424 negotia
808 384 876 415 sive
900 384 996 423 facta,
1020 385 1102 415 sicut
1119 385 1150 415 in
1175 385 1290 416 vestris
1313 386 1528 427 peticionibus
1554 387 1743 425 continetur,
1769 397 1864 428 quam
1881 388 1983 418 eciam
2000 387 2040 419 ad
2057 399 2105 427 ea,

466 446 527 476 que
564 435 716 465 honorem
753 438 901 465 nostrum
937 438 969 466 et
1002 435 1119 466 bonum
1157 439 1275 467 statum
1310 436 1450 468 Romani
1486 438 1609 479 imperii
1642 439 1818 479 pertinent,
1851 439 1934 481 apud
1968 443 2106 471 vestram

465 487 675 517 clemenciam
703 487 925 528 procuranda²
955 498 1017 518 non
1048 488 1197 519 obstante
1230 488 1312 529 quod
1344 489 1375 519 in
1407 489 1600 530 quibusdam
1631 490 1748 521 nostris
1778 490 1849 521 aliis
1879 491 1995 522 litteris
2018 492 2105 533 prius

463 539 565 569 datis¹
590 539 692 579 t(alis)
717 550 788 570 cum
816 540 902 581 t(ali)
928 542 1037 570 noster
1061 540 1267 570 constituitur
1290 544 1477 582 procurator
1502 541 1541 572 ad
1567 541 1673 572 omnia
1701 542 1884 583 supradicta
1908 543 2105 584 complenda.

464 590 530 621 Nos
555 591 649 627 enim,
675 595 829 632 quantum
855 591 894 622 ad
921 602 1091 633 personam
1116 591 1251 633 predicti
1275 593 1424 634 pertinet,
1450 593 1613 624 voluntate
1636 596 1760 624 mutata
1776 594 1955 636 predictum
1973 596 2105 636 magist-

464 653 533 673 rum
559 643 705 684 t(alem)²
731 644 761 674 in
786 644 891 674 locum
915 644 987 674 eius
1011 644 1267 685 subrogavimus,
1291 655 1386 686 quem
1412 648 1476 676 tam
1503 646 1617 676 vestris
1642 656 1737 687 quam
1762 646 1881 677 nostris
1907 647 2103 688 exequendis

463 694 604 735 negociis
628 695 773 736 predicto
799 695 984 737 preposito³
1007 696 1154 726 novimus
1179 697 1349 738 apciorem.

536 1012 786 1062 21:32215.
827 1008 1263 1063 SUSCEPTJO
1300 1009 1567 1062 REGNI
1607 1009 2034 1065 BOHEMIAE

1000 1086 1568 1141 GUBERNANDI.

1052 1190 1180 1233 (1278,
1227 1192 1312 1235 post
1340 1190 1417 1226 Oct.
1443 1191 1514 1234 17.)

571 1289 637 1319 Hos
666 1292 822 1320 tractatus
853 1301 1043 1330 (Jmcmquam
1072 1291 1115 1321 ad
1146 1290 1288 1329 cffl‘cz‘mn
1310 1301 1373 1322 mm
1395 1294 1469 1322 sunt
1486 1292 1650 1330 perducti,
1681 1292 1735 1323 sed
1763 1293 1871 1323 sfafsm
1893 1294 1984 1324 rebus
2008 1293 2102 1325 inter-

462 1341 653 1371 vesnieutilms
683 1342 840 1372 arimania·
869 1345 959 1380 sunt,
995 1345 1099 1373 tamen
1134 1343 1268 1381 recipere
1304 1343 1443 1381 eapedil,
1478 1344 1514 1373 de
1545 1354 1677 1383 quorum
1708 1346 1839 1383 tempore
1863 1347 1890 1375 et
1919 1346 2039 1376 ratione
2062 1347 2103 1384 cf.

463 1392 538 1432 Iiey.
557 1393 627 1432 imp.
649 1392 700 1430 VI,
718 1395 810 1424 1021.
859 1394 905 1434 (γ’.
931 1395 1024 1425 etiam
1057 1394 1110 1432 VI,
1136 1396 1255 1425 123311.
1282 1395 1375 1426 12:²5.
1402 1396 1519 1427 1230a.

937 1488 1012 1520 213.
1037 1489 1139 1521 ASSI
1139 1489 1234 1521 GNA
1240 1490 1289 1521 TI
1289 1490 1313 1521 Ο
1338 1490 1491 1521 REDDI
1493 1491 1521 1521 T
1526 1490 1636 1523 UUM.

571 1549 697 1580 Damus
719 1561 756 1581 ea:
780 1551 806 1581 T
831 1553 968 1589 niz-3114,
995 1552 1031 1582 dc
1053 1562 1113 1591 quo
1136 1563 1161 1582 r.
1177 1562 1277 1591 supra
1299 1552 1342 1582 ad
1356 1562 1404 1582 nr.
1422 1552 1557 1589 11—10‘,
1579 1552 1634 1582 ubi
1657 1552 1786 1583 rubrum
1811 1552 1861 1583 De
1884 1552 1976 1583 bonis
2001 1553 2100 1594 assig-

463 1602 546 1631 natis
572 1602 682 1641 regine
707 1601 934 1634 Bohemorum.
970 1623 1008 1626 —
1034 1604 1178 1640 Biilmzer,
1204 1603 1278 1643 Rea.
1295 1604 1368 1643 imp.
1392 1603 1444 1641 VI,
1463 1605 1554 1635 1022.
1815 1604 1868 1643 (P.
1893 1605 1999 1643 deest.)

576 1696 739 1727 Virtutum
772 1697 868 1728 radiis
897 1698 1056 1730 illustrata
1086 1699 1213 1730 domina
1237 1699 1294 1730 Oh.
1317 1700 1427 1730 inclita
1457 1699 1566 1740 regina
1588 1697 1747 1730 Bohemie
1776 1699 1936 1741 probitate
1967 1710 2024 1730 sua
2047 1710 2102 1730 nos

463 1749 616 1789 compulit
646 1753 677 1779 et
709 1753 845 1780 venusta
876 1761 999 1781 morum
1031 1751 1201 1783 honestate
1228 1752 1348 1792 coegit,
1371 1755 1406 1782 ut
1431 1752 1472 1789 ei,
1498 1762 1592 1792 quam
1617 1751 1686 1782 duri
1712 1751 1864 1792 temporis
1889 1751 2104 1793 multipliciter

463 1801 649 1841 angustavit
685 1802 862 1838 acerbitas,
899 1806 930 1834 et
966 1804 1140 1835 salubriter
1175 1804 1378 1835 consulamus
1424 1807 1455 1835 et
1492 1803 1669 1834 liberaliter
1703 1814 1936 1834 succurramus.
2001 1803 2104 1835 Decet

463 1851 591 1892 quidem
624 1853 711 1893 regie
743 1854 922 1885 maiestatis
963 1855 1134 1893 honorem,
1175 1860 1210 1886 ut
1248 1855 1362 1887 eadem
1399 1855 1540 1895 domina,
1584 1865 1645 1896 quc
1681 1854 1720 1885 ad
1754 1858 1862 1886 nostre
1897 1856 2102 1897 protectionis

463 1904 637 1944 presidium
672 1905 869 1936 confidenter
908 1917 942 1937 sc
973 1908 1152 1946 transtulit,
1193 1912 1319 1949 sperate
1363 1908 1504 1949 graciam
1545 1907 1673 1948 pietatis
1711 1907 1855 1938 inveniat
1888 1910 1920 1938 ct
1950 1917 1968 1938 a
1992 1910 2102 1938 'nostra

464 1956 652 1986 celsitudine
696 1958 830 1998 amplius
873 1969 966 1999 quam
1015 1970 1145 2001 sperare
1184 1960 1320 1990 valuerit
1364 1962 1588 2000 consequatur.
1650 1958 1734 1989 Sane
1774 1969 1845 1989 cum
1886 1958 1926 1990 de
1962 1958 2102 2001 predicte

464 2006 591 2037 dominc
634 2008 742 2049 regine
793 2010 922 2040 consilio
963 2014 994 2041 ct
1033 2021 1188 2042 consensu
1238 2022 1370 2052 regnum
1413 2010 1568 2041 Bohemie
1617 2010 1854 2051 susceperimus
1902 2010 1959 2041 sub
2007 2010 2100 2042 certis

464 2059 567 2099 pactis
593 2062 625 2089 ct
649 2060 889 2091 condicionibus
916 2062 997 2093 inter
1021 2074 1078 2093 nos
1103 2067 1135 2093 et
1160 2064 1262 2104 ipsam
1293 2063 1410 2094 habitis
1440 2073 1496 2104 pro
1520 2062 1659 2093 utilitate
1684 2065 1716 2092 et
1740 2061 1907 2092 commodo
1932 2062 2102 2093 liberorum

464 2120 593 2140 snorum
619 2111 789 2142 illustrium
815 2112 1077 2153 gubernandum,
1102 2118 1195 2156 prout
1220 2114 1279 2145 hec
1304 2114 1335 2144 in
1360 2114 1431 2145 aliis
1452 2113 1567 2144 nostris
1592 2113 1707 2144 litteris
1730 2113 1847 2144 clarius
1872 2114 2101 2155 exprimuntur,

464 2161 550 2191 dicta
574 2161 702 2193 domina
727 2164 837 2203 regina
863 2175 932 2195 eum
960 2166 1120 2196 instancia
1144 2166 1320 2207 postulavit
1345 2176 1362 2196 a
1386 2165 1487 2204 nobis,
1513 2169 1547 2196 ut
1571 2165 1801 2196 determinatas
1826 2166 2046 2206 possessiones
2069 2168 2101 2196 et

464 2216 567 2242 certos
594 2213 736 2244 redditus
763 2215 1006 2256 assignaremus
1031 2217 1144 2249 eidem.
1171 2217 1285 2258 quibus
1310 2218 1379 2247 vice
1404 2220 1436 2248 ct
1459 2217 1529 2247 loco
1554 2216 1738 2248 donacionis
1763 2217 1823 2247 sibi
1857 2217 1941 2248 facte
1972 2219 2099 2258 propter

464 2265 596 2305 nupcias
633 2277 651 2295 a
689 2266 849 2306 quondam
886 2268 922 2298 O.
949 2268 1062 2299 illustri
1099 2280 1175 2309 rege
1211 2268 1367 2299 bohemie
1405 2269 1468 2299 vite
1501 2279 1557 2299 sue
1591 2268 1790 2310 temporibus
1826 2272 1979 2300 uteretur.
2035 2268 2100 2299 Nos

464 2315 570 2356 itaque
609 2317 753 2357 predicte
796 2318 921 2349 domine
957 2321 1066 2361 regine
1102 2321 1251 2362 precibus
1295 2321 1514 2351 favorabiliter
1552 2323 1746 2360 annuentes,
1788 2320 1815 2351 ei
1849 2321 1944 2351 trium
1980 2320 2100 2350 milium

466 2378 642 2398 marcarum
664 2374 836 2410 proventus
858 2375 888 2401 ct
915 2371 1057 2402 redditus
1081 2373 1282 2412 assignamus
1305 2376 1336 2403 ct
1359 2372 1512 2403 faciemus
1534 2372 1702 2413 assignari,
1720 2371 1870 2403 videlicet
1887 2372 2099 2414 Opavienscm

465 2419 659 2459 provinciam
679 2424 710 2450 et
730 2425 846 2452 cetera.
887 2422 1008 2457 Quodsi
1034 2424 1114 2453 sorte
1141 2424 1198 2453 viri
1224 2424 1336 2455 fideles
1362 2428 1393 2455 ct
1418 2424 1541 2465 providi
1565 2435 1623 2455 nec
1648 2425 1706 2465 ipsi
1725 2423 1833 2465 regine
1858 2424 2008 2465 suspecti,
2025 2433 2100 2465 quos

465 2470 503 2500 ad
530 2465 589 2500 libe
614 2471 850 2512 deputabimus,
877 2478 908 2504 ut
934 2479 1045 2505 taxent
1070 2479 1100 2505 et
1125 2476 1275 2506 estiment
1298 2476 1450 2509 redditus,
1476 2477 1528 2517 qui
1554 2487 1593 2507 ex
1619 2475 1713 2506 dictis
1737 2475 1829 2505 bonis
1855 2476 1946 2506 annis
1968 2475 2099 2516 singulis

466 2523 584 2563 percipi
610 2526 774 2563 poterunt.
809 2526 899 2555 nobis
933 2526 1115 2558 retulerint.
1150 2527 1233 2567 quod
1266 2532 1439 2569 proventus
1472 2527 1648 2559 eorundem
1678 2527 1834 2557 bonorum
1859 2538 1919 2558 non
1944 2527 2100 2558 sufficiant

465 2573 505 2603 ad
525 2574 749 2615 complendam
768 2587 924 2608 summam
946 2579 1092 2619 superius
1113 2578 1335 2620 {cxpressamh
1359 2584 1478 2611 extunc
1504 2580 1542 2611 dc
1560 2580 1631 2610 aliis
1649 2579 1740 2610 bonis
1765 2580 1852 2621 regni
1869 2579 2024 2610 Bohemie
2048 2581 2101 2610 aut

465 2625 701 2657 marchionatus
739 2627 882 2659 Moravie
919 2630 1160 2670 procurabimus
1203 2642 1357 2662 summam
1402 2643 1495 2673 quam
1533 2643 1627 2674 supra
1655 2631 1793 2662 diximus
1829 2631 2006 2673 adimpleri.
2065 2629 2098 2661 Si

2132 662 2155 680 10

2131 1307 2152 1326 15

2129 1619 2152 1638 ‘2⁰

2128 1918 2150 1937 25

2126 2176 2149 2195 ³0

2125 2429 2147 2448 :⁵5

570 2713 591 2735 1ι
613 2712 708 2736 §vilica
728 2721 810 2745 supra
832 2723 870 2740 ην,
884 2720 940 2740 yla.
1010 2717 1036 2743 2')
1058 2716 1122 2748 (suis
1139 2717 1232 2749 [avril.
1255 2718 1388 2743 mosomum.
1459 2719 1484 2744 ζ’»)
1502 2717 1643 2748 (lulisrirln.
1681 2718 1722 2748 (γ’.
1737 2718 1812 2743 elium
1829 2717 1902 2750 infru
1922 2725 1963 2743 nr.
1977 2720 2024 2742 :¹16
2041 2723 2061 2742 C.
2074 2719 2096 2741 4.
2122 2720 2145 2739 ⁴¹⁰
