2259 3116
345 1041 364 1056 c.
376 1040 393 1058 l.

351 2242 369 2256 C.
381 2239 399 2256 7,

419 160 482 189 530
806 153 937 179 ADOLFI
958 153 1060 180 REGIS
1079 153 1402 180 CONSTITUTIONES.
1441 153 1516 179 1296.
1553 153 1601 179 Nr.
1614 153 1673 179 565.

419 243 593 274 minoribus
616 241 797 273 excudenda
820 240 1012 277 curavimus,
1042 240 1182 279 capitum
1203 240 1343 271 numeris
1365 240 1400 270 iu
1422 239 1562 279 maryine
1582 239 1707 278 positis.
1753 239 1794 270 Iu
1816 249 1932 280 arenya
1950 250 2056 280 pauca

418 294 627 335 supplevimus
648 304 686 324 cx
702 291 866 331 privileyffl
888 290 1009 322 Alberti
1036 291 1118 330 reyis
1139 301 1169 322 α.
1187 292 1280 323 1307.
1303 290 1386 321 Mai.
1404 292 1434 320 7.
1457 290 1543 327 dato,
1574 290 1657 329 quod
1679 289 1800 329 publici
1822 291 1904 321 iuris
1921 290 2057 331 fecimus

420 346 533 377 ‘Neues
556 345 682 376 Archir'
706 343 724 374 Z.
742 354 766 374 c.
782 353 857 383 paq.
875 343 947 374 584.
971 360 1012 365 —
1035 341 1180 379 Bclmzer,
1205 341 1280 382 Rey.
1304 341 1366 373 Ad.
1383 341 1456 372 329.
1767 341 1822 380 (P.
1844 342 1951 380 deest.)

527 438 662 470 Adolfus
690 438 751 469 Dei
780 439 887 479 gracia
911 437 1129 468 Romanorum
1158 447 1216 467 rex
1243 447 1371 477 semper
1398 440 1551 477 augustus
1627 437 1781 467 universis
1809 437 1889 468 sacri
1920 437 2056 469 Romani

420 491 545 532 imperii
567 490 714 521 fidelibus
738 493 903 530 presentes
927 489 1051 520 litteras
1074 489 1264 529 inspecturis
1287 489 1430 529 graciam
1453 498 1543 518 suam
1568 490 1601 518 et
1624 498 1717 518 omne
1741 488 1868 519 bonum.
2088 503 2099 521 ε»

527 542 662 573 Tociens
685 542 775 583 regie
799 540 996 572 celsitudinis
1019 543 1163 581 ceptrum
1188 539 1340 571 extolitur
1360 539 1478 570 alcius³
1502 542 1534 569 et
1558 537 1698 581 [ipsius]b
1722 542 1822 570 status
1838 539 1968 571 solidius
1984 541 2058 572 sub—

420 596 557 634 limatur,
583 594 734 635 quociens
757 593 900 624 fidelium
925 592 1114 623 devotorum
1137 595 1211 622 vota
1234 591 1372 632 begnino
1397 590 1593 632 recipiuntur
1615 590 1735 621 affectu
1758 594 1791 622 et
1814 590 1897 634 [ad]⁰
1920 592 2057 633 ipsorum

419 645 662 677 commoditates
686 643 872 687 a[u]gendas
895 645 1040 686 graciosa
1063 635 1218 685 protectio
1243 643 1393 684 principis
1409 643 1574 674 invenitur.
1623 641 1702 673 Cum
1727 643 1810 674 enim
1835 644 1935 674 omnis
1958 645 2059 685 gloria

418 699 485 728 sive
509 697 658 738 potencia
681 697 877 738 principatus
900 697 932 726 in
956 695 1173 727 subdictorum
1202 695 1355 736 precipue
1380 695 1532 725 consistat
1555 694 1692 726 solidata
1715 694 1858 734 fortunis,
1883 695 2059 736 expediens

419 749 611 780 arbitramur
644 751 676 779 et
704 758 892 789 congruum,
922 750 957 778 ut
987 748 1084 778 simus
1111 748 1225 778 nostris
1253 749 1286 777 et
1312 746 1437 787 imperii
1465 745 1613 776 fidelibus
1636 746 1668 776 in
1691 747 1815 777 iusticia
1839 746 1950 778 faciles
1973 750 2006 778 et
2028 749 2059 779 in
2077 760 2102 779 ιο

420 802 527 842 gracia
550 800 710 831 liberales.
799 799 882 830 Hinc
907 802 956 830 est
979 798 1064 840 quod
1087 809 1144 829 nos
1167 798 1207 829 ad
1231 801 1322 839 grate
1347 798 1529 829 devocionis
1553 797 1716 838 obsequia,
1742 808 1803 839 que
1826 798 1953 829 honesti
1976 799 2060 830 cives

420 853 578 883 Bisuntini
610 851 702 882 nobis
736 854 769 882 et
802 851 936 892 imperio
967 850 1123 882 exhibent
1158 854 1190 881 et
1218 851 1348 881 inantea
1378 849 1533 880 exhibere
1562 849 1731 890 poteruntd
1761 850 1921 890 graciora,
1954 854 2059 882 nostre

420 904 600 935 serenitatis
624 904 771 934 intuitum
797 901 1041 945 [convertentes]
1050 908 1071 942 ⁰,
1095 903 1171 943 ipsis
1195 905 1227 933 et
1250 902 1369 932 civitati
1394 901 1559 932 Bisuntine
1583 901 1761 942 subscripta
1784 901 1824 932 de
1848 902 1956 942 gracia
1972 903 2060 944 regia

422 956 570 987 duximus
594 954 814 986 concedenda:

532 1031 556 1059 1.
581 1032 677 1058 Primo
701 1026 852 1058 videlicet
875 1031 950 1064 quod
972 1031 1034 1065 ipsa
1057 1030 1156 1057 civitas
1181 1032 1214 1056 et
1238 1030 1311 1057 cives
1335 1030 1459 1056 civitatis
1484 1025 1627 1056 eiusdem
1651 1038 1759 1056 exnunc
1775 1030 1899 1057 habeant
1920 1029 2060 1057 nostram
2079 1033 2102 1052 1⁵

424 1084 560 1119 *graciam
584 1082 616 1110 et
639 1079 780 1109 favorem
805 1091 837 1109 ac
860 1083 964 1109 eisdem
980 1091 1058 1108 suam
1073 1082 1306 1114 malivolenciam,
1331 1081 1354 1107 si
1377 1090 1461 1115 quam
1477 1081 1654 1108 incurrerunt
1669 1081 1862 1116 ignoscimus
1879 1091 1954 1109 mero
1971 1083 2060 1110 corde.

422 1136 599 1163 Sentenciam
613 1134 834 1169 proscriptionis,
858 1134 881 1160 si
898 1143 952 1168 qua
976 1134 1035 1160 lata
1052 1134 1149 1160 extitit
1173 1135 1271 1160 contra
1287 1133 1362 1167 ipsos
1387 1133 1532 1160 occasione
1548 1142 1713 1166 quacunque
1737 1142 1787 1168 per
1809 1139 1866 1160 nos
1890 1132 1922 1160 et
1944 1129 2060 1170 prede-

423 1193 565 1214 cessores
588 1185 722 1221 nostros,
746 1181 981 1213 nichillominus
1005 1187 1198 1212 revocantes
1222 1187 1255 1212 et
1278 1185 1394 1212 eandem
1418 1186 1578 1211 revocatam
1601 1184 1712 1219 publice
1734 1185 1951 1212 nunciantes*

530 1241 558 1270 2.
583 1244 672 1269 Item*
689 1242 932 1276 recognoscimus
949 1251 980 1268 ac
997 1241 1085 1268 eciam
1100 1241 1296 1277 profitemur,
1313 1241 1387 1274 quod
1402 1241 1464 1274 ipsa
1480 1241 1656 1273 universitas,
1680 1240 1754 1267 cives
1775 1241 1899 1268 civitatis
1915 1236 2058 1278 predicte

422 1304 530 1322 necnon
554 1295 714 1321 habitantes
738 1294 767 1320 in
791 1303 823 1321 ea
847 1295 912 1320 sunt
935 1295 964 1320 et
987 1302 1046 1320 esse
1070 1293 1174 1320 debent
1189 1302 1239 1327 per
1262 1289 1343 1319 Vim⁸
1368 1301 1480 1319 suarum
1496 1292 1659 1319 libertatum
1683 1293 1878 1320 tantummodo
1900 1289 2060 1326 subdictif,
2078 1300 2101 1320 20

422 1347 499 1373 nullo
524 1346 662 1372 existente
686 1345 805 1376 medio*,
829 1345 1009 1379 imperatorie
1032 1345 1184 1371 maiestati.

531 1399 558 1428 3.
590 1402 681 1428 Item*
712 1396 912 1437 presentibus
939 1401 1137 1438 profitemur,
1168 1401 1243 1434 quod
1266 1402 1356 1427 status
1380 1402 1492 1427 monete
1516 1400 1664 1427 Bisuntine
1687 1409 1743 1427 non
1767 1402 1862 1435 potest
1885 1409 1935 1428 nec
1958 1401 2060 1427 mutari

422 1454 505 1481 debet
530 1454 572 1480 vel
597 1454 690 1487 aliquo
708 1455 833 1487 tempore
858 1462 907 1487 per
930 1453 1053 1486 aliquem
1070 1453 1181 1485 variari,
1206 1453 1254 1479 sed
1270 1461 1379 1486 semper
1396 1454 1470 1479 stare
1486 1452 1570 1479 debet
1591 1452 1620 1478 in
1637 1461 1686 1479 suo
1702 1454 1779 1479 recto
1796 1453 1918 1486 pondere
1935 1454 2061 1480 necnon*

422 1506 450 1532 in
479 1515 528 1532 suo
559 1506 633 1532 iusto
663 1505 854 1539 alligamento.
901 1504 979 1536 Quod
1008 1505 1221 1539 alligamentum
1251 1506 1294 1531 est
1321 1504 1406 1530 trium
1437 1504 1615 1530 denariorum
1644 1513 1706 1530 cum
1730 1504 1812 1531 obolo
1840 1504 1927 1538 ipsius
1950 1506 2059 1532 monete

423 1557 582 1588 Bisuntine,
612 1557 702 1591 ipsum
726 1565 790 1582 vero
814 1557 922 1582 rectum
945 1557 1054 1590 pondus
1078 1558 1121 1583 est
1144 1558 1252 1590 septem
1281 1558 1310 1582 et
1332 1556 1427 1582 decem
1452 1555 1602 1582 solidorum
1632 1557 1660 1582 et
1683 1557 1804 1589 quatuor
1827 1556 2003 1583 denariorum
2026 1556 2060 1582 ad
2078 1565 2100 1584 25

424 1618 545 1635 marcam
562 1609 595 1635 de
612 1609 735 1635 Colonia.
781 1609 837 1635 Nec
853 1611 933 1635 extra
950 1609 1095 1636 civitatem
1110 1608 1287 1635 Bisuntinam
1305 1608 1366 1643 ipsa
1382 1610 1496 1635 moneta
1511 1609 1607 1642 potest
1623 1608 1806 1642 aliqualiter
1822 1608 1962 1635 fabricari.

532 1664 560 1691 4.
592 1666 680 1691 Item*
703 1665 771 1691 dicti
806 1665 879 1691 cives
911 1660 1068 1691 Bisuntini
1096 1665 1203 1691 habent
1230 1667 1259 1691 et
1286 1665 1389 1691 habere
1419 1664 1523 1691 debent
1545 1664 1701 1691 custodiam
1725 1664 1844 1690 clavium
1867 1666 2010 1698 portarum
2033 1666 2061 1692 et

426 1716 613 1749 introit[u]urn
637 1717 761 1743 civitatis
785 1717 941 1749 Bisuntine,
965 1717 1014 1750 qui
1037 1726 1110 1743 nunc
1133 1718 1199 1743 sunt
1222 1717 1265 1743 vel
1290 1722 1359 1743 esse
1383 1718 1517 1751 poterunt
1539 1716 1569 1742 in
1592 1716 1724 1742 futurum.

534 1771 561 1799 5.
586 1774 676 1800 Item*
693 1767 790 1799 iidem
807 1773 881 1800 cives
897 1773 1004 1800 habent
1019 1775 1048 1800 et
1063 1773 1188 1800 habeant
1203 1773 1432 1800 communitatem
1450 1781 1497 1799 seu
1514 1772 1736 1803 universitatem,
1751 1772 1865 1798 archam
1881 1781 2060 1804 communem,

425 1826 646 1858 procuratorem,
677 1826 799 1851 actorem
828 1825 870 1851 vel
900 1824 1048 1857 sindicum,
1077 1825 1201 1859 sigillum
1229 1824 1434 1856 universitatis,
1467 1832 1616 1858 campanas
1645 1832 1803 1850 communes
1832 1824 1867 1850 ad
1890 1823 2060 1850 *vocandum
2079 1832 2102 1852 3ο

426 1876 640 1902 universitatem
664 1876 826 1910 predictam,
852 1876 955 1903 vexilla
978 1886 1026 1903 seu
1050 1876 1208 1903 bannerias.
1253 1875 1307 1902 *Et
1330 1876 1405 1909 quod
1428 1875 1482 1910 ipsi
1505 1875 1591 1907 cives,
1615 1875 1769 1909 quociens*
1792 1875 1831 1902 eis
1855 1875 1992 1909 placuerit
2015 1884 2061 1902 seu

426 1928 525 1953 maiori
549 1928 622 1961 parti
646 1928 733 1961 ipsius
757 1928 966 1960 universitatis,
999 1928 1130 1962 possint*
1153 1928 1256 1963 eligere
1280 1938 1365 1954 unum
1389 1928 1433 1954 vel
1456 1928 1549 1962 plures
1573 1927 1608 1953 ad
1631 1927 1782 1961 regendum
1806 1922 1856 1953 vel
1880 1927 2062 1954 ordinandum

427 1979 520 2005 omnia
543 1979 672 2013 negocia,
703 1988 756 2012 que
780 1980 911 2006 evenient
943 1980 986 2006 vel
1011 1980 1138 2006 accident
1168 1975 1243 2016 ipsis
1267 1980 1374 2006 civibus
1398 1979 1441 2006 vel
1465 1978 1645 2006 universitati
1668 1985 1735 2006 sue.
1780 1978 1816 2005 Et
1839 1979 1914 2012 quod
1936 1979 1990 2013 ipsi
2012 1987 2061 2013 pro

427 2039 474 2056 sue
496 2030 576 2056 libito
595 2031 748 2056 voluntatis
766 2031 875 2064 possint
891 2032 981 2058 facere
1005 2033 1033 2057 et
1050 2032 1160 2065 exigere
1178 2031 1251 2058 inter
1275 2037 1330 2057 eos
1353 2031 1458 2064 absque
1475 2031 1565 2057 iudice
1582 2032 1611 2057 et
1626 2030 1739 2057 iusticia
1754 2030 1907 2064 captiones,
1930 2030 2062 2057 huancias

428 2083 455 2107 et
480 2082 585 2108 taillias
609 2083 637 2108 et
661 2082 763 2109 habere
787 2091 961 2109 communem
985 2083 1132 2117 pecuniam
1156 2092 1205 2117 pro
1230 2082 1285 2109 suis
1309 2082 1444 2109 faciendis
1467 2082 1604 2116 negociis,
1637 2082 1688 2108 *ut
1711 2082 1809 2108 melius
1833 2083 1862 2109 et
1884 2081 1980 2108 utilius
2003 2076 2061 2107 Sibi
2079 2089 2101 2109 35

428 2133 568 2159 viderint
601 2134 746 2167 expedire,
781 2136 809 2160 et
837 2134 870 2160 de
902 2134 1034 2168 predictis
1062 2135 1103 2160 uti
1133 2135 1241 2168 possint
1270 2134 1356 2160 libere
1386 2134 1462 2160 nullo
1492 2133 1583 2160 iudice
1613 2133 1783 2167 impediente
1813 2134 1857 2160 vel
1885 2133 2060 2167 aliquatenus

427 2180 631 2211 reclamante.

536 2234 564 2261 6.
589 2237 678 2262 Item*
703 2236 794 2262 nullus
812 2236 893 2263 iudex
918 2237 1057 2263 iusticiam
1074 2246 1204 2264 exercens
1228 2237 1302 2263 inter
1318 2237 1391 2263 cives
1408 2237 1495 2271 ipsius
1513 2237 1636 2263 civitatis
1653 2237 1681 2263 in
1698 2237 1760 2270 ipsa
1776 2237 1891 2263 civitate
1908 2237 2060 2263 *morantes

429 2297 511 2321 super
535 2287 615 2313 rebus
639 2288 674 2313 ad
697 2288 791 2321 ipsos*
815 2289 1021 2322 pcrtinentibus
1046 2285 1076 2314 in
1101 2285 1169 2325 ipsa
1193 2284 1320 2315 civitate
1338 2297 1394 2314 non
1416 2290 1511 2322 potest
1532 2297 1584 2314 nec
1608 2288 1692 2315 debet
1707 2288 1830 2315 iudicare
1854 2297 1904 2322 per
1918 2287 2059 2314 intellocu-

429 2339 529 2365 toriam
559 2340 627 2365 seu*
656 2339 834 2365 diffinitivam
863 2340 1046 2373 sentenciam,
1075 2341 1161 2367 donec
1191 2340 1264 2366 cives
1295 2340 1418 2366 civitatis
1451 2340 1575 2374 predicte
1603 2349 1686 2374 super
1717 2340 1869 2371 discordia,
1900 2348 1982 2373 super
2008 2346 2062 2372 qua
2079 2346 2102 2364 ⁴0

430 2390 674 2423 interfflqmndum
699 2393 741 2417 cst
766 2391 807 2416 vel
832 2391 1037 2424 diffiniendum,
1066 2392 1143 2418 missi
1167 2394 1232 2418 sunt
1255 2401 1271 2417 a
1294 2391 1397 2423 iudice,
1423 2400 1515 2418 coram
1539 2401 1594 2425 quo
1618 2392 1759 2426 litigatur,
1792 2401 1842 2426 pro
1866 2391 1924 2418 iure
1948 2389 2061 2417 dicendo

430 2444 458 2467 et
486 2442 587 2467 debent
616 2442 691 2468 mitti
719 2442 808 2468 tribus
837 2443 941 2469 vicibus
970 2444 1004 2469 ab
1028 2444 1125 2470 eodem
1156 2443 1282 2475 domino,
1313 2443 1335 2469 si
1366 2443 1406 2469 ita
1430 2443 1466 2469 sit
1489 2443 1562 2477 quod
1586 2443 1664 2469 missi
1688 2443 1777 2477 prima
1801 2443 1860 2469 vice
1883 2448 1919 2468 ac
1943 2441 2061 2468 secunda

429 2493 607 2519 concordare
637 2502 691 2519 non
725 2494 843 2527 possint.
894 2495 921 2520 Si
946 2504 1009 2521 vero
1035 2495 1278 2526 concordaverint,
1312 2495 1379 2521 illud
1403 2495 1487 2522 debet
1510 2495 1599 2521 teneri
1623 2504 1639 2521 a
1662 2495 1789 2529 partibus
1813 2494 1918 2528 absque
1941 2492 2060 2520 remedio

430 2545 631 2578 appollacionis
655 2554 671 2570 a
695 2547 774 2579 parte
798 2546 924 2579 qualibet
949 2547 1073 2572 faciende
1104 2548 1132 2572 ct
1155 2547 1214 2581 ipsc
1243 2546 1325 2572 iudex
1349 2546 1481 2572 iudicium
1506 2547 1628 2581 ipsorum
1652 2546 1753 2573 civium
1778 2545 1877 2580 exequi
1901 2546 2011 2571 tenetur
2034 2545 2060 2571 et

430 2606 538 2627 curare,
571 2597 644 2630 quod
675 2599 768 2630 partes
794 2599 916 2623 teneant.
962 2597 995 2623 Et
1027 2598 1050 2623 si
1080 2598 1150 2624 forte
1179 2598 1232 2631 ipsi
1262 2597 1335 2623 cives
1364 2598 1440 2623 missi
1468 2598 1503 2624 ad
1526 2598 1659 2625 iudicium
1682 2598 1743 2632 ipsa
1766 2598 1810 2624 die
1834 2606 1889 2631 qua
1912 2597 2060 2623 mittuntur
2077 2605 2100 2624 4³

431 2648 551 2674 iudicare
581 2647 613 2673 et
641 2648 795 2675 deliberare
824 2658 879 2675 non
911 2649 1019 2683 possint
1043 2645 1091 2675 vel
1118 2644 1202 2685 quod
1227 2645 1347 2685 possint
1371 2650 1413 2676 vel
1441 2650 1514 2683 quod
1538 2650 1626 2676 velint
1650 2650 1742 2684 plures
1771 2649 1840 2676 alios
1870 2648 1922 2674 sibi
1945 2648 1978 2674 de
2002 2655 2058 2681 pre·

533 2737 597 2763 505.
624 2743 645 2769 ¹¹)
665 2740 749 2763 arcius
776 2739 799 2762 'lt
906 2739 928 2769 b)
948 2739 1013 2764 dees!
1038 2739 1067 2768 T,·
1092 2748 1103 2764 e
1119 2740 1252 2772 prlrileyio
1272 2740 1370 2765 Albcrll
1395 2740 1466 2771 reglis.
1572 2739 1594 2771 ὓ)
1614 2740 1679 2765 deest
1705 2740 1729 2764 T.
1833 2738 1857 2770 d)
1878 2741 2010 2771 potuerunt
2032 2736 2058 2761 T.

430 2786 451 2810 n)
471 2781 512 2805 vin
540 2781 563 2805 71
653 2781 674 2811 s)
694 2783 801 2806 subdicti
828 2782 852 2805 T.
