2259 3164
102 744 125 762 10

102 1011 124 1029 15

101 1274 125 1293 20

103 1534 126 1553 25

103 2314 127 2333 ⁴0

483 179 637 207 RUDOLFI
656 180 761 207 REGIS
781 180 1099 209 CONSTITUTIONES.
1137 183 1210 208 1290.
1248 183 1292 208 Nr.
1306 184 1363 209 450.
1378 183 1436 210 451.
1717 187 1777 216 435

151 269 192 300 Et
214 271 348 310 possunt
374 268 486 299 eodem
522 267 616 298 modo
639 272 755 310 ,tenere
781 273 812 300 et
836 271 937 312 capti-

152 331 225 352 vare
248 320 333 362 ipsos
357 320 503 351 forenses
528 320 725 361 generaliter
753 325 785 353 et
812 324 937 364 specia-

151 374 222 404 liter
244 382 301 414 pro
326 371 453 403 delictis
478 374 509 402 et
540 372 678 410 iniuriis,
717 383 777 414 que
806 376 865 417 ipsi
889 379 936 409 f0-

151 435 260 457 renses
290 424 411 455 faciunt
434 423 465 454 in
490 423 691 464 specialitate
718 436 775 456 seu
800 437 936 468 genera-

151 477 248 516 litate,
273 486 331 507 nec
356 478 506 506 tenentur
530 475 590 505 iuri
614 485 727 516 parere
752 478 802 508 vel
828 490 937 511 recre-

150 528 242 566 dere,
272 529 477 569 preterquam
506 537 564 568 per
592 527 714 557 iudices
738 528 936 566 Bisuntinos,

152 590 255 610 coram
270 578 384 620 quibus
398 578 450 609 vel
464 579 565 609 altero
577 579 763 610 eorumdem
778 581 835 612 iuri
851 586 936 615 stare

151 633 298 662 tenentur
321 640 422 672 usque
446 629 485 660 ad
511 630 669 661 calculum
687 634 850 664 sentencie
875 635 934 665 dif-

150 683 280 714 finitive.
317 681 389 712 Hoc
407 682 495 712 salvo
520 682 604 723 quod
629 682 654 712 si
672 683 865 716 universitas
884 687 934 717 vel

150 735 248 765 maior
271 744 343 775 pars
368 733 483 764 civium
507 733 722 774 predictorum
745 739 836 767 extra
861 738 937 768 civi-

150 790 248 817 tatem
277 784 452 827 predictam
487 795 558 816 cum
588 786 685 816 armis
716 790 748 817 et
779 788 937 820 violencia

151 838 287 879 aliquem
306 836 450 867 vadiaret
474 840 505 867 et
521 836 561 867 de
577 837 635 867 hoc
653 838 720 869 fieri
737 840 938 881 contingeret

150 889 397 927 recredenciam,
423 888 461 920 de
479 888 539 919 hoc
556 888 688 920 deberet
711 890 759 921 ius
777 891 856 931 fieri,
881 893 935 924 ubi

151 942 229 972 alias
253 944 284 972 et
308 941 482 981 antiquitus
507 940 575 971 fieri
601 942 776 973 consuevit.

218 1003 264 1033 10.
292 1000 374 1032 Item
406 1000 490 1042 quod
525 1000 646 1032 iudices
681 1001 840 1033 Bisuntini
876 1015 937 1035 non

150 1055 282 1095 possunt
298 1062 357 1083 nec
375 1052 493 1083 debent
510 1062 630 1094 ponere
648 1064 765 1094 penam
783 1056 832 1085 vel
858 1056 937 1087 ban-

151 1115 225 1136 num
248 1114 306 1135 nec
329 1104 445 1142 facere,
471 1103 553 1145 quod
570 1108 707 1146 ponatur
724 1106 775 1136 vel
791 1109 937 1148 preconi-

151 1159 252 1195 zetur,
276 1166 334 1187 nec
362 1155 493 1197 caperes
515 1156 672 1197 pondera,
696 1168 863 1189 mensuras
887 1159 938 1191 vel

151 1219 274 1250 panem,
298 1208 359 1238 nisi
383 1207 443 1238 hoc
465 1208 562 1239 fuerit
585 1208 624 1239 de
643 1208 806 1240 voluntate
831 1214 863 1241 et
887 1222 935 1242 re-

151 1260 324 1301 quisicione
349 1260 465 1290 civium
490 1259 740 1301 predictorum&

216 1322 262 1350 11.
286 1319 368 1351 Item
394 1319 478 1361 quod
505 1319 630 1351 iudices
654 1320 814 1352 Bisuntini
843 1332 935 1353 secu-

152 1371 233 1403 lares
263 1382 325 1402 non
355 1371 476 1402 habent
506 1382 566 1402 nec
597 1371 717 1402 habere
749 1372 870 1404 debent
903 1375 935 1405 in

151 1423 273 1454 civibus
297 1423 450 1465 predictis
479 1423 625 1464 exceptis
658 1423 758 1454 tribus
793 1425 937 1456 emendis

150 1475 351 1516 pecuniariis,
377 1475 527 1505 videlicet
546 1474 597 1505 ΙΙΙ
620 1475 766 1517 s(olidos)
785 1487 841 1518 pro
861 1488 935 1508 eon-

152 1527 289 1557 tumacia
313 1537 368 1558 seu
392 1531 520 1569 propter
544 1527 604 1557 hoc
622 1527 704 1568 quod
723 1528 793 1568 quis
812 1530 937 1560 convic-

153 1580 201 1608 tus
230 1581 279 1609 est
306 1579 337 1609 in
366 1589 463 1609 causa
493 1578 588 1609 civili.
635 1578 785 1609 Secunda
815 1584 864 1611 est
889 1581 937 1611 IX

153 1629 350 1671 s(olidorum)
364 1641 420 1672 pro
435 1630 590 1671 sanguine
608 1631 648 1661 ab
662 1631 768 1672 aliquo
782 1631 866 1662 facto
885 1633 937 1663 alii

152 1684 183 1711 et
205 1682 349 1722 probato,
372 1682 403 1712 in
420 1685 542 1712 tantum
568 1682 651 1723 quod
668 1682 838 1714 diffinitiva
863 1695 935 1714 sen-

152 1733 257 1763 tencia
280 1744 376 1775 super
400 1733 459 1764 hoc
483 1734 664 1775 proferatur
688 1734 728 1764 ad
745 1735 936 1765 instanciam

153 1785 279 1816 alterius
294 1785 444 1827 parcium,
458 1796 519 1816 non
535 1785 662 1816 domini.
688 1785 801 1816 Tereia
815 1790 864 1817 est
878 1786 936 1816 LX

153 1836 350 1877 s(olidorum)
368 1848 422 1878 pro
440 1848 527 1868 arma
544 1837 673 1872 moluta,
692 1838 775 1868 sicut
792 1838 936 1879 superius

154 1891 201 1917 est
224 1893 401 1927 narratum,
433 1899 489 1920 seu
518 1899 573 1930 pro
603 1889 684 1919 falso
716 1889 856 1930 pondere.
887 1890 935 1919 vel

153 1938 231 1970 falsa
253 1950 401 1971 mensura
425 1941 571 1981 repertis.
618 1940 659 1970 Et
684 1941 834 1982 quociens
860 1952 933 1971 eon-

153 2000 286 2031 querens
302 1992 368 2022 vult
384 1991 571 2031 desistereh,
588 2003 648 2022 non
666 1996 795 2023 tenetur
807 1992 935 2023 domino

118 2058 127 2068 a
155 2041 193 2072 ad
217 2043 393 2074 emendam.

219 2104 264 2133 12.
301 2102 383 2134 Item
418 2103 500 2144 quod
535 2114 646 2134 omncs
686 2104 870 2134 habitantes
906 2105 935 2134 in

154 2153 279 2184 civitate
303 2155 464 2196 predicta,
496 2156 548 2196 qui
577 2159 709 2186 utuntur
733 2155 935 2186 libertatibus

154 2209 185 2235 et
220 2205 314 2236 rebus
349 2207 568 2237 communibus
609 2207 747 2237 civitatis
780 2207 935 2248 predicte,

154 2260 226 2287 sunt
248 2260 279 2288 et
303 2268 373 2288 esse
398 2258 516 2289 debent
533 2258 738 2299 porcionariii
761 2262 796 2288 ut
820 2259 872 2289 alii
897 2259 936 2289 dc

153 2307 372 2346 missionibus,
397 2319 474 2350 quas
505 2310 591 2340 cives
623 2309 759 2339 ordinati
784 2320 840 2350 pro
865 2311 934 2340 uni-

154 2359 301 2389 versitate
326 2360 468 2401 predicta
492 2361 611 2391 sacient
634 2361 665 2390 in
689 2361 842 2391 futurum.

219 2420 263 2449 13.
282 2419 362 2450 Item
378 2420 458 2460 quod
472 2420 733 2462 archiepiscopus
746 2420 933 2451 Bisuntinus

153 2478 209 2499 nec
233 2470 323 2505 alius,
349 2472 401 2512 qui
424 2472 580 2502 iusticiam
606 2471 724 2502 habeat
748 2472 779 2501 in
804 2472 932 2503 civitate

154 2519 306 2560 predicta,
342 2532 402 2553 non
432 2527 566 2565 possunt
590 2534 647 2553 nee
676 2522 795 2553 debent
826 2524 931 2554 vinum

253 2640 315 2667 450.
335 2642 353 2673 s)
373 2645 482 2674 sequitur
502 2654 557 2669 nien
577 2645 684 2668 (ΙνΙνΙιιιιι,
703 2646 733 2669 Α,

154 2683 260 2714 probatis
278 2686 348 2717 eiquo
362 2688 444 2717 ponito
464 2688 575 2711 additum
596 2692 630 2711 mc
644 2688 681 2712 A:
701 2697 719 2712 ν.
734 2689 805 2719 ιἰιχίἰι
825 2698 849 2711 a.
865 2697 886 2719 p.

154 2728 216 2751 uarii
236 2728 265 2752 A.

253 2795 315 2824 ⁴15¹·
335 2798 353 2830 s)
372 2809 453 2824 col-:un
467 2814 496 2816 —
509 2801 547 2824 vel
568 2800 592 2823 1'11
613 2801 666 2823 (μιν
687 2809 744 2823 fuxo
764 2801 881 2831 srrt'ptnm
902 2799 932 2822 ΙΙ.

994 269 1035 299 Et
1059 273 1194 311 possunt
1218 270 1328 301 eodem
1359 270 1450 301 modo
1482 274 1592 302 tenere
1622 274 1653 301 et
1677 272 1777 312 capti-

993 331 1066 351 vare
1090 321 1177 362 ipsos
1202 322 1346 352 forenses
1370 323 1564 362 generaliter
1594 326 1626 353 ct
1658 323 1780 364 specia-

990 373 1063 403 liter
1088 383 1143 414 pro
1169 373 1292 403 delictis
1317 377 1349 404 et
1372 374 1511 409 iniuriis,
1545 385 1607 415 que
1637 374 1696 416 ipsi
1729 374 1776 404 fo-

991 434 1102 454 renses
1112 424 1233 454 faciunt
1248 425 1277 454 in
1294 425 1504 465 generalitate
1519 429 1549 455 et
1566 426 1777 466 specialitate,

991 486 1049 506 nec
1065 479 1214 506 tenentur
1232 476 1289 506 iuri
1308 486 1420 517 parere
1438 477 1486 506 vel
1504 476 1680 513 recredere,
1707 488 1777 517 pre-

991 530 1135 568 terquam
1152 537 1209 568 per
1226 527 1348 557 iudices
1365 527 1563 565 Bisuntinos,
1583 538 1690 558 coram
1708 528 1776 568 qui-

993 579 1050 608 bus
1068 578 1135 608 velf
1158 579 1259 609 altero
1280 579 1450 608 eorundem
1478 579 1536 609 iuri
1555 582 1640 609 stare
1666 582 1778 610 teuen-

991 633 1042 660 tur
1058 640 1159 670 usque
1179 630 1218 660 ad
1236 630 1395 660 calculum
1413 630 1581 661 diffinitive
1602 631 1779 661 sentencie.

991 681 1060 711 Hoc
1091 682 1180 712 salvo
1205 681 1288 722 quod
1321 682 1345 711 si
1374 682 1567 712 universitas
1598 682 1648 713 vel
1679 682 1780 712 maior

991 743 1065 773 pars
1096 732 1210 763 civium
1240 733 1458 773 predictorum
1491 737 1583 764 extra
1616 734 1778 763 civitatem

991 784 1168 825 predictam
1193 795 1264 814 cuni
1289 785 1384 814 armis
1409 788 1441 815 et
1459 785 1614 815 violencia
1639 785 1777 826 aliquem

991 835 1136 866 vadiaret
1160 838 1191 866 et
1217 835 1256 866 de
1280 835 1340 865 hoc
1364 836 1433 866 ficri
1452 837 1651 877 contingeret
1675 846 1779 867 recre-

992 886 1147 925 denciam,
1172 887 1211 917 de
1230 886 1290 917 hoc
1307 887 1441 918 deberet
1458 888 1507 917 ius
1524 888 1604 928 fleri,
1629 888 1683 918 ubi
1702 888 1780 918 alias

992 942 1024 969 et
1049 938 1223 979 antiquitus
1246 938 1315 969 fieri
1340 939 1515 970 consucvit.

1058 1000 1105 1030 10.
1136 998 1217 1029 Item
1251 998 1333 1039 quod
1365 998 1488 1030 iudices
1519 999 1678 1030 Bisuntini
1717 1010 1822 1029 non
1851 1023 1856 1027 .

992 1052 1128 1091 possunt
1151 1060 1210 1081 nce
1229 1049 1349 1081 debent
1365 1061 1484 1092 ponere
1500 1061 1615 1092 penam
1633 1051 1682 1081 vel
1701 1051 1778 1081 ban-

991 1112 1066 1132 num
1091 1112 1148 1132 nec
1164 1101 1284 1137 facere,
1309 1101 1391 1143 quod
1409 1106 1545 1143 ponatur
1562 1103 1611 1133 vel
1630 1103 1777 1144 preconi-

991 1157 1093 1191 zetur,
1132 1164 1190 1185 nee
1215 1164 1331 1195 capere
1358 1153 1513 1195 pondera,
1538 1164 1705 1185 mensuras
1730 1154 1779 1183 vel

991 1216 1117 1247 panem,
1141 1206 1201 1236 nisi
1225 1206 1285 1236 hoc
1303 1205 1397 1235 fuerit
1421 1205 1460 1236 de
1478 1206 1642 1236 voluntate
1667 1210 1698 1235 et
1723 1216 1771 1235 rc-

991 1258 1166 1298 quisicione
1190 1257 1306 1288 civium
1331 1256 1560 1298 predictorum.

1060 1321 1105 1349 ll.
1130 1318 1212 1349 Item
1237 1318 1319 1359 quod
1339 1317 1462 1348 iudices
1480 1318 1643 1348 seculares
1661 1317 1776 1347 Bisun-

990 1370 1047 1401 tini
1072 1380 1135 1400 non
1152 1369 1271 1400 habent
1288 1380 1348 1400 nee
1363 1370 1482 1400 habere
1499 1369 1622 1400 debent
1646 1369 1676 1399 in
1695 1369 1771 1399 civi-

990 1422 1051 1452 bus
1075 1421 1225 1464 predictis
1255 1422 1400 1463 exceptis
1424 1421 1525 1452 tribus
1550 1420 1693 1451 emendis
1718 1431 1773 1462 pe-

991 1474 1152 1508 cumini-iis,
1177 1473 1327 1504 videlicet
1350 1476 1416 1503 tres
1441 1473 1559 1504 solidos
1584 1483 1640 1514 pro
1666 1476 1778 1502 eontu-

991 1526 1092 1556 macia
1117 1536 1174 1556 seu
1198 1530 1327 1567 propter
1352 1526 1411 1556 hoc
1430 1525 1511 1566 quod
1530 1525 1599 1566 quis
1617 1525 1778 1555 convictus

991 1582 1063 1609 estg
1088 1578 1118 1608 in
1149 1588 1245 1608 causa
1273 1578 1368 1609 civili.
1415 1576 1563 1607 Secunda
1594 1581 1644 1607 est
1668 1586 1779 1607 noveni

990 1629 1191 1670 solid(orum)
1217 1640 1273 1670 pro
1291 1629 1445 1669 sanguine
1463 1628 1547 1658 facto
1573 1628 1625 1658 alii
1650 1631 1682 1657 et
1706 1638 1778 1668 pro-

990 1682 1082 1717 bato,
1113 1682 1143 1711 in
1168 1684 1291 1711 tantum
1317 1680 1399 1721 quod
1424 1679 1592 1710 diffinitiva
1616 1680 1779 1709 sentencia

991 1744 1087 1774 super
1110 1733 1169 1763 hoc
1186 1732 1367 1773 proferatur
1383 1731 1422 1762 ad
1441 1732 1627 1762 instantiam
1646 1731 1777 1760 alterius

991 1785 1139 1826 partium,
1164 1794 1225 1815 non
1242 1783 1371 1815 domini.
1411 1783 1524 1813 Tereia
1542 1786 1590 1813 est
1608 1783 1778 1823 sexaginta

991 1836 1164 1867 solidorum
1189 1846 1245 1876 pro
1269 1846 1358 1865 arma
1374 1835 1505 1871 moluta,
1530 1835 1612 1864 sicut
1630 1834 1778 1874 superius

991 1891 1040 1918 est
1064 1891 1242 1925 narratum,
1274 1897 1330 1916 seu
1363 1896 1419 1926 pro
1452 1886 1533 1916 salso
1562 1886 1702 1926 pondere
1729 1885 1778 1914 vel

990 1939 1071 1969 falsa
1094 1949 1244 1969 mensura
1268 1938 1412 1978 repertis.
1461 1937 1500 1967 Et
1524 1937 1675 1977 quociens
1701 1946 1777 1966 con-

990 2001 1126 2031 querens
1143 1991 1211 2021 vult
1228 1989 1395 2028 desistere,
1421 1999 1482 2019 nou
1500 1992 1629 2019 tenetur
1647 1988 1777 2018 domino

991 2042 1030 2072 ad
1055 2041 1232 2072 emendam.

1081 2104 1125 2133 12.
1156 2101 1237 2131 Item
1270 2100 1353 2142 quod
1391 2111 1502 2130 omnes
1536 2100 1717 2130 habitantes
1747 2099 1777 2129 in

991 2154 1120 2183 civitate
1146 2153 1305 2194 predicta,
1338 2153 1389 2192 qui
1417 2156 1549 2182 utuntur
1574 2151 1778 2181 libertatibus

990 2209 1020 2235 et
1057 2204 1151 2235 rebus
1191 2204 1413 2234 communibus
1451 2203 1590 2233 civitatis
1625 2202 1778 2243 predicte,

990 2260 1062 2286 sunt
1087 2259 1118 2286 et
1142 2265 1213 2286 esse
1237 2255 1355 2286 debent
1372 2255 1581 2296 porcionariih
1606 2257 1639 2284 ut
1663 2254 1716 2283 alii
1740 2253 1778 2283 dc

990 2307 1210 2345 missionibus,
1241 2317 1320 2347 quas
1345 2308 1431 2337 cives
1461 2306 1597 2337 ordinati
1622 2315 1677 2345 pro
1703 2305 1771 2334 unt

991 2359 1139 2390 versitate
1165 2358 1311 2400 predicta
1335 2358 1452 2388 facient
1476 2358 1506 2387 in
1531 2357 1680 2387 futurum.

1059 2420 1102 2448 13.
1134 2418 1214 2448 Item
1250 2417 1334 2458 quod
1365 2417 1626 2458 archiepiscopus
1660 2416 1773 2445 Bisun-

987 2471 1072 2500 tinus
1090 2480 1147 2500 nec
1165 2470 1256 2505 alius,
1275 2470 1326 2510 qui
1344 2470 1499 2499 iusticiam
1518 2468 1633 2498 habeat
1653 2468 1681 2496 in
1700 2467 1775 2496 civi-

987 2525 1052 2552 tate
1068 2521 1218 2562 prcdicta,
1234 2531 1295 2551 non
1316 2524 1449 2561 possunt
1466 2530 1524 2549 nec
1541 2519 1657 2549 debunt
1672 2519 1774 2548 vinum

839 2645 863 2675 R)
883 2649 957 2675 vaput
980 2648 1007 2668 11}
1028 2644 1299 2675 lton·fipiwlivturun·
1321 2642 1390 2673 [nfra
1409 2645 1464 2672 pus!
1484 2644 1558 2670 capul
1582 2643 1609 2662 IN
1630 2641 1765 2668 [ivilifffflp

992 2686 1015 2717 ¹¹)
1035 2687 1091 2710 uult
1110 2687 1229 2710 desistere
1248 2694 1327 2715 sulum
1347 2685 1392 2708 liu<
1394 2694 1430 2705 11111
1433 2693 1438 2705 ι
1459 2683 1518 2707 (ιιῖιί.
1536 2683 1565 2708 ,1,
1671 2687 1687 2706 ¹)
1709 2682 1764 2712 prin

1020 2803 1043 2822 K>
1064 2807 1089 2821 cs
1112 2798 1138 2821 [ι’.
1229 2796 1251 2820 ²¹)
1273 2798 1393 2828 peionnrii
1422 2796 1446 2819 ll.

1803 1329 1820 1342 [¹.
1839 1326 1867 1343 141.

1802 2112 1820 2123 e.
1837 2108 1863 2125 il.

1800 2432 1858 2447 ‹.1‘.'
