2259 3116
434 162 493 192 424
743 160 898 187 RUDOLFI
918 160 1021 187 REGIS
1041 160 1359 187 CONSTITUTIONES.
1398 161 1470 186 1290.
1508 160 1554 186 Nr.
1567 160 1626 186 438.
1639 160 1696 186 439.
1710 160 1767 187 440.

568 306 643 338 438.
669 307 934 338 SENTENTIA
959 307 1025 338 DE
1046 306 1343 338 DOMJNORUM
1362 306 1417 337 IN
1445 305 1700 338 VASSALLOS
1722 306 1935 339 ACTIONE.

1115 360 1207 389 1290.
1246 358 1328 397 Any.
1346 360 1394 388 17.

545 420 741 451 Coutzdimus
770 419 797 460 1)
822 422 849 450 et
874 420 905 460 2)
930 419 991 450 duo
1021 419 1216 458 autographa
1244 418 1397 449 tabularii
1420 417 1713 458 Dusseldorpiensis
1736 419 1975 459 ‘Jsilich-Bery’
2000 421 2070 457 104,

433 483 566 511 qnorum
593 471 697 511 siyt'lla
719 472 784 509 sort:
807 471 916 502 illaesa
938 471 1026 510 (opud
1052 474 1062 501 1
1087 471 1222 509 pendent
1246 470 1309 501 loro
1333 470 1573 507 membranaceo,
1607 471 1694 510 apud
1718 473 1735 501 2
1762 471 1827 510 filis
1854 471 1962 502 sericis
1983 472 2073 503 rubri

434 527 462 555 ct
487 524 596 554 viridis
619 523 738 554 coloris.
762 542 803 545 —
827 523 971 560 Bo'hmer,
998 523 1072 563 Rey.
1089 523 1163 562 imp.
1186 523 1238 560 VI,
1250 522 1343 553 2362.
1800 522 1854 562 (Ρ.
1876 524 1964 562 455.)

542 610 609 642 Nos
631 609 789 641 Rudolfus
806 609 869 641 Dei
893 610 1001 651 gracia
1018 609 1237 640 Romanorum
1262 619 1319 640 rex
1345 619 1474 650 semper
1498 612 1654 650 augustus
1679 619 1716 640 ac
1741 609 1964 641 universorum
1989 611 2070 641 sacri

435 662 571 693 Romani
594 662 721 704 imperii
744 661 886 693 fidelium
910 662 1063 693 noticiam
1095 662 1241 703 cupimus
1272 661 1459 703 pervenire,
1491 660 1575 702 quod
1601 671 1683 691 anno
1708 660 1838 692 Domini
1862 661 1945 692 MCC
1970 673 2071 693 nona—

435 715 573 755 gesimo,
604 714 695 746 XVI.
719 713 886 745 Kalendas
913 713 1129 755 Septembris,
1159 712 1332 744 indictione
1362 713 1479 750 tercia,
1511 713 1603 744 nobis
1627 713 1815 744 sedentibus
1839 724 1896 756 pro
1921 714 2072 746 tribunali

436 769 532 808 aput*
548 765 753 797 Erfordiamb
771 766 974 808 presentibus
993 766 1200 808 principibus,
1225 765 1408 803 comitibus,
1434 764 1605 803 nobilibus,
1629 765 1807 796 baronibus
1830 776 1953 797 necnon
1977 776 2073 808 quam

436 817 582 860 pluribus
614 817 801 860 proceribus
830 818 921 859 regni
945 818 1045 848 nostri
1075 818 1211 859 petitum
1241 817 1299 848 fuit
1327 817 1359 847 in
1387 816 1502 847 iudicio
1533 827 1639 847 coram
1664 817 1756 848 nobis
1780 821 1813 848 et
1837 817 2073 849 sententialiter

436 869 578 900 diffiniri:
605 870 631 900 si
655 869 801 900 dominus
826 870 941 911 aliquis
966 869 1086 900 habeat
1110 869 1282 907 vasallum,
1309 869 1361 910 qui
1386 868 1591 910 attemptavit
1619 869 1739 910 aliquid
1774 873 1885 900 contra
1909 869 2072 900 dominum

437 924 469 952 et
504 924 615 952 contra
649 932 743 963 quem
779 921 926 952 dominus
964 921 1063 952 habet
1092 921 1252 952 actionem
1287 924 1319 951 et
1348 921 1395 951 ius
1423 920 1541 961 agendi
1569 921 1600 951 in
1630 920 1761 960 iudicio,
1797 921 1935 963 qualiter
1962 925 2073 953 contra

436 973 595 1004 vasallum
612 973 741 1004 domino
759 976 975 1004 succurratur.
1057 972 1099 1003 Et
1116 973 1224 1004 extitit
1242 983 1299 1014 per
1315 973 1509 1003 sententiam
1527 982 1687 1004 consensu
1703 973 1893 1014 principum,
1910 973 2072 1013 comitum,

437 1025 591 1056 nobilium
615 1025 827 1066 approbatam
844 1025 990 1066 legitime
1008 1025 1190 1056 diffinitum:
1217 1024 1301 1066 quod
1325 1025 1394 1066 ipse
1410 1024 1558 1055 dominus
1584 1035 1675 1056 suum
1692 1025 1848 1055 vasallum
1866 1025 2073 1066 presentibus

438 1077 508 1107 aliis
532 1077 663 1108 vasallis
691 1087 796 1108 eoram
822 1087 856 1108 se
880 1076 920 1107 ad
945 1077 1097 1107 iudicium
1126 1077 1245 1119 poterit
1278 1086 1414 1107 evocare
1445 1080 1478 1107 et
1508 1087 1700 1118 cognoscere
1724 1077 1841 1118 poterit
1869 1079 1900 1108 et
1931 1076 2072 1108 iudicare

438 1139 494 1170 pro
519 1129 570 1159 vel
595 1132 709 1159 contra
735 1129 838 1170 ipsum
856 1129 1023 1168 vasallum,
1046 1133 1140 1170 prout
1163 1129 1305 1170 ipsorum
1322 1127 1492 1159 dictaverit
1509 1128 1669 1160 sententia
1686 1128 1889 1159 vasallorum.
1956 1128 2072 1160 Testes

438 1184 546 1212 autem
578 1180 653 1211 huic
687 1181 846 1211 sententie
875 1184 1042 1222 presentes
1071 1180 1219 1211 aderant:
1249 1180 1408 1211 illustres⁰
1433 1179 1498 1211 dux
1530 1179 1688 1220 Saxonic,
1720 1179 1785 1210 dux
1816 1179 2072 1211 Brunswicensis

438 1232 600 1274 principes
625 1233 735 1272 nostri,
760 1232 903 1263 nobilesc
927 1232 1159 1273 burcgraviusd
1183 1231 1223 1263 de
1242 1231 1463 1273 Nfirenbe1·g⁹,
1490 1242 1597 1263 comes
1614 1231 1822 1263 Eberhardus
1847 1231 1886 1263 de
1911 1231 2071 1263 Catzenn-

438 1283 655 1324 ellenbogenf,
681 1283 836 1314 Gerlacus
860 1283 899 1315 de
923 1283 1119 1325 Brubercgss,
1145 1283 1199 1314 C.¹²
1224 1283 1262 1314 de
1280 1282 1476 1324 Winsbercg
1499 1286 1530 1313 et
1554 1293 1649 1324 quam
1674 1283 1781 1325 plures
1810 1284 1862 1314 alii
1887 1284 2010 1315 nobiles
2042 1286 2073 1315 et

438 1334 585 1367 barones.
674 1335 710 1366 In
735 1335 824 1366 cuius
848 1335 894 1366 rei
919 1336 1138 1366 testimonium
1168 1335 1250 1366 hanc
1280 1335 1430 1376 paginam
1460 1335 1617 1366 conscribi
1652 1339 1685 1366 et
1715 1335 1814 1366 nostri
1844 1336 1941 1377 sigilli
1969 1335 2072 1366 muni-

438 1387 524 1418 mine
548 1387 696 1418 fecimusi
720 1387 874 1418 roborari.

544 1438 663 1469 Datum
688 1438 868 1477 Erfordiek,
892 1450 986 1474 anno,
1011 1439 1073 1477 die,
1098 1439 1271 1470 indictione
1296 1439 1471 1481 premissis,
1498 1438 1587 1479 regni
1606 1449 1680 1470 vero
1705 1439 1803 1470 nostri
1828 1449 1912 1470 anno
1936 1439 2071 1481 septimo

439 1489 574 1521 decimo.

688 1592 764 1624 439.
788 1592 1088 1624 DECLARATIO
1110 1592 1177 1624 DE
1198 1593 1357 1625 REGNO
1386 1593 1640 1626 UNGARIAE.
1679 1594 1760 1633 Any.
1778 1596 1828 1624 31.

550 1653 659 1684 Denuo
683 1653 871 1684 rotzlulimus
894 1653 1119 1694 antoyraphon,
1143 1654 1225 1693 quod
1241 1657 1422 1685 asservatur
1445 1655 1479 1685 in
1496 1654 1653 1685 tabulario
1677 1654 1913 1685 Vindobonmsi.
1960 1653 2073 1685 Pendet

440 1705 576 1744 siyillezm
603 1707 668 1743 scre
697 1705 837 1736 illaesum
860 1705 924 1744 filis
951 1705 1059 1735 sericis
1081 1705 1158 1744 slavi
1180 1706 1325 1745 rubeique
1349 1706 1467 1737 coloris.
1493 1725 1533 1728 —
1557 1706 1700 1743 Biihmcr,
1726 1706 1801 1746 Regl.
1821 1706 1893 1745 imp.
1914 1706 1965 1743 VI,
1981 1708 2073 1737 2366.

1805 1757 1857 1797 (P.
1882 1759 1970 1798 455.)

547 1817 706 1848 Rudolfus
734 1818 796 1849 Dei
825 1818 934 1859 gracia
964 1817 1187 1849 Romanorum
1216 1829 1274 1849 rex
1304 1829 1432 1861 semper
1461 1822 1617 1859 augustus
1647 1819 1804 1850 universis
1834 1818 1916 1849 sacri
1939 1817 2072 1849 Romani

442 1870 566 1912 imperii
590 1869 738 1901 fidelibus
763 1870 903 1911 graciam
929 1880 1018 1901 suam
1044 1873 1076 1901 et
1100 1880 1193 1901 omne
1218 1870 1347 1901 bonum.

549 1930 600 1960 Ad
635 1930 855 1961 universitatis
890 1935 995 1962 vestre
1032 1931 1181 1961 noticiam
1212 1931 1357 1961 volumus
1392 1931 1577 1972 pervenire,
1610 1930 1693 1972 quod
1728 1930 1887 1972 quondam
1923 1932 2073 1972 regnante

441 1982 556 2012 illustri
580 1981 742 2012 Friderico
767 1982 960 2023 imperatore
986 1982 1203 2013 Romanorum
1229 1982 1313 2013 clare
1338 1983 1504 2020 memorie,
1529 1982 1623 2014 nobis
1648 1986 1679 2012 et
1704 1993 1798 2023 quam
1822 1982 1965 2023 pluribus
1988 1981 2071 2023 prin-

443 2034 581 2075 cipibus,
611 2033 798 2072 baronibus,
823 2034 984 2065 nobilibus
1010 2035 1254 2075 presencialiter
1278 2035 1472 2071 constitutis,
1497 2045 1554 2065 rex
1579 2034 1720 2075 Ungarie
1750 2034 1802 2075 qui
1831 2038 1905 2065 tunc
1932 2034 1992 2064 fuit
2017 2043 2071 2074 pro

442 2088 586 2126 tempore
616 2095 748 2125 regnum
779 2096 870 2116 suum
899 2097 917 2117 a
946 2085 1030 2117 dicto
1059 2086 1253 2127 imperatore
1282 2086 1446 2117 Friderico
1477 2086 1603 2127 accepit
1631 2086 1671 2117 ab
1701 2097 1738 2117 eo
1768 2089 1800 2116 et
1827 2085 1958 2127 imperio
1982 2084 2072 2115 titulo

442 2136 526 2167 feodi
555 2136 790 2177 possidendum.
841 2137 912 2168 Hoc
942 2148 997 2167 nos
1026 2137 1203 2177 audivisse,
1241 2137 1356 2168 vidisse
1390 2141 1422 2169 et
1457 2141 1628 2179 presentes
1658 2137 1843 2168 interfuisse
1871 2135 2072 2179 presentibus

443 2190 667 2229 protestamur.
718 2188 755 2219 In
784 2189 874 2219 cuius
904 2189 949 2219 rei
978 2189 1196 2220 testimonium
1226 2189 1309 2220 hanc
1338 2190 1489 2231 paginam
1517 2189 1674 2220 conscribi
1704 2192 1736 2220 et
1763 2192 1872 2220 nostre
1899 2186 2071 2220 maiestatis

444 2239 547 2280 sigillo
574 2240 724 2270 iussimus
749 2239 902 2271 roborari.

549 2299 669 2330 Datum
694 2299 852 2339 Erfordic,
877 2300 978 2341 pridie
1004 2300 1170 2331 Kalendas
1196 2300 1406 2342 Septembris,
1432 2311 1515 2332 anno
1539 2300 1667 2332 Domini
1692 2299 1952 2339 MCCLXXXX,
1975 2298 2070 2330 indic-

444 2351 529 2381 tione
556 2351 664 2386 tcrcia,
689 2352 777 2392 regni
803 2362 875 2382 vcro
900 2352 998 2382 nostri
1023 2362 1105 2382 anno
1131 2352 1268 2393 septimo
1292 2352 1426 2383 decimo.

744 2495 818 2528 440.
844 2497 961 2527 INFE
967 2497 1059 2529 UDA
1066 2498 1112 2528 TI
1117 2498 1142 2527 O
1169 2498 1314 2529 HEGM
1343 2498 1467 2530 UNGA
1477 2499 1597 2531 HIAE.
1632 2499 1713 2539 Any.
1730 2501 1782 2530 31.

2110 534 2120 552 5

2100 833 2123 851 10

2101 1091 2123 1110 15

2100 1667 2122 1686 25

2098 1938 2122 1957 30

2097 2195 2119 2214 ³⁵

552 2557 626 2586 Jlrm
645 2557 833 2587 ‹ontulinnzs
851 2557 1067 2596 autom-aphau.
1083 2558 1216 2588 Μηκώνῃ
1235 2558 1394 2588 tabularii.
1435 2559 1551 2589 Pendet
1566 2558 1702 2598 sifflllztm
1720 2559 1861 2590 illaesum
1884 2557 1946 2596 silis
1967 2555 2070 2588 scricis
2094 2567 2116 2585 ιο

444 2608 578 2638 cius-dvm
596 2607 713 2638 coloris.
743 2609 792 2648 (ff.
813 2608 899 2649 insm
917 2620 964 2640 ην.
978 2610 1040 2639 453
1056 2612 1083 2640 et
1100 2612 1170 2641 155.
1192 2630 1228 2632 —
1255 2610 1397 2647 Bsilmwr,
1415 2611 1488 2651 Ιίιῃ.
1508 2612 1578 2651 imp.
1600 2612 1760 2649 VL2367.
1807 2611 1859 2651 (P.
1884 2611 1969 2647 455.)

546 2720 610 2746 43⁸.
630 2724 652 2752 ἢ)
671 2722 738 2753 apud
756 2722 780 2745 ⁴2.
879 2721 903 2749 ¹³)
923 2722 1055 2746 Ersordam
1074 2722 1097 2746 ⁸2.
1195 2724 1217 2754 ι·)
1238 2744 1243 2748 .
1258 2743 1263 2747 .
1284 2724 1344 2748 add.
1365 2724 1387 2748 2.
1489 2723 1513 2755 d)
1533 2725 1686 2757 burgravius
1705 2724 1728 2749 2.
1826 2724 1848 2756 ⁰)
1869 2723 2029 2754 Noureuberg
2045 2719 2068 2745 2.

445 2763 463 2794 f)
483 2765 726 2797 ('alteru-llenbogeu
746 2765 769 2789 2.
858 2769 882 2795 Β]
903 2766 1031 2790 Brubervh
1051 2767 1074 2790 23.
1162 2766 1186 2793 ΙΙ)
1206 2772 1380 2792 strennuus
1400 2786 1425 2792 ..
1445 2768 1467 2792 2.
1556 2766 1572 2799 i)
1593 2768 1742 2793 iussimus
1761 2767 1784 2792 2.
1871 2765 1895 2798 k)
1916 2764 2027 2791 Erfurdie
2045 2761 2068 2788 2.
