2259 3116
451 108 507 135 160
750 103 905 129 RUDOLFI
927 103 1030 129 REGIS
1050 103 1371 129 CONSTITUTIONES.
1410 102 1482 128 1278.
1520 102 1782 128 N1·.172.173.174.

446 196 522 222 nato
540 194 646 222 nostro
665 202 721 233 pro
739 190 813 221 dote
838 200 895 221 seu
919 190 1068 221 dotalicio
1085 190 1276 232 assignabit,
1300 201 1359 232 per
1382 190 1460 221 duos
1478 189 1653 220 industrios
1671 189 1767 229 viros,
1792 199 1926 230 quorum
1950 190 2085 220 alterum

445 243 530 274 idem
556 254 612 274 rex
638 243 755 283 Anglie
787 246 819 273 et
848 253 903 273 nos
933 242 1030 273 alium
1060 243 1237 283 eligemus,
1272 243 1303 272 in
1338 252 1539 273 communem
1574 241 1748 271 utilitatem
1781 241 1925 272 converti
1956 241 2085 272 valeant

445 295 623 336 utriusque.
675 294 769 325 Unde
802 294 915 326 damus
947 294 1003 325 has
1043 297 1169 325 nostras
1198 294 1322 325 litteras
1358 297 1466 325 nostro
1498 293 1604 335 sigillo
1634 293 1774 324 munitas
1804 293 1835 323 in
1865 293 2085 324 testimonium

445 357 542 388 super
565 357 614 378 eo.

552 397 627 429 Dat.
652 397 804 437 Wienne,
828 396 907 430 IIII.
931 397 1014 429 Non.
1040 397 1127 435 Maii,
1152 397 1242 438 regni
1266 397 1366 428 nostri
1390 407 1474 428 anno
1499 396 1618 438 quinto.

559 542 633 574 173.
658 542 897 574 LITTERAE
912 521 1060 573 *REGIS
1083 541 1318 573 EDWARDI
1336 541 1403 572 AI)
1426 541 1770 574 HARTMANNUM
1792 542 1972 574 MISSAE.

1135 595 1228 625 1276.
1274 594 1352 626 Nov.
1369 595 1399 626 8.

551 657 605 687 Et·
629 655 746 687 Rotzclo
768 656 891 696 siqnato
914 654 1029 695 ‘Royal
1052 654 1181 686 Letters’
1206 656 1288 684 1641
1312 665 1360 685 ην.
1378 656 1406 685 1.
1453 654 1624 693 Hucusque
1646 654 1784 685 ineditae
1805 656 1890 686 sunt.

1796 705 1848 746 (P.
1873 706 1980 746 deest.)

551 777 622 809 Rex
654 777 752 808 nobili
785 776 954 807 domicello
986 779 1018 806 et
1049 776 1108 806 sibi
1139 774 1311 806 admodum
1343 774 1519 816 predilecto
1549 774 1752 806 Hartmanno
1776 775 1816 806 R.
1841 775 1974 806 illustris
2000 776 2084 817 regis

459 831 665 861 {omanorum
691 840 820 871 semper
845 828 972 869 augusti
998 831 1072 858 nato
1091 828 1228 858 salutem
1254 838 1325 858 cum
1346 827 1471 857 sincere
1490 826 1673 857 dilectionis
1692 827 1851 857 continuis
1869 827 2086 860 incrementis

555 881 756 923 Significavit
773 880 864 911 nobis
889 891 947 910 rex
964 882 1057 921 pater
1074 882 1184 909 vester
1207 881 1272 909 tam
1298 889 1357 919 per
1381 878 1505 909 litteras
1530 888 1625 920 quam
1643 889 1700 920 per
1718 879 1905 920 magistrum
1923 878 2087 910 Andream

444 935 483 965 de
509 933 710 974 Alem(ania)
735 933 887 963 nuncium
915 942 1027 967 suum,
1060 931 1143 972 quod
1168 931 1237 972 ipse
1263 930 1303 961 ad
1326 941 1384 961 nos
1414 930 1444 960 in
1469 930 1616 971 partibus
1641 930 1830 971 Anglicanis
1856 940 1912 961 vos
1936 941 1992 972 pro
2016 931 2084 972 qui-

444 986 578 1017 busdam
603 985 749 1026 negociis
773 996 831 1015 vos
856 984 1068 1025 tangentibus
1093 983 1281 1014 transmittit
1306 983 1367 1013 hiis
1392 982 1516 1014 diebus.
1562 982 1700 1023 Propter
1724 981 1808 1023 quod
1833 993 1890 1013 nos
1916 983 2084 1024 negocium

443 1038 520 1068 illud
546 1038 603 1068 sub
628 1038 682 1068 illo
708 1048 770 1078 quo
798 1036 891 1067 decet
915 1036 1035 1066 honore
1060 1035 1129 1066 fieri
1155 1038 1186 1065 et
1210 1034 1333 1076 expleri
1353 1034 1506 1072 volentes,
1530 1034 1654 1065 litteras
1673 1033 1792 1065 domini
1815 1033 1900 1075 regis
1918 1033 2084 1076 Franc(ie)

443 1090 482 1121 (lc
514 1089 686 1127 conductu,
721 1099 778 1130 pro
815 1088 930 1130 quibus
962 1087 1099 1118 eundem
1135 1086 1240 1117 dictus
1275 1086 1402 1127 genitor
1434 1089 1542 1116 vester
1573 1088 1604 1116 et
1635 1096 1692 1116 nos
1721 1086 1905 1127 rogavimus
1937 1085 1977 1116 ad
2005 1096 2084 1127 opus

444 1145 584 1172 vestrum
610 1145 641 1172 et
666 1152 744 1182 quas
768 1151 869 1182 nuper
898 1140 1094 1181 recepimus,
1124 1138 1215 1169 vobis
1246 1148 1305 1179 per
1334 1138 1537 1179 presencium
1564 1137 1780 1168 exhibitorem
1805 1136 1955 1168 duximus
1980 1142 2083 1169 trans-

443 1192 625 1229 mittendas,
650 1192 902 1233 generositatem
928 1194 1067 1222 vestram
1093 1190 1279 1232 specialiter
1302 1189 1513 1231 postulantes,
1538 1193 1573 1220 nt
1597 1200 1694 1231 super
1717 1189 1857 1220 adventu
1880 1192 1987 1220 vestro
2010 1200 2083 1221 nee-

445 1256 507 1275 non
539 1248 571 1275 et
598 1248 745 1285 tempore
777 1254 833 1274 nos
865 1254 922 1285 per
948 1242 1086 1274 eundem
1118 1241 1253 1273 reddere
1282 1241 1388 1272 velitis
1420 1241 1592 1279 certiores,
1622 1244 1657 1272 ut
1686 1240 1804 1272 exinde
1834 1241 2007 1283 premuniti
2030 1241 2081 1273 die

445 1300 533 1327 certo
558 1296 643 1337 apud
669 1295 847 1326 Wlucsand
873 1298 983 1325 contra
1008 1305 1065 1325 vos
1091 1294 1215 1335 aliquos
1240 1293 1280 1324 de
1305 1293 1424 1324 nostris
1455 1293 1581 1324 mittere
1613 1293 1792 1331 valeamus,
1824 1293 1877 1334 qui
1903 1293 1993 1324 vobis
2022 1293 2081 1324 ibi-

444 1348 517 1379 dem
543 1351 712 1379 oceurrant
736 1351 767 1379 et
796 1348 887 1378 vobis
912 1347 942 1377 in
967 1346 1128 1377 veniendo
1162 1345 1202 1376 ad
1227 1356 1285 1376 nos
1317 1344 1538 1376 honorabilem
1569 1347 1601 1376 et
1630 1344 1799 1376 decentem
1830 1345 1937 1376 facere
1962 1346 2085 1387 possint

445 1400 637 1430 comitivam.

551 1451 624 1482 Dat.
650 1451 733 1492 apud
759 1450 1129 1491 WVestm(onasterium),
1154 1449 1249 1480 VIII.
1275 1449 1325 1480 die
1350 1448 1441 1488 Nov„
1467 1460 1551 1480 anno
1576 1449 1668 1490 regni
1691 1449 1793 1480 nostri
1817 1452 1918 1481 sexto.

468 1597 542 1628 174.
567 1597 806 1628 LITTERAE
827 1597 1047 1629 EIUSDEM
1070 1596 1136 1627 AD
1159 1595 1547 1627 PROGNRATOREM
1571 1595 1751 1627 MISSAE.
1799 1596 1891 1627 12WS,
1937 1596 2014 1627 Nov.
2033 1598 2060 1627 S.

554 1658 607 1687 Ea·
630 1658 730 1688 eodem
756 1657 870 1688 Ratulo
893 1668 942 1688 ur.
959 1660 989 1689 2.).
1035 1657 1204 1687 Praeterea
1228 1657 1438 1695 ¹z'nssrossalum
1467 1656 1614 1687 brevioris
1637 1657 1757 1694 formae
1780 1658 1808 1687 ct
1831 1656 1992 1687 nonnullis
2012 1655 2085 1687 locis

444 1710 613 1743 variatum,
638 1709 720 1748 qnod
744 1708 855 1748 ‘Ii'osml
871 1709 1001 1739 Imz‘ters’
1028 1709 1110 1738 1118
1132 1710 1314 1738 asservatur
1328 1709 1346 1744 ¹,
1370 1707 1507 1746 ἰηιῖῃαυίί
1530 1708 1646 1748 Rymer
1670 1707 1828 1738 ‘Foedera'
1852 1708 1897 1738 ed.
1925 1708 2037 1739 Clarke
2058 1709 2087 1738 et

445 1761 618 1792 Ilolhroolm
647 1761 725 1790 1⁸10·
751 1760 777 1797 I,
794 1763 815 1791 2
832 1772 865 1800 J).
885 1762 957 1792 563.
1795 1759 1847 1799 (P.
1872 1760 1979 1797 deest.)

556 1847 626 1878 Rex
651 1846 826 1877 venerabili
851 1846 881 1876 in
907 1846 1034 1877 Christo
1064 1846 1145 1887 patri
1171 1845 1209 1876 G.
1235 1845 1346 1876 eadem
1378 1846 1482 1887 gratia
1511 1845 1746 1887 V01-dun(ensi)
1772 1846 1923 1887 episcopo
1949 1846 2085 1877 salutem

446 1903 479 1930 et
504 1900 628 1929 sincere
655 1898 836 1929 dilectionis
861 1909 990 1940 semper
1014 1901 1234 1939 augmentum.

556 1950 605 1980 Ex
631 1951 777 1989 victoria,
807 1961 901 1991 quam
927 1951 1043 1981 illustri
1068 1950 1135 1991 regi
1160 1950 1378 1980 Romanorum
1404 1950 1442 1981 de
1468 1950 1533 1981 suis
1557 1950 1818 1985 adversantibus.
1844 1953 1939 1992 prout
1962 1949 2083 1980 littera-

448 2013 515 2033 rum
542 2005 720 2033 vestrarum
747 2002 840 2033 nobis
866 2002 1059 2033 directarum
1084 2006 1177 2032 tenor
1201 2001 1346 2037 edocuit,
1378 2013 1492 2032 manus
1517 2002 1676 2033 Altissimi
1708 2001 1857 2032 divinitus
1887 2004 1935 2032 est
1959 2001 2083 2042 largita,

450 2054 540 2083 nobis
566 2064 649 2084 nova
679 2053 815 2094 quedam
850 2055 951 2085 crevit
980 2053 1185 2084 iocunditatis
1215 2054 1351 2084 materia
1381 2056 1413 2084 et
1443 2054 1701 2087 considerantes,
1737 2052 1818 2094 quod
1851 2056 1976 2084 nosmet
1998 2053 2083 2094 ipsos

450 2106 531 2135 sicut
558 2116 629 2135 eum
656 2106 684 2135 in
718 2106 899 2136 huiusmodi
931 2106 1109 2146 triumpho,
1140 2116 1234 2146 quem
1260 2104 1500 2146 Omnipotentis
1532 2106 1632 2136 virtus
1661 2105 1767 2147 potius
1798 2115 1894 2146 quam
1923 2104 2082 2135 hominum

447 2160 580 2198 operata
605 2160 664 2195 est,
689 2157 846 2187 Dominus
872 2157 1001 2187 visitare
1027 2157 1230 2197 dignabatur„
1256 2157 1458 2187 laudavimus
1484 2157 1686 2188 Altissimuin
1717 2161 1749 2188 et
1773 2167 1896 2188 summo
1920 2156 2082 2197 Redemp-

446 2209 506 2239 tori
533 2212 654 2249 quanta
678 2209 840 2249 potuimus
867 2209 1035 2239 retulimus
1061 2219 1194 2239 munera
1218 2209 1404 2249 gratiarum.
1452 2208 1602 2240 Ceterum
1627 2218 1723 2250 super
1746 2219 1798 2247 eo,
1823 2208 1906 2250 quod
1929 2207 2021 2239 nobis
2044 2206 2082 2238 de

446 2260 602 2290 mittendo
635 2261 767 2291 nuncios
794 2264 920 2290 nostros
945 2260 983 2290 ad
1009 2260 1187 2301 predictum
1213 2270 1320 2301 regem
1345 2260 1384 2290 ad
1409 2264 1518 2301 partes
1542 2261 1675 2292 Boemie
1701 2264 1732 2291 et
1756 2260 1795 2291 de
1821 2259 1988 2290 scribendo
2011 2269 2082 2301 pre-

446 2312 509 2341 fato
529 2312 595 2351 regi
621 2311 660 2341 (le
680 2311 861 2342 huiusmodi
881 2312 1012 2342 victorio
1038 2312 1156 2345 leticia,
1182 2322 1277 2352 quam
1302 2312 1332 2341 in
1358 2312 1464 2342 animo
1480 2312 1686 2353 gerebamuS,
1711 2314 1743 2342 et
1766 2314 1800 2342 ut
1824 2311 1863 2342 dc
1889 2314 1973 2342 statu
1998 2310 2081 2341 eius-

446 2363 516 2393 ‹lcm
543 2363 628 2403 regis
647 2363 904 2395 certioraremur.
931 2367 1037 2393 vestra
1054 2363 1214 2393 consuluit
1231 2363 1408 2404 paternitas
1425 2363 1613 2401 reverenda,
1640 2364 1721 2394 scire.
1747 2374 1802 2394 vos
1828 2363 1974 2393 volumus
1999 2360 2082 2403 quod

447 2415 475 2445 in
503 2415 692 2455 recopcionc
719 2414 874 2445 (liciarum
901 2416 1078 2445 litterarum
1105 2418 1282 2445 vestrarum
1309 2414 1389 2445 adeo
1415 2415 1453 2445 do
1479 2415 1613 2446 victoria
1636 2415 1692 2445 illa
1715 2415 1818 2445 tocius
1843 2414 1952 2456 populi
1976 2423 2083 2444 rumor

447 2470 478 2496 ct
508 2466 627 2497 elamor
658 2466 805 2499 invaluit.
839 2466 921 2507 quod
953 2470 1027 2496 tnnc
1052 2466 1269 2497 necessarium
1294 2477 1356 2496 non
1387 2467 1569 2497 censuimus
1595 2467 1728 2497 nuncios
1752 2466 1791 2497 ad
1815 2469 1923 2507 partes
1948 2465 2018 2496 illas
2042 2474 2082 2495 ex

447 2518 505 2547 hac
531 2529 629 2548 causa
653 2517 824 2548 destinare.
872 2518 1044 2558 Negotium
1071 2517 1246 2558 siquidem„
1282 2517 1365 2558 quod
1397 2517 1511 2549 ducem
1542 2518 1731 2557 Brabantie,
1756 2522 1850 2560 prout
1874 2517 1977 2554 scitis,
2006 2526 2080 2547 con-

447 2569 596 2609 tingebat
621 2573 652 2599 ct
677 2580 773 2610 super
797 2580 857 2609 quo
883 2569 974 2599 nobis
999 2569 1206 2609 significastis
1231 2574 1373 2599 vestrum
1399 2570 1565 2601 consilium
1589 2574 1620 2601 et
1644 2570 1859 2606 voluntatem,
1885 2578 1988 2610 nuper
2011 2577 2081 2598 cum

449 2621 479 2651 in
505 2621 673 2662 presencia
691 2624 797 2651 nostra
824 2622 937 2655 suerat.
963 2622 1171 2652 tractavinms
1197 2631 1268 2651 cnm
1288 2621 1401 2651 eodem
1427 2625 1457 2652 ct
1475 2622 1582 2652 taliter
1606 2621 1682 2652 illud
1707 2620 1873 2652 tractando
1891 2619 2081 2652 deduximus

551 2718 573 2744 ll
595 2717 635 2750 (Υ.
654 2717 729 2741 ctiam
750 2715 855 2748 llrrmpc
875 2715 972 2741 ‘was
992 2715 1096 2741 Archiv·
1119 2714 1218 2746 XXII,
1234 2719 1280 2740 ’.ἰῖΙί
1300 2724 1324 2742 ιι.
1342 2720 1356 2741 2
1376 2719 1396 2741 c!
1419 2715 1531 2750 Ireyasm
1552 2716 1654 2751 imperii
1679 2715 1724 2743 VI.
1743 2718 1808 2742 1033.

2114 790 2136 808 10

2113 1048 2134 1066 15

2110 1301 2135 1320 20

2110 1669 2133 1688 25

2111 1962 2134 1980 :⁵0

2109 2215 2132 2233 ³5

2108 2471 2131 2489 ⁴0
