2259 3116
428 140 488 169 4113
766 134 922 161 RUDOLFI
943 134 1046 161 REGIS
1065 132 1383 161 CONSTITUTIONES.
1421 133 1494 159 1290.
1530 131 1648 159 N1·.425.
1662 133 1718 159 426.

429 227 535 256 mente
568 223 767 265 disponimus
796 224 828 253 et
856 222 922 264 iugi
950 222 1162 253 meditacione
1193 221 1358 252 revolvere
1388 230 1452 250 non
1485 230 1667 258 cessamus⁷
1703 220 1841 261 qualiter
1869 230 1888 250 a
1911 230 2060 261 supremo

429 287 504 318 rege
529 286 640 317 regum
673 275 705 305 in
729 274 908 305 maiestatis
934 274 1013 304 solio
1039 273 1204 304 constituti
1234 273 1266 303 in
1296 272 1531 303 iustam-acione
1555 271 1643 313 pacis
1673 274 1704 302 et
1733 271 1973 313 tranquillitatis
1997 272 2059 303 rei-

429 329 557 370 publice
582 327 678 358 officii
708 327 809 357 nostri
839 326 981 357 debitum
1010 336 1209 367 exequamur
1237 328 1268 355 et
1298 334 1449 366 opressos
1478 324 1709 365 tirampnorum
1737 323 1929 365 tirampnide
1954 326 2061 355 nostre

428 380 576 411 tuicionis
599 378 738 420 presidio
762 378 972 408 consolemur.
1019 377 1201 419 Eapropter
1225 376 1264 407 ad
1292 376 1514 407 universorum
1543 375 1695 406 noticiam
1720 377 1831 407 tenore
1857 375 2059 417 presencium

428 432 577 462 volumus
604 430 788 472 pervenire,
819 429 903 471 quod
934 440 991 460 nos
1019 429 1224 459 honorabiles
1252 431 1285 458 et
1313 427 1480 468 religiosos
1509 427 1595 457 viros
1623 426 1774 458 abbatem
1804 430 1836 458 et
1871 431 2062 459 conventum

429 483 468 515 de
486 482 693 513 Walkenriht
722 484 754 512 et
776 481 1001 512 nichilominus
1032 481 1167 512 abbates
1198 483 1229 511 et
1260 482 1437 511 conventus
1468 480 1735 510 monasteriorum
1766 480 1813 511 eis
1843 480 2062 520 attinencium‚

430 535 581 566 videlicet
604 533 643 564 de
665 533 878 569 Volkolrode,
914 533 953 564 de
979 533 1073 564 Valle
1101 532 1247 573 Georgii,
1283 531 1321 562 dc
1354 531 1468 570 Porta,
1502 530 1541 562 de
1573 530 1755 562 Rifenstein
1784 535 1815 562 et
1844 531 1883 563 de
1914 531 2061 563 Sicheme

431 586 678 618 Cisterciensisb
704 585 833 624 ordinist
860 584 993 615 dilectos
1019 574 1152 615 devotos
1178 587 1313 621 nostros⁷
1338 593 1472 625 quorum
1489 583 1621 624 insignis
1640 583 1704 613 vite
1729 583 1841 625 religio
1867 583 1961 615 velud
1985 584 2063 615 odor

431 640 498 680 agri
516 639 611 681 pleni,
630 638 679 668 cui
696 637 853 668 Dominus
871 637 1069 673 benedixitl,
1093 636 1261 667 suavitatis
1279 636 1515 666 oblectamento
1533 645 1592 665 nos
1609 634 1722 673 reficit,
1741 645 1811 666 cum
1828 633 2063 678 at[t]inentibus

432 692 496 722 suis
519 691 612 722 bonis
642 693 673 721 et
696 689 880 721 hominibus
915 689 972 720 sub
1005 689 1118 720 umbra
1152 691 1258 718 nostre
1294 687 1500 729 protectionis
1534 687 1694 728 respirare
1726 686 1884 726 volentes,
1919 687 2062 729 presenti

432 743 515 773 serie
538 742 696 773 universis
721 741 915 783 precipimus
940 744 972 771 et
1002 740 1135 771 firmiter
1163 739 1361 777 inhibemus,
1392 749 1432 770 ne
1465 739 1535 780 quis
1565 749 1703 780 persona
1736 739 1963 780 cuiuscumque
1987 749 2064 770 con-

433 794 566 825 dicionis
590 794 720 825 racione
745 793 1007 826 contribucionis,
1040 802 1134 833 quam
1166 802 1262 832 super
1285 791 1490 821 institucione
1520 791 1607 832 pacis
1638 801 1696 832 per
1727 800 1783 821 nos
1807 790 1955 821 Erfordie
1980 801 2064 822 nunc

433 847 590 877 sanetita2
614 846 675 887 ipsi
698 845 840 887 religiosi
865 848 1016 886 tanquam
1035 844 1091 874 viri
1115 843 1282 874 inbecilles
1307 846 1420 884 pacate
1445 842 1640 884 quietudinis
1666 841 1862 872 commodum
1887 842 2064 883 gestientes

434 898 619 937 exsolvunt,
651 898 695 928 ita
724 896 807 938 quod
832 897 920 927 nulla
947 897 987 927 ab
1018 896 1063 926 eis
1094 898 1149 926 aut
1173 895 1265 926 bonis
1297 898 1351 925 aut
1379 895 1419 925 ab
1451 895 1631 925 hominibus
1660 904 1769 925 eorum
1795 894 1990 925 contribucio
2015 894 2065 926 vel

434 949 560 981 exactio
586 950 635 979 vel
665 949 797 980 alterius
822 949 946 979 servicii
971 958 1072 989 genus
1097 947 1274 977 indebitum
1300 947 1495 988 requiratur,
1528 946 1614 987 ipsos
1646 946 1677 976 in
1702 945 1844 976 futurum
1868 945 2066 977 huiusmodi⁰

434 1001 542 1032 trahat
570 1001 610 1031 ad
640 1001 924 1041 consequenciam,
957 999 1013 1031 sed
1043 999 1275 1036 immunitates7
1308 998 1536 1039 exempciones
1567 1001 1599 1029 et
1628 997 1796 1028 liberta-tes
1823 997 1936 1038 quibus
1967 997 2066 1028 dotati

435 1056 509 1084 sunt
535 1052 722 1083 mandamus
746 1052 974 1083 inviolabiliter
997 1050 1172 1082 observari.
1218 1050 1356 1091 Insuper
1378 1050 1574 1091 precipimus
1607 1052 1638 1080 et
1662 1049 1823 1087 volumus,
1853 1049 1937 1090 quod
1961 1049 2065 1079 nullus

435 1105 568 1135 collecta
597 1103 800 1134 multitudine
832 1114 866 1134 se
891 1103 1025 1145 recipiat
1054 1103 1084 1132 in
1115 1103 1254 1143 ipsorum
1282 1101 1424 1142 grangiis
1450 1102 1500 1132 vel
1533 1102 1564 1132 in
1594 1101 1757 1137 claustris,
1791 1111 1850 1132 nec
1874 1101 2018 1131 volumus
2047 1111 2066 1131 a

436 1167 637 1198 quocumque
662 1155 789 1197 aliquod
819 1155 857 1186 ab
882 1156 926 1185 eis
950 1156 981 1185 in
1007 1155 1109 1196 volgis
1134 1153 1384 1184 contribucionis
1408 1154 1461 1184 vel
1485 1153 1617 1184 alterius
1642 1152 1767 1184 servicii
1792 1152 1936 1184 debitum
1960 1155 2065 1183 extor-

438 1209 537 1249 queri.
584 1207 676 1243 Quod
701 1208 753 1249 qui
776 1208 883 1238 facere
908 1206 1150 1248 presumpserit,
1177 1205 1435 1246 indignacionem
1454 1209 1596 1236 nostram
1613 1205 1734 1246 regiam
1760 1216 1795 1235 se
1813 1205 1937 1235 noverit
1960 1204 2065 1234 incur-

438 1271 555 1291 surum.
651 1260 688 1290 In
719 1259 808 1290 euius
839 1259 883 1290 rei
916 1259 1131 1289 testimonium
1163 1260 1346 1299 presentem
1382 1257 1523 1288 litteram
1561 1257 1677 1288 exinde
1711 1256 1868 1288 conscribi
1898 1260 1930 1288 et
1960 1260 2067 1288 nostre

438 1312 618 1342 maiestatis
643 1312 747 1352 sigillo
771 1311 904 1342 fecimus
929 1311 1126 1341 communiri.

545 1362 662 1394 Datum
688 1362 850 1401 Erfordie⁷
876 1362 914 1393 V.
932 1362 1098 1393 Kalendas
1128 1362 1257 1400 Marcii,
1294 1360 1466 1392 indictione
1491 1360 1557 1400 ΙΙΙ,
1587 1371 1670 1391 anno
1700 1360 1830 1391 Domini
1854 1360 1942 1392 MCC
1967 1371 2065 1391 nona-

438 1415 573 1456 gesimQ
598 1415 688 1456 regni
713 1425 786 1445 vero
811 1414 911 1445 nostri
936 1425 1019 1445 anno
1043 1413 1151 1445 XVII.

844 1559 920 1590 426.
945 1558 1224 1591 MANDATUM
1243 1558 1480 1590 ALTERUM.
1526 1558 1624 1590 Mart.
1641 1562 1670 1588 5¹.

547 1620 785 1659 Azaloylrrwhmzf,
819 1620 901 1659 qnod
930 1621 962 1650 in
993 1619 1148 1650 tabulario
1176 1620 1332 1651 commum?
1359 1620 1468 1650 donnas
1494 1619 1638 1658 lVelficac
1664 1619 1861 1659 (r'mrlfcrbytc'
1883 1621 2070 1655 (asservatur,

441 1673 541 1703 ‹Imm›
572 1672 800 1711 descripsimus.
847 1672 992 1711 ‚s'iffl'llmn
1019 1682 1137 1710 parum
1171 1671 1288 1702 lassum
1313 1672 1426 1712 pendet
1453 1671 1517 1710 filis
1545 1671 1652 1702 scricis
1680 1671 1756 1708 slavi
1786 1674 1814 1701 ct
1844 1671 1932 1701 rubei
1954 1670 2070 1701 coloris.

443 1728 529 1764 (geme
544 1724 731 1754 concordant
747 1735 816 1754 cum
833 1734 880 1754 nr.
894 1725 965 1761 4:35,
983 1725 1065 1763 typis
1082 1724 1253 1755 minorihus
1269 1734 1414 1763 expressa
1426 1726 1509 1754 sunt.
1525 1742 1561 1745 ——
1576 1723 1721 1760 Bellum,
1741 1723 1813 1762 Ray.
1828 1723 1900 1762 imp.
1916 1722 1969 1759 VI,
1979 1722 2070 1752 2281.

1784 1774 1836 1814 (P.
1861 1774 1967 1812 deest.)

548 1844 705 1875 Rudolfus
730 1844 789 1875 Dei
815 1845 925 1885 gracia
949 1844 1168 1875 Romanorum
1195 1855 1251 1874 rex
1275 1854 1402 1885 semper
1426 1847 1582 1885 augustus
1608 1869 1613 1874 .
1638 1869 1643 1875 .
1670 1844 1836 1885 capitaneo
1861 1847 1891 1874 et
1914 1842 2070 1874 iudicibus

443 1908 539 1937 super
562 1897 649 1937 pacis
675 1896 886 1927 observancia
911 1907 967 1937 per
991 1896 1163 1926 Saxoniam
1189 1896 1351 1937 deputatis
1376 1896 1555 1937 ceterisque
1588 1896 1711 1937 imperii
1744 1895 1890 1926 fidelibus
1914 1894 2067 1926 universis

444 1951 611 1989 presentes
637 1948 760 1978 litteras
785 1948 978 1989 inspecturis
1003 1948 1143 1988 graciam
1169 1958 1258 1978 suam
1284 1950 1316 1978 et
1340 1958 1432 1978 omne
1458 1947 1586 1978 bonum.

552 2000 621 2030 Etsi
646 2000 684 2031 de
711 2000 829 2041 regalis
853 1999 1007 2041 procedat
1037 1999 1257 2030 benivolencic
1288 2000 1450 2040 largitate,
1484 2000 1649 2030 universos
1680 1999 1836 2040 regularis
1866 1997 2070 2029 observancie

444 2053 644 2093 professores
677 2052 813 2082 sollicite
838 2052 1043 2093 protectionis
1068 2052 1245 2093 patrocinio
1270 2052 1459 2085 confovere*
1485 2051 1690 2082 honorabiles
1716 2054 1822 2082 tamen
1854 2054 1886 2081 et
1909 2049 2070 2090 religiosos

446 2104 531 2133 viros
558 2128 588 2133 ..
614 2103 764 2133 abbatem
797 2106 828 2133 et
859 2106 1048 2133 conventum
1067 2102 1170 2133 Vallis
1196 2106 1306 2133 sancte
1333 2102 1432 2133 Marie
1458 2102 1743 2133 IIalberstadensis
1773 2102 1919 2142 dyocesis
1951 2100 2068 2131 ordinis

446 2154 690 2196 (*syste-reiensis5
717 2154 769 2195 qui
794 2155 948 2184 secularis
974 2154 1161 2195 pestilencic
1187 2155 1367 2196 aspernatis
1393 2154 1551 2185 illecebris
1568 2154 1693 2185 devotis
1713 2155 1896 2185 ora-eionum
1914 2151 2069 2193 suffragiis

447 2218 596 2248 supremo
630 2206 766 2236 militant
796 2207 962 2238 salvatori.
998 2209 1086 2236 tanto
1119 2206 1273 2237 debemus
1305 2206 1520 2247 propensioris
1553 2210 1659 2236 nostre
1698 2206 1845 2236 tuicionis
1882 2204 2070 2235 communire

446 2257 601 2299 presidio,
632 2261 748 2298 quanto
783 2258 884 2297 magis
917 2268 1027 2289 eorum
1059 2257 1261 2288 imbecillitas
1292 2258 1431 2288 noscitur
1456 2258 1609 2299 indigere.
1656 2258 1740 2289 Sane
1767 2268 1836 2288 cum
1862 2281 1868 2288 .
1887 2281 1894 2288 .
1918 2256 2017 2287 abbas
2041 2258 2072 2285 ot

447 2312 624 2341 conventus
654 2310 838 2339 monasterii
871 2309 1004 2350 predicti
1036 2310 1113 2347 iam,
1149 2309 1231 2339 sicut
1263 2310 1353 2340 nobis
1385 2310 1534 2343 innotuit,
1571 2321 1612 2340 ex
1636 2319 1861 2351 oppressorum
1887 2306 2070 2344 turbinibus,

448 2372 581 2402 quorum
608 2361 759 2391 atrocitas
784 2361 869 2401 ipsos
895 2360 1033 2401 undique
1059 2361 1289 2402 circumstipat.
1315 2372 1416 2402 usque
1441 2361 1521 2392 adeo
1548 2362 1577 2391 in
1603 2361 1818 2391 calamitatem
1844 2359 2017 2391 deciderint
2040 2360 2071 2389 et

449 2415 568 2443 ias-ture
592 2412 809 2453 dispendium,
850 2412 931 2453 quod
963 2413 1020 2443 nisi
1057 2417 1244 2443 sunem-atur
1277 2413 1305 2443 in
1339 2418 1499 2455 tempore,
1530 2413 1660 2443 difficile
1692 2413 1738 2443 eis
1770 2415 1919 2443 censetur
1943 2408 2071 2441 remedii

448 2465 681 2506 susceptivum,
713 2475 770 2494 nos
800 2464 900 2494 dictos
926 2465 1106 2504 religioso&
1136 2464 1285 2495 videlieet
1310 2490 1316 2496 .
1339 2489 1344 2495 .
1371 2465 1518 2495 abbatem
1551 2468 1583 2495 et
1613 2467 1806 2496 conventum
1837 2463 1937 2494 Vallis
1968 2463 2072 2492 sancte

450 2516 560 2551 Mario,
587 2516 615 2545 in
641 2526 772 2556 quorum
799 2516 962 2556 religionis
987 2516 1166 2557 fragrancia
1191 2517 1357 2556 potissime
1382 2516 1598 2553 delectamur,
1624 2531 1685 2547 cum
1709 2521 1765 2547 suis
1788 2518 1972 2547 attinentibus
1995 2516 2071 2543 bonis

450 2576 478 2598 el«
502 2572 659 2598 hominibus
685 2572 735 2597 sul·
759 2572 856 2597 umbra
880 2574 973 2597 nostre
998 2572 1180 2606 proter-tionis
1205 2568 1343 2598 feliciter
1368 2573 1503 2606 respirare
1528 2572 1666 2605 volentes,
1697 2572 1819 2607 presenti
1849 2570 1918 2598 serie
1940 2567 2071 2596 uniVOl’FlS

551 2670 614 2695 4:25.
637 2671 659 2702 ι>>
676 2672 762 2702 prima
781 2673 799 2695 (s
819 2672 842 2695 ἱιι
864 2680 957 2694 fluxura
977 2681 1013 2695 or.
1102 2672 1124 2701 e)
1144 2672 1167 2695 [ιι
1189 2681 1281 2695 [πω-ωτι
1302 2681 1338 2695 or.

557 2749 577 2773 1)
601 2748 664 2773 (r'cn.
682 2751 718 2778 27,
731 2751 767 2772 27.
856 2749 881 2772 :¹1
905 2748 940 2778 (72
965 2747 1025 2779 1¹²7!-
1041 2747 1099 2778 imp.
1121 2746 1244 2778 V1,⁴.1>.¹1.11.

2092 697 2115 715 10

2093 955 2115 974 15

2093 1214 2116 1232 20

2095 1569 2117 1588 25

2097 1853 2120 1871 30

2095 2666 2117 2684 ⁴5
