2259 3116
432 117 493 146 29ss
735 114 894 140 RUDOLFI
916 113 1021 140 REGIS
1041 113 1364 140 CONSTITUTIONES.
1401 113 1475 140 1281.
1512 113 1628 138 Nr.295.
1641 112 1700 138 296.
1713 111 1771 138 297.

931 259 1007 291 '95.
1033 260 1265 291 REGEPTIO
1288 259 1349 290 FA
1352 258 1582 289 UILMRJS.

538 322 591 352 ΕΓ
615 321 640 352 Τ
666 332 712 351 nr.
736 321 808 351 382.
861 321 908 358 (s
934 320 1076 351 wicum
1105 319 1384 359 Iz'iitsszcmmlzmy
1413 330 1485 359 paq.
1508 321 1572 350 :202
1594 330 1642 349 ‘mn
1665 318 1729 348 963
1758 321 1786 348 ct
1815 318 1871 348 ‘Nc
1867 328 1928 348 nes
1951 317 2078 348 Archz'v’

430 373 595 410 XXVIII,
616 374 676 403 *702
700 383 747 404 nr.
765 373 837 404 ⁴264.
870 391 907 394 —
938 372 1087 409 Bolmm,
1116 372 1189 410 Rea.
1210 372 1280 411 imp
1302 371 1355 408 1]
1374 373 1463 402 1393.
1789 369 1842 408 (P.
1865 369 1971 408 deest.)

537 460 666 494 Quanto
690 459 783 500 plura
808 461 992 500 quantoque
1010 458 1195 489 onerosiora
1212 457 1304 488 nobis
1329 457 1383 498 qui
1400 456 1576 498 reipublice
1602 466 1709 486 curam
1729 455 1872 496 gerimus
1891 455 2077 496 frequenter

428 511 617 541 incumbunt
641 511 793 551 negocia,
823 513 914 541 tanto
944 510 1047 551 magis
1080 510 1210 540 culmini
1235 512 1344 540 nostro
1370 508 1608 539 neccessarium
1634 517 1860 543 recensemus,
1893 509 1927 536 ut
1955 506 2077 546 talium,

428 573 562 604 quorum
595 562 763 604 precordia
793 562 983 592 facultatum
1009 561 1163 592 nobilium
1189 561 1316 591 dotibus
1342 560 1512 591 edotantur
1543 559 1723 600 quibusque
1757 569 1882 589 morum
1910 558 2078 599 ydoneitas

428 617 459 644 et
482 614 655 645 laudabilis
686 614 749 644 vite
776 613 891 644 merita
916 614 1134 654 suffragantur
1159 623 1302 654 quosque
1335 612 1404 642 sani
1429 611 1555 642 consilii
1579 610 1788 641 laudabiliter
1812 610 1943 652 insignit
1971 613 2075 641 matu—

429 666 516 703 ritas,
547 665 688 696 consiliis
713 668 745 695 et
769 665 1052 695 informacionibus
1079 664 1240 695 salubrius
1268 664 1456 694 adiuvemur
1481 663 1628 704 talesque
1658 663 1689 693 in
1713 663 1814 693 nostri
1839 662 1962 693 consilii
1984 662 2076 693 fami-

428 718 506 747 liare
536 717 742 758 participium
769 727 952 747 evocemus.
993 716 1073 747 Cum
1099 716 1195 756 igitur
1219 714 1321 755 t(alis)
1346 715 1457 745 doctor
1481 715 1588 755 legum
1614 713 1783 745 familiaris
1808 717 1918 744 noster
1942 714 2077 746 dilectus

428 773 572 799 maturus
598 769 752 806 consiliis,
786 768 929 798 moribus
961 770 993 798 et
1018 768 1083 798 vita
1108 767 1278 798 laudabilis
1303 767 1343 797 ab
1368 766 1514 797 omnibus
1539 768 1710 796 censeatur
1740 768 1772 796 et
1796 768 1928 807 propter
1952 765 2012 796 hoc
2036 766 2076 798 de

428 821 529 862 ipsius
554 820 663 851 confisi
688 819 845 850 industria
872 829 945 850 eum
970 818 1008 850 ad
1035 819 1213 849 maiestatis
1238 821 1347 849 nostre
1373 818 1494 848 curiam
1520 818 1706 848 duxerimus
1722 816 1932 856 invitandum,
1956 817 2076 859 fid(eli-

427 873 542 911 tatem)
569 873 739 913 v(estram)
765 871 943 901 affectuose
969 871 1161 912 requirimus
1188 873 1219 901 et
1243 870 1424 908 hortamur,
1454 869 1603 910 quatinus
1635 868 1773 899 eundem
1797 868 1837 900 de
1863 869 2022 899 communi
2046 872 2078 901 et

427 924 610 954 voluntaria
640 926 748 954 vestra
776 923 911 953 licencia
940 922 980 952 ad
1010 922 1186 953 maiestatis
1221 925 1329 952 nostre
1353 922 1555 963 presenciam
1584 921 1693 952 venire
1723 920 1968 962 nobiscumque,
2000 931 2076 962 quo-

427 985 528 1016 usque
553 978 744 1016 oportunum
768 974 873 1013 suerit,
898 975 1014 1005 morari
1039 985 1094 1016 pro
1118 977 1225 1005 nostra
1250 973 1436 1004 reverencia
1460 972 1654 1015 permittatis
1666 973 1686 1003 ¹.

956 1128 1032 1159 2945.
1056 1128 1293 1159 DEFENSIO
1319 1128 1545 1159 CURIALIS.

535 1190 588 1219 Ea·
614 1190 639 1219 T
665 1200 712 1220 nr.
730 1191 779 1224 40,
806 1189 858 1220 nbi
881 1189 936 1218 hac
960 1189 1099 1220 recln'nm.
1126 1208 1163 1211 —-
1189 1189 1333 1225 Biilmzer,
1359 1188 1433 1228 ΒΨ.
1454 1189 1525 1227 imp.
1550 1188 1606 1225 VI,
1624 1190 1715 1218 1535.
1783 1186 1836 1227 (P.
1861 1187 1969 1226 deest.)

535 1282 691 1324 Longeva
727 1282 927 1313 consuetudo
965 1282 1056 1313 nobis
1094 1293 1112 1313 a
1144 1283 1229 1313 clare
1261 1282 1415 1313 memorie
1447 1282 1699 1324 imperatoribus
1732 1286 1765 1314 et
1793 1282 1923 1324 regibus
1958 1282 2074 1313 nostris

429 1334 713 1376 predecessoribus
740 1334 896 1365 hactenus
923 1334 1108 1371 observata,
1139 1333 1228 1364 cuius
1261 1345 1325 1364 non
1354 1336 1403 1365 est
1428 1335 1521 1365 exilis
1547 1335 1741 1374 auctoritas,
1772 1344 1843 1365 cum
1874 1334 1917 1364 sit
1945 1334 2012 1365 iure
2042 1336 2075 1365 et

429 1388 559 1417 racione
585 1386 706 1423 fulcita,
732 1385 899 1417 evidenter
924 1386 1130 1427 expostulat,
1155 1389 1190 1416 ut
1213 1386 1267 1423 hii,
1293 1386 1346 1427 qui
1372 1385 1503 1417 cottidie
1528 1386 1632 1417 latera
1655 1386 1850 1417 comitantur
1874 1385 1963 1426 regia
1986 1387 2018 1416 et
2041 1385 2072 1416 in

428 1439 545 1469 nostris
570 1449 607 1468 ac
632 1438 733 1468 tocius
752 1437 928 1478 reipublice
946 1437 1092 1478 negociis
1117 1448 1181 1468 una
1199 1438 1368 1468 uobiscum
1393 1441 1503 1469 noctes
1521 1448 1660 1480 persepe
1678 1437 1860 1479 perducunt
1875 1438 2071 1479 insompues,

428 1501 491 1520 non
517 1490 655 1520 vitantes
680 1499 786 1519 rerum
813 1489 957 1530 pericula
982 1492 1013 1519 et
1038 1500 1206 1531 corporum
1232 1490 1409 1529 cruciatus,
1434 1490 1465 1520 in
1492 1490 1556 1520 suis
1580 1489 1672 1520 bonis
1697 1500 1754 1521 seu
1778 1490 1900 1521 iuribus
1925 1489 2072 1521 absencie

429 1552 484 1572 sue
510 1544 656 1582 tempore
683 1552 701 1571 a
725 1541 813 1571 nullo
838 1541 915 1571 iuris
940 1540 1052 1571 ordine
1077 1552 1135 1572 seu
1160 1552 1288 1582 quoquo
1314 1541 1409 1572 modo
1435 1541 1498 1572 alio
1523 1541 1732 1583 dispendiose
1750 1544 1933 1583 tangantur.
1971 1540 2073 1582 Igitur

430 1604 485 1634 pro
512 1592 628 1623 dilecto
664 1592 747 1622 fideli
776 1595 886 1622 nostro
918 1592 973 1623 Ar.
999 1592 1168 1629 advocato,
1199 1593 1375 1624 camerario
1405 1594 1561 1624 consortis
1594 1597 1703 1625 nostre
1738 1593 1929 1631 karissime,
1961 1591 2013 1633 qui
2041 1591 2073 1622 in

429 1644 543 1674 nostris
569 1647 601 1674 et
626 1644 727 1674 tocius
750 1643 924 1684 reipublice
950 1644 1090 1684 negociis
1109 1644 1278 1675 sublimius
1296 1644 1483 1675 attollendis
1509 1648 1572 1675 tam
1591 1644 1742 1686 gravibus
1762 1644 1927 1675 laboribus
1945 1641 2072 1674 cottidie

429 1706 462 1725 se
488 1695 647 1725 submittit
672 1695 840 1734 intrepide,
867 1694 949 1735 quod
976 1695 1089 1725 merito
1108 1695 1226 1726 debeat
1244 1696 1403 1737 imperiali
1421 1697 1495 1737 lege
1513 1697 1606 1736 tueri,
1631 1695 1807 1737 fid(elitati)
1834 1694 1917 1736 t(ue)
1941 1694 2072 1726 firmiter

428 1745 624 1785 iniungendo
657 1745 859 1783 mandamus,
892 1746 1037 1776 volentes
1071 1747 1212 1788 precise,
1249 1748 1400 1788 quatinus
1430 1758 1600 1789 processus
1630 1747 1794 1789 quoslibet
1826 1750 1939 1778 contra
1969 1747 2070 1788 ipsum

433 1798 582 1827 abseneie
609 1808 664 1827 suc
690 1800 834 1838 tempore
860 1808 918 1838 per
942 1808 1151 1839 quoscunque
1176 1799 1301 1829 habitos
1327 1800 1378 1830 vel
1407 1799 1587 1839 habendos,
1617 1800 1684 1830 sive
1710 1799 1787 1830 iuris
1815 1798 1925 1830 ordine
1950 1798 2000 1829 vel
2024 1797 2069 1828 in-

430 1849 511 1879 iuria
538 1849 719 1883 fulciantur,
746 1849 826 1879 sicut
851 1860 906 1880 nos
932 1849 1049 1890 diligis,
1076 1861 1146 1880 cum
1173 1861 1297 1881 summa
1322 1851 1494 1891 diligencia
1520 1851 1652 1882 indilate
1670 1861 1823 1882 revocare
1848 1853 1880 1881 et
1896 1852 2070 1881 retractare

431 1901 595 1940 liqualiter
620 1910 681 1929 non
708 1899 855 1939 omittas,
882 1900 966 1930 bona
989 1912 1046 1931 sua
1070 1902 1222 1933 universa
1247 1906 1278 1933 et
1311 1903 1438 1943 singula
1467 1906 1579 1934 contra
1604 1902 1830 1944 impeticiones
1865 1905 1897 1933 et
1929 1901 2065 1932 insultus

429 1951 645 1992 quorumlibet
670 1952 753 1981 sicut
778 1952 861 1982 bona
885 1952 1014 1993 propria
1038 1954 1249 1994 protegendo.
1297 1954 1339 1984 Et
1370 1958 1404 1985 ut
1432 1955 1516 1985 circa
1540 1954 1701 1995 premissa
1726 1956 1834 1985 noster
1864 1953 1920 1984 tibi
1943 1952 2068 1994 plenius

429 2006 555 2032 constet
580 2003 729 2041 affectus,
763 2004 952 2043 quantocius
982 2004 1072 2034 nobis
1098 2004 1266 2044 rescribas,
1303 2005 1377 2046 quid
1413 2009 1445 2036 et
1477 2006 1616 2046 qualiter
1644 2016 1702 2047 per
1732 2008 1763 2036 te
1788 2008 1894 2036 actum
1923 2003 2070 2035 fueritin

428 2054 590 2095 predictis.

902 2157 978 2188 297.
1004 2158 1284 2189 ΙίΙιῊΤῙΤΠΤΙΟ
1308 2159 1595 2190 PROSCRIPTI.

537 2216 588 2245 Eas
612 2216 637 2245 'l'
663 2227 709 2246 ην.
731 2219 801 2246 ΙΟῘ.
827 2236 864 2238 --
890 2217 1035 2257 ΙίῡΙι))ιι]ν,
1065 2218 1135 2257 Ιίιῃ.
1156 2219 1226 2257 Imp.
1251 2218 1409 2252 1'L15311.
1781 2220 1832 2259 (P.
1859 2220 1964 2256 deest.)
1994 2236 1995 2239 =

536 2311 583 2349 (bl)
609 2310 688 2340 (funi
714 2321 815 2352 nuper
844 2312 872 2341 in
899 2313 1028 2343 civitate
1055 2316 1164 2343 nostra
1189 2314 1273 2354 t(ali)
1299 2315 1389 2354 regia
1414 2315 1569 2345 celsitudo
1595 2326 1650 2356 pro
1675 2315 1827 2346 tribunali
1853 2313 2068 2355 sollempniter

429 2361 617 2402 presideret,
642 2372 682 2391 ex
709 2366 796 2402 parte
823 2363 931 2394 dilecti
956 2365 1066 2394 famuli
1092 2366 1190 2395 nostri
1216 2365 1319 2405 Malis)
1344 2366 1403 2396 fuit
1420 2367 1618 2407 propositum
1643 2377 1748 2397 eoram
1766 2367 1867 2405 nobis,
1891 2365 1975 2407 quod
1998 2374 2067 2395 cum

429 2413 531 2451 milis>
557 2424 690 2443 uxorem
717 2413 815 2453 ipsius
840 2414 878 2443 N.
904 2415 951 2444 le
936 2416 1080 2454 ι,ςίῒίιυ-ιῐη
1107 2427 1163 2446 suo
1195 2418 1308 2447 s'einmi
1338 2418 1505 2459 applicms
1535 2418 1742 2460 inpudenter,
1773 2419 1804 2449 in
1835 2418 1907 2448 aliis
1939 2415 2066 2448 commi.-

429 2465 616 2494 11;·1‹ionil›11s
642 2468 670 2494 (1
698 2466 849 2495 comiciis
875 2467 1101 2497 nichilominus
1127 2472 1237 2498 (cntra
1267 2480 1338 2499 cum
1374 2469 1616 2510 ealunipniosus
1645 2471 1827 2511 imur-gmot
1859 2472 1891 2500 ct
1919 2467 2066 2509 blasphe-

429 2526 507 2547 inus
533 2516 616 2545 idem
642 2505 691 2546 Ν.
706 2520 768 2546 tini
796 2517 1039 2557 1›11bli‹;1s,t1u1
1065 2523 1097 2549 et
1122 2519 1356 2551 intollcmbilos
1383 2532 1464 2562 equo
1489 2522 1595 2552 animo
1625 2532 1687 2552 non
1718 2524 1767 2552 cst
1791 2531 1905 2563 passus
1929 2519 2065 2555 iniurias,

429 2567 503 2606 quin
530 2568 689 2608 prestitum
716 2568 777 2597 offe
773 2578 907 2598 memini
935 2580 1026 2599 snum
1053 2570 1082 2600 in
1108 2570 1243 2611 quodam
1270 2572 1337 2602 loco
1363 2576 1514 2613 suspecto
1541 2583 1612 2604 cum
1637 2573 1705 2614 ipsa
1728 2582 1829 2603 uxore
1851 2582 1908 2603 sua
1924 2569 2066 2612 legitima

428 2618 593 2649 invaderet
621 2618 855 2659 deprehensum
891 2626 922 2650 ct
961 2621 1119 2652 hostiliter
1155 2623 1345 2663 trucidaret,
1384 2627 1513 2665 propter
1542 2624 1626 2666 quod
1659 2635 1678 2655 a
1708 2624 1800 2655 nobis
1831 2619 2064 2666 proscriptionis

535 2722 555 2745 ll
580 2720 616 2750 (γ’.
638 2720 856 2745 ‘mussitationes'
881 2721 914 2753 ll,
930 2725 955 2746 ΓΙ
978 2730 1017 2747 μιν,
1033 2726 1073 2748 tir),

2104 778 2127 796 10

2102 1141 2124 1160 1⁵

2097 1707 2120 1727 2⁵
