2259 3164
76 765 97 784 1⁰

74 1025 96 1044 15

76 1281 100 1300 20

77 1537 100 1557 25

77 1796 100 1816 3⁰

79 2053 101 2073 ³5

80 2307 103 2325 ⁴⁰

496 203 652 230 RUDOLFI
672 202 778 229 REGIS
797 202 1121 230 CONSTITUTIONES.
1160 205 1232 230 1250.
1270 206 1316 231 Nr.
1330 206 1387 231 943.
1702 210 1762 239 235

123 301 286 324 manorum
318 293 350 322 et
380 291 544 321 dominum
569 290 604 321 O.
630 289 739 321 Sicilie
770 300 864 330 reges
890 289 1046 329 illustres,
1079 291 1161 321 sieut
1191 292 1303 329 nostis,
1336 295 1472 323 tractata
1500 296 1573 323 sunt
1596 293 1762 330 haetenus,

123 356 184 377 non
219 345 331 375 fuisset
362 354 400 374 ea
428 344 611 381 occasione,
652 353 747 383 quam
783 342 865 372 idem
896 342 1042 373 dominus
1074 346 1184 373 noster
1214 344 1398 384 percepisse
1433 344 1624 382 dinoscitur,
1660 348 1760 375 retar-

124 397 209 434 data,
242 406 312 427 cum
349 395 421 426 talis
456 394 582 425 occasio
619 395 696 425 satis
729 393 892 424 videretur
925 394 992 424 sine
1025 394 1089 424 alia
1119 395 1327 435 requisitione
1359 405 1416 425 sua
1446 396 1590 436 potuisse
1616 396 1761 433 subduci,

124 449 208 479 salvo
232 447 482 488 dispensationis
506 446 650 483 articulo,
678 455 775 486 super
798 455 859 486 quo
883 445 1040 476 debuerat
1057 445 1212 476 haetenus
1230 446 1390 487 provideri
1415 457 1474 476 nec
1499 447 1599 487 ipsius
1625 448 1762 488 provisio

123 500 153 530 in
183 502 325 540 tempora
355 497 419 529 ista
446 497 577 528 differri.
624 496 747 527 Tamen
779 496 883 527 dictus
913 496 1061 527 dominus
1093 501 1203 528 noster
1234 497 1273 528 ad
1305 501 1460 529 tractatus
1492 498 1674 529 huiusmodi
1706 509 1763 529 sua

125 550 228 582 studia
250 549 389 591 benigne
414 551 606 580 convertens
631 559 668 579 ac
692 548 803 579 volens
827 548 996 589 providere
1028 548 1178 587 sollicite,
1212 559 1252 579 ne
1284 552 1330 579 tot
1360 549 1633 579 sollicitudinibus
1658 553 1690 580 ct
1714 550 1761 580 la-

123 602 249 633 boribus
273 601 304 631 in
328 601 496 642 premissis
521 599 672 630 adhibitis
698 610 873 630 concursus
900 602 1093 630 tractatuum
1118 600 1293 631 eorundem
1317 600 1444 631 labores
1469 601 1607 631 ulterius
1633 601 1762 631 concul-

123 656 217 693 caret,
242 653 315 694 quia
339 655 472 693 propter
496 651 696 691 emergentia
720 650 860 691 undique
886 651 1025 691 negotia,
1051 661 1112 691 que
1137 651 1280 692 gerenda
1304 651 1445 681 humeris
1470 652 1537 682 eius
1563 652 1762 690 incumbunt,

122 712 233 736 vacare
258 703 387 734 comode
410 702 650 744 presentialiter
674 703 759 732 cirea
782 702 937 743 premissa
962 702 1128 743 nequibat,
1165 703 1323 733 commisit
1347 703 1453 741 nobis,
1484 706 1519 733 ut
1543 703 1627 744 quod
1651 703 1762 733 huius-

122 756 205 787 modi
235 755 399 796 negotium
429 765 470 785 ex
499 754 653 784 eminenti
687 754 735 784 sui
765 754 921 794 qualitate
952 754 1145 794 requireret,
1176 757 1301 785 attente
1334 754 1628 796 circumspectionis
1659 755 1763 785 studio

124 807 310 839 videremus.
399 804 446 847 (2)
471 805 554 847 Ipsis
579 806 686 846 itaque
711 805 902 836 tractatibus
931 816 989 846 per
1018 816 1076 836 nos
1108 816 1178 836 cum
1212 806 1311 836 multa
1336 806 1570 836 deliberatione
1596 806 1762 844 discussis,

123 870 216 901 super
239 858 310 897 hiis,
334 868 395 899 que
413 868 471 899 per
488 857 618 888 eosdem
644 867 737 897 reges
763 860 794 888 et
818 857 959 888 nobilem
979 857 1079 887 virum
1098 857 1260 888 dominum
1279 857 1313 888 C.
1331 857 1506 898 principem
1526 857 1763 888 Salernitanum

122 910 365 952 primogenitum
389 909 490 950 ipsius
509 908 629 939 domini
654 908 740 949 regis
759 908 869 939 Sicilie
894 908 1043 939 facienda
1067 912 1223 939 tractatus
1249 909 1307 949 ipsi
1331 909 1497 949 requirunt
1524 912 1555 939 ct
1580 909 1765 949 specialiter

122 972 176 1003 per
192 961 310 992 dictum
327 960 491 991 dominum
508 970 617 1000 regern
635 959 854 991 Romanorum
873 964 937 991 tam
962 970 1038 1001 erga
1057 961 1210 991 ecclesias
1229 970 1325 1001 quam
1350 970 1425 1000 erga
1443 960 1580 991 eundem
1599 959 1760 990 dominum

123 1023 228 1054 regem
247 1012 353 1043 Sicilie
378 1016 414 1043 et·
433 1012 635 1053 magnificam
661 1011 822 1042 dominam
840 1011 1057 1052 Murgaretam
1083 1012 1227 1052 reginam
1254 1011 1451 1041 Francorum
1476 1012 1645 1050 illustrem,
1672 1014 1762 1041 notas

125 1075 193 1095 eum
217 1064 449 1105 temperatione
475 1063 728 1094 moderaminum
754 1064 927 1104 petitorum
962 1074 1002 1094 ex
1032 1066 1124 1105 parte
1154 1064 1254 1104 ipsius
1279 1063 1398 1093 domini
1424 1063 1509 1103 regis
1533 1062 1761 1097 Romanorum,

123 1115 161 1146 de
184 1116 230 1146 sui
254 1118 285 1146 et
308 1115 383 1146 dicti
408 1115 492 1156 regis
517 1114 626 1146 Sicilie
651 1115 835 1145 nuntiorum
860 1126 1005 1155 assensu,
1031 1116 1107 1146 licet
1131 1115 1171 1145 ad
1195 1115 1225 1145 id
1252 1114 1436 1145 mandatum
1461 1114 1558 1144 iidem
1582 1114 1682 1144 nuntii
1701 1124 1762 1143 non

123 1166 285 1204 haberent,
308 1166 376 1196 fieri
402 1176 459 1197 seu
482 1166 614 1196 formari
639 1167 785 1205 fecimus,
810 1167 840 1196 in
859 1167 948 1207 regia
963 1167 1133 1208 privilegia
1158 1166 1351 1207 redigendas
1364 1166 1382 1196 ¹.
1429 1165 1477 1195 Ita
1502 1165 1652 1196 videlicet
1677 1165 1760 1205 quod

123 1228 163 1248 ex
185 1218 268 1248 notis
292 1217 367 1259 ipsis
392 1228 548 1259 personas
573 1218 675 1258 ipsius
699 1217 818 1248 domini
843 1218 928 1259 regis
953 1218 1059 1249 Sicilie
1086 1221 1117 1248 et
1142 1218 1218 1248 dicti
1242 1218 1394 1259 principis
1416 1217 1678 1258 contingentibus
1699 1227 1761 1246 non

125 1270 209 1300 utin
233 1269 396 1310 utriusque
419 1280 575 1311 persona,
607 1269 663 1300 sed
693 1270 724 1300 in
753 1270 886 1300 alterius
917 1273 1040 1300 tantum
1072 1270 1241 1311 privilegia
1272 1269 1472 1300 conficienda
1501 1269 1642 1299 finaliter
1666 1268 1764 1298 robur

123 1321 297 1359 obtineant,
321 1321 403 1352 sicut
426 1322 571 1363 proximo
595 1321 827 1362 distinguetur,
853 1322 937 1362 quod
963 1332 1001 1352 ea
1025 1321 1084 1352 fuit
1109 1321 1368 1352 consideratione
1397 1321 1571 1362 provisum,
1597 1323 1632 1350 ut
1656 1319 1764 1349 vitatis

125 1372 316 1404 discursibus
331 1373 440 1403 obtata
457 1372 555 1414 ipsius
572 1373 699 1413 negocii
714 1373 910 1404 consumatio
929 1373 1064 1404 celerius
1084 1377 1285 1414 sequeretur.
1353 1374 1398 1411 (3)
1416 1372 1457 1402 Et
1475 1371 1656 1402 huiusmodi
1673 1374 1763 1401 notas

125 1425 273 1465 sigillatas
297 1424 409 1465 sigillis
433 1425 551 1455 nostris
576 1424 664 1455 vobis
690 1425 843 1455 mittimus
868 1425 1071 1466 presentibus
1097 1425 1305 1462 interclusas,
1331 1428 1366 1454 ut
1390 1428 1455 1454 tarn
1481 1434 1536 1454 vos
1561 1434 1654 1464 quam
1681 1423 1763 1454 idem

124 1475 265 1506 dominus
281 1487 338 1507 rex
355 1475 573 1506 Romanorum
598 1487 656 1517 per
674 1486 728 1506 vos
746 1477 976 1518 premissorum
1002 1476 1148 1507 notitiam
1173 1476 1369 1513 obtinentes,
1394 1474 1577 1505 huiusmodi
1596 1474 1763 1516 privilegia

124 1536 179 1568 per
193 1527 308 1558 dietum
326 1527 487 1558 dominum
507 1538 615 1568 regem
633 1527 849 1558 Romanorum
867 1528 1076 1567 conficienda,
1101 1528 1288 1569 specialiter
1313 1538 1389 1567 erga
1413 1527 1573 1568 prefatum
1600 1526 1764 1556 dominum

124 1589 230 1620 regem
254 1579 376 1617 Sicilie,
407 1579 623 1610 diversimode
654 1580 685 1609 in
714 1590 855 1620 persona
885 1579 961 1610 dicti
993 1580 1113 1610 domini
1145 1580 1228 1620 regis
1254 1579 1362 1609 Sicilie
1387 1589 1445 1619 per
1469 1588 1502 1608 se
1528 1588 1564 1608 ac
1592 1578 1654 1607 alia
1681 1578 1762 1607 eirca

124 1629 203 1661 idem
228 1630 330 1662 verbis
355 1634 577 1672 competenter
601 1631 731 1662 mutatis
757 1632 788 1661 in
814 1642 950 1672 persona
976 1632 1075 1672 ipsius
1105 1631 1258 1672 principis
1288 1633 1412 1661 tantum
1440 1630 1530 1667 fiant,
1563 1632 1597 1659 ut
1629 1629 1653 1659 si
1686 1639 1759 1659 con-

124 1692 230 1712 sensus
258 1682 357 1723 ipsius
387 1683 540 1724 principis
569 1682 673 1713 aderit
703 1683 734 1713 in
769 1684 977 1714 concessione
1009 1687 1144 1724 paterna
1175 1686 1206 1713 et
1237 1682 1275 1713 de
1308 1682 1367 1712 hoc
1398 1682 1482 1712 facta
1511 1681 1607 1711 fuerit
1631 1680 1761 1710 domino

123 1736 228 1764 nostro
251 1734 338 1773 fides,
363 1734 540 1765 confectum
559 1735 590 1765 in
608 1745 745 1776 persona
761 1735 838 1765 dicti
857 1735 944 1776 regis
964 1735 1072 1765 Sicilie
1092 1734 1295 1775 privilegiiim
1313 1734 1346 1764 in
1364 1744 1420 1763 suo
1445 1733 1556 1773 vigore
1583 1734 1759 1767 remaneat,

125 1785 241 1826 reliquo
265 1786 410 1817 confecto
435 1786 466 1816 in
490 1796 628 1827 persona
653 1786 727 1817 dicti
747 1787 900 1828 principis
926 1786 1087 1817 laniando.
1128 1786 1169 1816 Et
1194 1787 1218 1816 si
1244 1785 1380 1827 predicti
1407 1783 1559 1825 principis
1584 1793 1761 1813 consensus

124 1836 248 1868 minime
271 1837 457 1877 haberetur,
489 1838 672 1868 confectum
698 1838 728 1868 in
760 1848 898 1879 persona
922 1837 1058 1879 predicti
1084 1838 1236 1879 principis
1262 1837 1469 1878 privilegium
1494 1835 1604 1875 vigeat
1628 1838 1660 1865 et
1686 1844 1760 1864 con-

125 1887 239 1918 fectum
262 1889 294 1919 in
316 1899 451 1930 persona
474 1889 591 1930 prefati
616 1889 701 1929 regis
720 1889 828 1920 Sicilie
854 1889 1003 1920 similiter
1028 1890 1175 1920 lanietur.
1266 1888 1314 1928 (4)
1340 1888 1410 1923 Que
1435 1886 1564 1928 quidem
1590 1885 1761 1927 privilegia

127 1943 157 1970 et
179 1950 285 1971 eorum
309 1940 474 1982 quodlibet
498 1941 541 1971 sic
565 1941 593 1971 in
619 1941 765 1982 personis
790 1941 955 1982 utriusque
981 1942 1127 1971 conferta
1146 1945 1177 1971 et
1195 1941 1292 1971 etiam
1311 1939 1373 1970 alia
1390 1938 1583 1980 supradicta,
1608 1936 1761 1967 videlicet

125 1990 245 2031 prefata
266 1991 407 2033 ipsarum
432 1992 643 2023 ecelesiarum
675 1995 706 2022 et
735 1992 845 2033 regine
878 1992 1076 2033 privilogffl,
1109 1991 1397 2032 conrcspondentia
1426 1988 1632 2031 supradictis,
1657 1987 1761 2018 eidem

127 2041 246 2073 domino
269 2046 375 2074 nostro
399 2043 548 2083 fideliter,
578 2044 689 2084 regine
714 2043 866 2075 videlicet
890 2044 1086 2084 triplicatum
1111 2047 1141 2074 et
1166 2044 1288 2084 reliqna
1314 2043 1438 2081 onmia,
1464 2042 1546 2072 sicut
1570 2041 1601 2070 111
1627 2039 1761 2070 rubricis

126 2095 290 2125 notarum³
314 2096 509 2133 continetur,
539 2095 702 2136 duplicata
727 2096 776 2125 vel
809 2095 970 2136 triplicata
1000 2096 1184 2134 mittantur,
1214 2098 1248 2125 ut
1273 2094 1428 2135 premissa
1454 2093 1554 2123 forma
1579 2094 1707 2121 servata
1731 2090 1761 2120 in

126 2144 195 2183 illis,
218 2155 277 2186 que
301 2157 408 2187 regem
434 2146 542 2178 Sicilie
567 2151 598 2178 et
622 2148 799 2188 principem
825 2147 1015 2188 contingunt
1048 2147 1195 2184 eosdem,
1229 2147 1332 2183 illius,
1367 2145 1450 2186 quod
1475 2148 1510 2175 ut
1533 2143 1708 2185 predicitur
1731 2142 1761 2171 in

126 2195 230 2236 vigore
254 2197 404 2237 manebit,
428 2201 460 2229 et
485 2199 524 2230 de
542 2199 685 2240 quolibet
702 2199 834 2229 aliorum
861 2199 1070 2229 ecclesiarum
1097 2202 1128 2229 et
1153 2198 1263 2239 regine
1288 2197 1502 2238 predictarum
1528 2206 1623 2225 unum
1650 2204 1760 2224 conre-

129 2247 283 2287 spondens
308 2249 410 2280 dictus
435 2250 583 2280 dominus
614 2253 724 2281 noster
749 2250 825 2280 dare
860 2251 975 2291 possit,
1008 2253 1102 2290 prout
1134 2249 1287 2291 expedire
1312 2248 1442 2282 viderit,
1472 2251 1503 2277 ct
1531 2246 1618 2277 aliud
1643 2245 1761 2276 tenoris

130 2297 267 2330 eiusdem
290 2301 373 2342 apud
399 2312 432 2333 se
457 2312 514 2343 pro
540 2302 653 2332 maiori
683 2302 811 2332 cautela
836 2302 955 2342 negotii
982 2302 1136 2339 retineat,
1162 2301 1231 2332 aliis
1257 2300 1405 2331 omnibus
1430 2299 1461 2329 in
1486 2308 1622 2339 persona
1646 2296 1760 2337 reliqui

129 2350 210 2380 etei
239 2352 588 2393 conrespondentibuS,
619 2352 658 2383 de
691 2352 807 2394 quibus
842 2352 970 2383 domino
1004 2356 1113 2383 nostro
1139 2352 1320 2387 videbitur,
1351 2349 1519 2381 laniandis.
1609 2348 1654 2387 (5)
1683 2348 1760 2377 Pre-

128 2401 214 2431 terea
242 2412 303 2432 non
331 2403 398 2434 sinc
430 2404 530 2434 multa
561 2404 796 2434 deliberatione
825 2407 875 2434 est
903 2414 958 2444 pro
992 2404 1101 2433 maiori
1131 2404 1250 2444 negotii
1282 2403 1434 2433 firmitate
1466 2400 1645 2441 provisum,
1677 2397 1760 2439 quod

128 2451 158 2480 in
180 2453 375 2485 matrimonio
408 2455 491 2486 inter
517 2455 659 2486 nobilem
690 2455 857 2486 mulierem
884 2455 1045 2485 dominam
1079 2455 1292 2485 Clementiam
1327 2457 1433 2484 natam
1468 2450 1611 2482 eiusdem
1642 2449 1760 2480 domini

130 2503 210 2543 regis
233 2503 445 2537 Romanorum
471 2510 502 2537 et
532 2507 672 2537 nobilem
698 2507 799 2537 virum
825 2506 859 2539 O,
890 2507 1139 2547 primogenitum
1172 2506 1288 2547 prefati
1320 2504 1473 2546 principis
1499 2502 1595 2532 dante
1619 2501 1760 2530 Domino

94 2566 104 2577 ο
130 2556 338 2587 consumando
379 2557 460 2588 sicut
491 2558 606 2599 prefati
643 2558 764 2588 domini
794 2558 879 2598 regis
914 2558 1023 2588 Sicilie
1055 2558 1099 2588 sie
1129 2561 1161 2588 ct
1193 2557 1269 2587 dieti
1304 2556 1454 2597 principis
1490 2562 1665 2583 consensus
1703 2562 1759 2581 ex—

129 2614 252 2645 pressus
288 2608 488 2639 iureiurando
528 2609 703 2640 firmandus
740 2609 875 2640 accedat
910 2613 942 2640 et
976 2609 1060 2650 quod
1095 2609 1235 2650 speciale
1267 2606 1519 2649 procuratorium
1555 2605 1586 2633 in
1622 2612 1756 2643 persona

131 2659 287 2688 memorati
319 2660 470 2702 principis
501 2660 658 2691 habeatur
693 2660 730 2691 ad
765 2661 925 2702 sponsalia
958 2664 990 2690 et
1021 2660 1257 2690 matrimonium
1287 2656 1469 2689 huiusmodi
1496 2653 1671 2686 solidanda.
1720 2652 1760 2681 Et

229 2760 252 2790 1)
268 2759 410 2793 Hucusque
423 2762 497 2788 rerba
509 2762 667 2788 concordant
681 2771 765 2796 supra
779 2771 837 2788 cum
850 2770 892 2787 72⁷¹.
906 2766 954 2787 242
968 2770 988 2788 c.
1005 2767 1022 2787 1.
1037 2766 1058 2787 2.
1129 2762 1154 2792 ²2)
1173 2761 1210 2794 Cf.
1222 2760 1385 2792 Droocminm
1405 2758 1439 2783 ml
1459 2765 1496 2782 ur.
1512 2761 1566 2781 244.
1639 2756 1663 2786 53)
1681 2754 1757 2786 INI'W

131 2807 171 2826 nr.
186 2803 237 2827 247,
250 2805 304 2829 248.

1505 2851 1527 2875 3(
1533 2855 1537 2873 1
