2259 3116
293 1063 341 1088 Apr.
358 1065 389 1083 Ν.

416 141 477 170 320
791 136 946 163 RUDOLFI
966 136 1070 163 REGIS
1090 136 1412 163 CONSTITUTIONES.
1450 137 1523 163 1282.
1560 135 1608 162 Nr.
1621 136 1679 162 333.

415 225 634 267 Rennenberg
658 225 828 256 canonicos
853 225 1061 256 ecclesiarum
1080 223 1321 255 Coloniensium
1346 236 1387 256 ex
1404 227 1494 267 parte
1520 223 1594 254 dicti
1612 224 1844 266 archiepiscopi
1869 234 1940 255 cum
1957 223 2052 265 pleno

415 277 565 309 mandato
590 278 630 308 ad
654 280 796 308 nostram
821 277 1022 319 presenciam
1039 276 1217 308 destinatos
1240 277 1325 308 inter
1349 288 1406 308 nos
1431 279 1464 307 et
1481 279 1692 308 memoratum
1711 276 1988 318 archiepiscopum
2012 276 2052 308 de

414 332 524 361 nostro
549 340 707 360 consensu
731 329 833 360 libero
858 329 930 360 talis
955 332 1005 360 est
1029 328 1199 360 concordia
1223 328 1383 360 ordinata:

522 381 569 422 (2)
594 380 757 412 Videlicet
781 380 864 422 quod
890 381 958 422 ipse
983 381 1245 423 archiepiscopus
1274 384 1412 412 castrum
1439 380 1621 412 Werdense
1651 390 1722 411 cum
1751 380 1899 412 omnibus
1930 380 2053 412 iuribus

416 437 448 464 et
472 433 680 475 pertinenciis
703 432 875 471 universis,
910 433 992 463 sicut
1019 433 1087 474 ipse
1118 433 1380 474 archiepiscopus
1404 432 1508 463 tenuit
1539 434 1571 463 et
1595 431 1754 473 possedit,
1783 431 1876 463 nobis
1906 433 2054 464 restituet

415 486 465 517 vel
483 486 618 523 nunciis,
643 495 722 526 quos
745 484 785 515 ad
801 485 862 515 hoc
879 484 1028 515 duximus
1046 484 1258 526 deputandos.
1347 483 1394 524 (3)
1419 483 1499 514 Item
1517 483 1633 513 iniusta
1650 482 1788 525 pedagia
1805 483 1873 514 sive
1889 483 2054 515 theolonia

415 538 499 579 apud
524 536 752 568 Andernacum
778 539 809 567 et
833 536 980 567 Bunnam
1013 547 1049 567 ac
1081 536 1157 578 alibi
1180 536 1210 566 in
1238 536 1329 567 terris
1354 539 1385 566 et
1410 535 1500 577 aquis
1526 534 1609 565 idem
1632 534 1892 576 archiepiscopus
1916 534 2055 566 dimittet

415 590 553 630 penitus,
580 589 635 619 illa
652 588 691 620 de
709 591 816 620 cetero
834 588 1019 619 nullatenus
1036 591 1237 630 recepturus.
1277 588 1438 629 Percepta
1464 587 1566 618 eciam
1592 586 1630 617 de
1648 586 1800 628 predictis
1817 586 1963 628 pedagiis
1987 587 2054 618 sive

414 640 586 672 theoloniis
621 639 805 672 emendabit
844 640 884 671 ad
916 639 1034 670 dictum
1064 643 1096 670 et
1133 639 1300 670 arbitrium
1330 639 1524 670 venerabilis
1553 638 1595 670 H.
1628 638 1817 670 Basiliensis
1848 638 1991 680 episcopi
2023 641 2055 670 et

415 692 530 723 nobilis
555 693 613 723 viri
637 692 674 723 E.
700 692 824 723 comitis
848 691 887 722 de
913 691 1207 732 Catzenellenboge
1233 694 1265 722 et
1289 691 1435 730 aliorum,
1462 702 1540 733 quos
1566 691 1635 732 ipse
1660 690 1700 721 ad
1725 690 1784 722 hec
1808 690 1937 721 duxerit
1962 701 2053 722 assu-

414 744 555 775 mendos.
601 744 746 785 Pedagia
770 754 844 774 vero
869 744 953 774 iusta
977 743 1044 774 sive
1069 743 1279 782 theolonium,
1305 754 1366 784 que
1391 743 1430 773 ab
1457 743 1588 784 antiquo
1609 743 1809 775 Coloniensis
1834 742 1971 774 ecclesia
1993 742 2055 773 rite

414 796 542 833 habuit,
572 796 666 838 pleno
691 796 759 826 iure
783 794 963 836 possidebit
987 795 1150 836 predictus
1176 795 1439 836 archiepiscopus
1470 795 1598 826 nomine
1625 794 1828 826 Coloniensis
1863 794 1999 826 ecclesie
2023 794 2055 825 in

415 849 564 879 futurum.
656 847 702 888 (4)
726 847 808 878 Item
826 858 937 878 omnes
955 846 1118 877 adiutores
1137 846 1235 877 nostri
1260 846 1333 877 huic
1351 846 1519 878 concordie
1545 850 1619 877 sunt
1643 847 1757 878 inclusi
1775 846 1959 888 debentque
1984 856 2054 877 cum

415 900 579 942 sepedicto
604 899 848 940 archiepiscopo
875 902 906 929 et
929 899 998 940 ipse
1024 909 1096 929 cum
1121 899 1167 929 eis
1196 899 1292 940 plena
1316 909 1396 940 pace
1427 901 1459 929 et
1491 898 1660 929 concordia
1684 898 1899 940 congaudere,
1929 901 1962 929 et
1984 898 2054 939 ipse

415 952 675 994 archiepiscopus
701 951 775 989 illis,
800 951 852 992 qui
878 961 950 982 eum
976 950 1190 992 requisierint,
1215 954 1249 981 ut
1273 950 1353 991 ipsis
1371 950 1513 991 querelis
1539 951 1598 981 sibi
1623 961 1664 981 ex
1687 951 1829 992 ipsorum
1853 953 1943 992 parte
1960 950 2055 981 motis

415 1005 465 1034 vel
491 1004 658 1034 movendis
683 1013 824 1034 amorem
850 1003 900 1034 vel
925 1003 1083 1033 iusticiam
1108 1002 1222 1040 faciat,
1254 1003 1369 1043 eiquec
1393 1002 1501 1033 facere
1525 1002 1686 1033 voluerint
1709 1002 1867 1033 iusticiam
1892 1002 1942 1033 vel
1966 1012 2054 1033 amo-

416 1067 484 1087 rem
508 1066 603 1096 super
620 1055 874 1096 quibuscumque
899 1054 1197 1096 conquestionibus,
1223 1054 1304 1085 infra
1330 1054 1448 1085 festum
1473 1054 1599 1084 Pasche
1624 1054 1770 1095 proxime
1796 1064 1879 1085 nunc
1904 1054 2054 1093 futurum,

415 1107 488 1138 dolo
514 1111 547 1139 et
570 1107 683 1138 fraude
702 1108 828 1148 penitus
850 1106 1000 1143 exclusis,
1026 1106 1123 1137 faciet
1146 1106 1307 1137 iusticiam
1332 1106 1382 1137 vel
1407 1116 1560 1143 amorem,
1584 1106 1720 1147 ipsique,
1745 1106 1798 1147 qui
1822 1105 1927 1137 eidem
1952 1105 2053 1136 archi-

415 1160 569 1201 episcopo
595 1159 752 1189 moverint
776 1159 900 1200 aliquas
925 1158 1127 1199 questiones,
1161 1158 1243 1188 infra
1267 1157 1446 1199 predictum
1472 1157 1642 1188 terminum
1668 1157 1729 1188 sibi
1753 1157 1873 1188 facient
1896 1157 2054 1188 iusticiam

417 1212 466 1242 vel
490 1222 641 1242 amorem.
731 1210 781 1252 (5)
805 1211 959 1242 Preterea
984 1210 1142 1241 discretus
1159 1209 1207 1240 vir
1223 1209 1387 1251 R-utgerus
1413 1209 1588 1240 canonicus
1612 1209 1775 1250 Aquensis
1792 1209 1928 1240 clericus
1945 1211 2055 1240 noster

415 1264 538 1294 tenebit
567 1264 810 1305 possessionem
841 1262 1013 1293 advocacie
1036 1261 1248 1292 Assindensis
1273 1261 1427 1299 ecclesie,
1463 1262 1509 1292 ita
1544 1264 1652 1292 tamen
1688 1260 1772 1302 quod
1804 1271 1845 1292 ex
1872 1260 2055 1291 huiusmodi

415 1315 620 1356 possessione
646 1315 751 1346 facta¹¹
777 1314 1019 1356 archiepiscopo
1045 1317 1077 1344 et
1102 1324 1158 1344 sue
1177 1313 1314 1344 ecclesie
1331 1313 1453 1344 nullum
1470 1313 1643 1355 dampnum
1661 1313 1711 1344 vel
1729 1312 1940 1355 preiudicium
1955 1323 2054 1353 gene-

414 1370 503 1398 retur
531 1378 590 1398 nec
614 1367 708 1397 nobis
733 1366 772 1397 (10
797 1377 879 1397 novo
906 1366 955 1397 ius
980 1364 1109 1407 aliquod
1134 1365 1326 1407 acquiratur.
1375 1365 1439 1396 Sed
1463 1365 1524 1396 (1110
1548 1365 1675 1396 honesti
1699 1365 1759 1395 viri
1783 1368 1814 1395 et
1837 1364 1990 1406 fidedigni
2014 1375 2055 1395 ex

414 1422 549 1460 utraque
582 1422 673 1460 parte
704 1418 824 1450 debent
859 1418 963 1459 eligie,
1000 1429 1070 1449 cum
1103 1417 1187 1449 idem
1220 1418 1484 1460 archiepiscopus
1515 1418 1557 1450 ad
1585 1418 1786 1460 presenciam
1816 1420 1958 1448 nostram
1982 1427 2053 1459 per-

415 1471 555 1509 venerit,
580 1470 632 1512 qui
658 1470 786 1511 quidem
812 1474 948 1511 quatuor
972 1471 1023 1501 vel
1047 1473 1112 1501 tres
1140 1481 1181 1501 ex
1206 1470 1252 1501 eis
1276 1470 1427 1511 inquisito
1459 1481 1557 1512 super
1587 1469 1765 1501 advocacia
1792 1469 1861 1501 iure
1890 1472 1997 1500 nostro
2022 1471 2053 1500 et

414 1523 540 1564 imperii
571 1534 608 1554 ac
638 1522 782 1554 eiusdem
814 1522 1049 1564 archiepiscopi
1080 1525 1111 1553 et
1143 1533 1200 1553 sue
1230 1522 1367 1553 ecclesie
1399 1522 1482 1552 infra
1510 1533 1569 1553 sex
1594 1521 1848 1563 septimanarum
1873 1521 2011 1563 spatium
2035 1532 2053 1552 a

414 1578 558 1616 tempore
584 1574 750 1605 electionis
768 1574 959 1605 arbitrorum
977 1573 1209 1605 numerandum
1235 1574 1327 1605 nobis
1353 1574 1402 1604 vel
1426 1574 1487 1616 ipsi
1512 1574 1753 1616 archiepiscopo
1779 1576 1811 1604 et
1834 1583 1891 1604 sue
1917 1572 2052 1604 ecclesie

414 1627 515 1668 ipsam
543 1626 749 1657 advocaciam
776 1625 952 1657 attribuent
985 1626 1113 1657 iusticia
1140 1626 1191 1656 vel
1224 1636 1332 1657 amore
1358 1626 1417 1657 sub
1446 1625 1554 1658 debito
1586 1626 1711 1668 prestiti
1733 1625 1915 1657 iuramenti.
1959 1623 2053 1660 Quod

415 1679 441 1709 si
467 1678 604 1719 aliquem
628 1678 679 1708 vel
710 1678 834 1718 aliquos
868 1688 909 1708 ex
939 1677 988 1708 his
1019 1677 1149 1708 arbitris
1178 1677 1336 1709 decedere
1366 1678 1418 1709 vel
1448 1678 1592 1719 legitimo
1626 1678 1855 1720 impedimento
1885 1676 2054 1718 contigerit

414 1729 587 1771 prepediri,
612 1730 693 1760 alter
716 1730 766 1760 vel
798 1729 851 1760 alii
882 1730 950 1760 sine
976 1728 1048 1759 dolo
1074 1728 1125 1760 etf
1148 1729 1214 1760 sine
1244 1728 1356 1760 fraude
1381 1729 1632 1769 substituentur,
1663 1730 1717 1772 qui
1740 1729 1912 1760 terminent
1935 1728 2051 1760 dictum

414 1782 576 1822 negotium
608 1781 702 1812 modo
739 1781 835 1813 dicto.
880 1781 939 1812 Ille
978 1781 1109 1820 etiamss,
1142 1791 1199 1822 per
1228 1781 1319 1812 cuius
1350 1781 1486 1813 arbitros
1515 1782 1566 1813 vel
1603 1781 1790 1813 amicabiles
1824 1781 2052 1822 compositores

2082 702 2107 722 10

2082 962 2105 980 15

2080 1221 2104 1241 20

2079 1480 2102 1500 2⁵

2079 1740 2102 1759 30

415 1834 557 1872 steterit,
582 1833 752 1874 quominus
776 1833 901 1875 prefata
926 1833 1007 1863 infra
1031 1832 1107 1863 dicti
1132 1833 1287 1874 temporis
1312 1834 1454 1875 spacium
1473 1834 1702 1876 compleantur,
1728 1833 1820 1865 cadet
1844 1844 1862 1865 a
1878 1833 1947 1864 iure
1971 1831 2052 1873 quod
2091 1829 2097 1835 ’

416 1886 476 1916 sibi
507 1886 537 1915 in
562 1885 648 1916 (licta
672 1885 844 1916 advocacia
868 1885 1032 1926 competiit
1057 1885 1124 1915 sive
1150 1888 1333 1926 competere
1351 1885 1530 1917 videbatur.
1620 1885 1667 1927 (6)
1691 1885 1829 1927 Insuper
1851 1895 1908 1916 nos
1932 1894 2051 1916 memo-

416 1940 484 1967 rato
520 1937 764 1978 archiepiscopo
795 1940 826 1968 et
856 1937 991 1967 ecclesie
1023 1947 1078 1967 sue
1114 1937 1321 1968 restituemus
1353 1947 1464 1968 omnes
1496 1937 1632 1977 litteras,
1664 1937 1779 1979 quibus
1809 1937 1901 1968 nobis
1930 1935 2052 1978 usqueh

417 1988 456 2019 ad
480 1988 538 2019 hec
564 1992 709 2030 tempora
734 1999 830 2030 super
848 1987 1040 2030 quibusdam
1066 1989 1210 2019 articulis
1234 1989 1331 2020 fuerit
1349 1989 1521 2030 obligatus,
1546 1993 1578 2021 et
1595 1989 1776 2031 sepedictus
1794 1989 2050 2031 archiepiscopus

416 2040 506 2071 nobis
532 2040 679 2070 similiter
703 2044 831 2071 tenetur
855 2040 1026 2071 restituere
1044 2051 1155 2071 omnes
1172 2041 1309 2078 litteraS,
1335 2041 1365 2071 in
1383 2041 1499 2083 quibus
1517 2052 1613 2083 super
1629 2041 1818 2083 quibusdam
1837 2041 1979 2072 articulis
1996 2049 2051 2071 seu

416 2091 681 2133 promissionibus
712 2092 770 2122 sibi
800 2092 850 2123 vel
880 2102 936 2123 sue
970 2092 1108 2123 ecclesie
1138 2092 1187 2123 vel
1218 2091 1378 2133 quondam
1410 2092 1635 2135 Eng(elberto)
1666 2093 1749 2125 bone
1778 2093 1927 2124 memorie
1958 2092 2050 2123 Colo-

417 2143 518 2174 niensi
544 2142 785 2185 archiepiscopo
811 2142 986 2186 fu[er]imus
1012 2143 1154 2185 obligati.
1244 2144 1291 2185 (7)
1316 2144 1471 2175 Preterea
1499 2156 1555 2176 nos
1580 2156 1782 2177 assumemus
1811 2145 1890 2176 duos
1914 2144 1964 2175 vel
1986 2146 2051 2175 tres

417 2195 499 2225 viros
524 2194 677 2225 honestos
703 2198 733 2226 01
758 2195 826 2236 ipse
851 2195 1110 2237 archiepiscopus
1135 2195 1285 2235 totidem,
1319 2206 1390 2226 011111
1416 2196 1456 2227 ad
1481 2207 1537 2228 nos
1562 2198 1701 2235 venerit,
1731 2199 1887 2236 assumet,
1920 2206 2050 2238 quorum

417 2246 548 2276 arbitrio
578 2246 616 2276 (10
642 2246 739 2277 illatis
764 2246 1005 2287 gravaminibus
1030 2258 1087 2289 per
1112 2247 1308 2289 obsequiosa
1332 2248 1468 2280 servicia
1496 2249 1588 2280 nobis
1613 2249 1771 2291 prestabit
1794 2247 1972 2280 emendam.
2010 2247 2051 2278 Et

419 2302 452 2329 ut
483 2299 641 2341 premissa
671 2300 700 2330 in
732 2300 827 2340 pleno
862 2300 1038 2331 consistant
1066 2300 1180 2331 robore
1213 2300 1388 2338 firmitatis,
1421 2301 1536 2342 prefati
1568 2304 1791 2343 procuratores
1821 2299 2051 2341 archicpiscopi

418 2351 584 2381 memorati
610 2350 767 2381 habentes
792 2351 830 2381 ad
850 2352 909 2382 hoc
926 2353 1057 2393 plenum
1076 2352 1262 2383 mandatum
1287 2353 1318 2383 in
1336 2353 1474 2383 animam
1494 2353 1593 2395 ipsius
1611 2352 1842 2395 archiepiscopi
1859 2352 2050 2389 iuraverunt,

419 2402 501 2443 quod
526 2403 593 2443 ipsc
611 2402 872 2445 archiepiscopus
898 2405 1003 2435 onmia
1022 2404 1167 2446 predicta
1191 2408 1340 2435 teneatur
1364 2408 1396 2435 ct
1420 2404 1539 2436 debeat
1564 2405 1790 2437 inviolabiliter
1813 2404 1996 2441 observare,
2020 2406 2051 2434 ct

420 2455 487 2495 ipsc
512 2454 782 2495 archiepiscopus,
808 2466 879 2485 011111
904 2456 934 2485 111
960 2457 1160 2497 presenciam
1186 2459 1325 2487 nostram
1351 2457 1545 2498 pervenerit,
1571 2457 1737 2499 corporale
1761 2455 1917 2499 prestabit
1941 2453 2049 2497 superi

419 2506 647 2536 observacione
673 2506 902 2547 premissorum
929 2508 1067 2538 omnium
1098 2511 1346 2539 sacramentum.
1435 2508 1483 2549 (8)
1506 2508 1645 2540 Nomina
1668 2508 1848 2539 adiutorum
1872 2509 2048 2538 nostrorum

419 2562 492 2587 sunt
516 2557 590 2588 hcc:
617 2558 758 2589 illustres
783 2558 834 2589 l⁴'.¹‘
852 2559 917 2589 dux
934 2560 1154 2601 Lotheringic,
1180 2560 1220 2591 ΙΙ.
1240 2560 1438 2601 lantgravius
1464 2561 1580 2592 Hassie
1606 2564 1638 2591 et
1662 2559 1787 2591 nobiles
1812 2558 1868 2589 viri
1886 2558 1952 2589 Flo.
1969 2557 2048 2588 Hol-

419 2609 524 2639 landic
552 2614 583 2640 et
608 2609 728 2648 (ciclric,
753 2610 811 2640 Th.
830 2611 1006 2650 Ulcvensis,
1032 2612 1071 2642 ΙΙ.
1092 2612 1448 2653 Luczellenburgensis,
1473 2613 1512 2644 A.
1531 2612 1569 2644 dc
1588 2612 1708 2650 Monte,
1733 2610 1886 2642 Losensis
1905 2612 1937 2641 et
1953 2608 2048 2640 Iulia-

520 2704 584 2730 333.
605 2710 626 2735 ⁰)
647 2714 713 2730 corr.
732 2715 761 2729 ω·
780 2707 865 2737 cisque
886 2716 905 2730 ι’.
994 2706 1017 2732 ¹¹)
1039 2708 1103 2731 l‘arto
1123 2717 1142 2731 c.
1231 2713 1253 2728 v*
1274 2717 1338 2732 corr.
1359 2717 1388 2733 ac
1408 2709 1472 2739 cli-gi
1492 2717 1511 2732 c.
1612 2705 1631 2739 s)
1646 2712 1670 2732 ct.
1683 2708 1739 2732 (1010
1752 2716 1772 2732 c.
1860 2710 1884 2738 8)
1899 2706 1941 2738 qui
1955 2704 2014 2729 add.
2027 2712 2046 2728 c.

420 2748 443 2776 ¹¹}
463 2758 541 2780 msera
562 2749 655 2773 [mmm
675 2749 735 2773 fuld.
755 2759 774 2773 c.
864 2749 880 2779 ³)
901 2759 966 2774 corr.
988 2759 1016 2774 ιιι]
1035 2751 1082 2775 sub
1102 2760 1121 2775 c.
1203 2750 1227 2782 Κ)
1246 2751 1280 2775 sic
1300 2760 1318 2775 c.

2077 2000 2099 2019 35

2076 2258 2100 2276 40

2076 2513 2097 2532 ⁴5
