2259 3164
91 758 114 778 10

89 1016 111 1035 1⁵

89 1272 112 1292 2⁰

87 1529 109 1550 ²5

85 1790 109 1810 30

85 2061 109 2081 ³5

85 2277 108 2297 40

83 2305 88 2314 l

84 2494 108 2513 ⁴5

85 2728 108 2747 50

514 191 670 218 RUDOLFI
690 192 793 219 REGIS
812 193 1131 220 CONSTITUTIONES.
1169 195 1241 221 12T8.
1278 196 1324 222 Nr.
1339 196 1394 223 1923.
1714 200 1770 229 179

144 281 228 314 dicta
245 280 314 312 sive
330 279 499 322 promissa,
523 282 595 310 acta
619 290 674 310 seu
691 282 804 320 gestae
827 290 863 310 ac
888 279 1015 311 demum
1040 291 1098 322 per
1121 284 1151 311 te
1169 281 1273 322 ipsum
1290 283 1319 312 in
1338 285 1499 323 presentia
1517 284 1598 315 bone
1616 286 1768 316 memorie

144 332 288 374 Gregorii
311 341 393 373 pape
416 331 457 363 X.
481 331 718 372 predecessoris
743 332 842 362 nostri
867 333 1071 373 recongnita,
1108 332 1308 372 confirmata,
1332 335 1499 373 innovata,
1524 336 1562 366 de
1587 347 1667 367 novo
1692 347 1768 367 con-

143 394 250 423 cessa,
275 383 449 425 promissa,
474 382 576 423 dicta,
601 386 672 414 acta
696 394 752 414 seu
775 387 881 425 gesta,
907 387 1028 415 statuta
1052 385 1119 415 sive
1144 385 1264 424 iurata,
1293 386 1455 426 predictus
1479 387 1577 418 frater
1602 388 1768 419 Conradus

142 437 172 467 in
204 438 311 466 nostra
339 438 370 466 et
402 434 592 466 eorundemf
622 434 780 466 fratrumg
808 436 972 477 presentia
1002 439 1056 466 tuo
1089 437 1216 467 nominc
1248 440 1280 467 et
1310 447 1365 478 pro
1397 442 1443 477 te,
1473 442 1561 469 tuum
1587 450 1682 480 super
1705 440 1767 470 hiis

142 486 322 520 exhibendo
346 486 542 523 mandatum,
568 486 729 524 distincte,
754 487 854 518 libere
880 491 911 518 et
935 498 1089 529 expresse
1114 489 1339 528 recongnovit,
1364 490 1547 528 ratificavit,
1572 491 1768 532 approbavit.

141 539 305 570 innovavit
329 541 361 569 et
383 538 606 569 nichilominus
631 549 669 569 ea
694 539 800 569 onmia
831 542 863 569 et
887 539 1011 580 singula
1036 539 1132 569 beato
1156 539 1253 570 Petro
1278 540 1408 571 celestis
1435 541 1523 581 regni
1549 542 1708 582 clavigero
1734 553 1770 573 ac

140 591 231 622 nobis
247 590 315 621 eius
332 590 407 621 licet
423 589 611 621 immeritish
629 591 806 621 successori
833 591 1009 632 ceterisque
1028 591 1144 621 nostris
1163 591 1403 621 successoribus
1422 596 1454 623 et
1472 593 1607 623 ecclesie
1625 593 1768 624 Romane

141 642 179 674 de
202 651 283 673 novo
301 641 432 672 donavit
453 641 556 682 adque
574 643 746 673 concessit.
786 642 828 672 Et
853 642 892 673 ad
917 646 1004 673 tuam
1023 643 1251 674 conscientiam
1276 643 1485 674 serenandam
1512 648 1543 675 et
1567 647 1601 674 ut
1625 645 1769 685 predicta

141 694 244 726 omnia
266 693 411 735 plenarie
435 693 667 732 solidarentur,
698 694 934 731 stabilirentur,
963 694 1182 733 firmarentur,
1215 695 1451 736 complerentur
1476 699 1507 726 et
1531 696 1770 736 perficerentur,

140 745 314 784 revocavit,
343 745 496 784 cassavit,
527 745 724 785 annullavit,
754 746 890 776 irritavit
915 749 947 777 et
972 746 1119 777 omnibus
1146 746 1265 776 viribus
1291 747 1456 784 vacuavit,
1488 747 1636 788 quicquid
1661 752 1771 778 contra

139 796 283 839 predicta
299 796 349 827 vel
365 797 472 837 aliqua
488 796 704 838 predictorum
728 808 785 838 per
809 801 841 828 te
866 808 923 828 seu
947 808 1004 839 per
1028 798 1105 828 alios
1131 800 1203 828 tuos
1220 798 1350 828 nuntios
1369 798 1523 839 speciales
1542 798 1590 828 vel
1615 798 1768 829 officiales

139 851 191 879 tuo
211 848 359 879 mandato
375 848 428 879 vel
451 849 576 879 nomine
601 859 657 879 seu
674 859 908 890 quemcumque
933 850 1029 880 alium
1047 850 1098 880 vel
1123 849 1203 880 alios
1222 860 1422 891 quocumque
1439 850 1544 889 inodo,
1569 861 1769 892 quacumque

138 900 190 931 via
205 899 321 931 factum
339 903 426 931 esset
441 900 492 931 vel
509 901 699 941 promissum
720 901 787 932 sive
806 901 957 934 iuratum,
982 902 1092 932 volens
1118 904 1149 932 et
1166 904 1220 932 tuo
1239 902 1366 932 nomine
1386 912 1540 943 expresse
1558 902 1769 941 consentiens,

136 962 194 993 per
216 951 275 982 hoc
298 952 420 982 nullum
444 952 491 982 ius
515 951 574 982 tibi
604 955 668 983 tam
699 952 783 983 cirea
812 953 1051 994 possessionem
1081 964 1175 993 quam
1207 953 1292 984 circa
1323 954 1554 994 proprietatem
1586 964 1770 984 accrescere

137 1004 189 1035 vel
217 1004 277 1045 ipsi
305 1003 450 1035 Romane
478 1004 615 1035 ecclesie
642 1004 674 1034 in
704 1005 810 1045 aliquo
839 1005 998 1046 deperire.
1092 1004 1140 1045 (3)
1173 1004 1345 1035 Consensit
1376 1006 1510 1046 insuper
1541 1008 1572 1036 et
1603 1005 1770 1041 concessit,

138 1055 221 1098 quod
243 1066 300 1086 nos
325 1058 356 1086 et
380 1055 493 1086 eadem
517 1055 657 1087 ecelesia
680 1055 828 1087 Romana
858 1067 916 1098 per
948 1067 1004 1087 nos
1033 1060 1064 1087 et
1092 1067 1149 1097 per
1179 1056 1256 1087 alios
1286 1060 1360 1087 tunc
1391 1060 1422 1087 et
1453 1067 1579 1098 semper
1602 1067 1770 1097 possemus

137 1108 298 1150 accipere,
329 1107 486 1145 nancisci,
518 1107 638 1138 intrare
668 1111 700 1138 et
723 1108 969 1149 apprehendere
1002 1108 1124 1149 absque
1154 1108 1221 1139 ulla
1246 1108 1291 1138 tui
1316 1109 1365 1138 vel
1395 1108 1524 1138 alterius
1557 1108 1770 1149 requisitione,

137 1159 324 1190 auctoritate
341 1159 392 1190 vel
408 1159 559 1190 mandato
585 1159 724 1190 obtentis
748 1160 814 1191 sive
840 1160 947 1201 petitis
965 1160 1207 1201 possessionem
1233 1163 1265 1190 et
1282 1160 1372 1200 quasi
1390 1160 1530 1190 omnium
1549 1162 1769 1190 contentorum

137 1211 167 1242 in
183 1211 334 1253 predictis
349 1211 537 1252 privilegiiS,
555 1211 863 1251 confirmationibus,
882 1211 1155 1249 concessionibus,
1173 1211 1444 1250 innovationibus,
1462 1211 1770 1252 recongnitionibus,

138 1262 360 1294 donationibus
384 1273 442 1294 seu
466 1263 561 1294 etiam
586 1263 771 1294 iuramentis
796 1267 828 1294 et
852 1264 992 1294 omnium
1024 1274 1132 1294 eorum
1157 1274 1217 1304 que
1242 1264 1405 1304 pertinent
1434 1263 1474 1294 ad
1508 1263 1667 1304 predicta,
1697 1274 1769 1304 pro-

135 1314 261 1346 mittens
277 1314 512 1353 nichilominus,
537 1315 621 1355 quod
643 1318 675 1345 tu
693 1326 750 1356 per
774 1318 804 1345 te
823 1316 872 1345 vel
897 1326 954 1356 per
977 1315 1075 1346 alium
1100 1325 1157 1346 seu
1182 1315 1260 1345 alios
1278 1325 1340 1345 non
1366 1315 1521 1356 impedies
1546 1325 1602 1345 nos
1622 1314 1671 1345 vel
1690 1325 1769 1345 nun-

135 1366 195 1397 tios
212 1369 336 1397 nostros
353 1366 385 1396 in
402 1366 554 1407 predictis
572 1369 604 1397 et
621 1367 762 1408 quolibet
778 1367 1002 1408 predictorum,
1022 1370 1071 1398 set
1086 1367 1192 1408 potius
1216 1367 1245 1396 in
1265 1367 1410 1397 omnibus
1428 1366 1560 1408 prefatis
1584 1369 1648 1396 tam
1667 1366 1767 1407 adipi—

136 1417 259 1449 scendis
276 1428 369 1459 quam
386 1418 532 1449 tenendis
558 1421 590 1449 et
607 1418 764 1449 habendis
788 1422 843 1450 tuo
868 1429 960 1460 posse
978 1422 1134 1460 perpetuo
1152 1418 1329 1449 adiuvabis.
1411 1419 1458 1458 (4)
1476 1418 1517 1448 Et
1534 1421 1567 1448 ut
1586 1418 1644 1449 hec
1661 1418 1766 1448 omnia

136 1469 544 1511 omnimodeperfeetionis
575 1473 606 1501 et
630 1470 827 1501 solidationis
852 1470 1010 1501 haberent
1033 1470 1208 1511 plenariam
1234 1470 1414 1501 firmitatem
1439 1470 1532 1500 tactis
1557 1470 1766 1500 sacrosanctis

136 1521 309 1563 evangeliis
332 1521 449 1552 iuravit
471 1522 503 1552 in
521 1522 659 1552 animam
683 1526 782 1559 tuam,
807 1522 966 1553 exhibens
992 1532 1089 1562 super
1111 1521 1172 1552 hoc
1190 1522 1331 1563 speciale
1348 1521 1544 1559 mandatum,
1570 1524 1600 1551 te
1624 1521 1766 1562 predicta

135 1574 238 1604 omnia
261 1576 293 1604 et
318 1573 444 1615 singula
467 1577 623 1615 perpetuo
648 1574 876 1605 inviolabiliter
901 1577 1116 1610 servaturum,
1141 1574 1331 1614 promittens
1356 1572 1438 1614 quod
1462 1576 1495 1603 tu
1519 1582 1576 1614 per
1601 1576 1631 1603 te
1662 1573 1765 1614 ipsum

135 1635 173 1656 ea
196 1625 303 1656 omnia
326 1627 359 1656 et
375 1626 501 1666 singula
518 1625 653 1664 faceres,
680 1626 894 1667 promitteres,
920 1625 1091 1663 stabilires,
1116 1625 1211 1666 plene
1230 1625 1394 1656 solidares.
1418 1624 1569 1658 firmares,
1594 1624 1764 1666 perficeres

134 1679 229 1718 atque
245 1677 379 1715 iurares,
397 1676 664 1718 quandocumque
682 1687 740 1718 per
757 1687 814 1707 nos
839 1680 871 1707 et
887 1676 1064 1717 predictam
1083 1676 1252 1706 eeclesiam
1271 1676 1386 1706 litteris
1404 1676 1454 1706 vel
1472 1676 1590 1705 nuntiis
1607 1676 1765 1706 existeres

134 1728 339 1770 requisitus*,
369 1731 465 1770 prout
488 1728 548 1759 hec
572 1732 604 1759 et
627 1729 690 1759 alia
714 1729 744 1759 in
770 1728 991 1759 instrumentis
1016 1727 1152 1769 publicis
1176 1727 1249 1758 inde
1275 1727 1443 1765 confectis,
1476 1730 1603 1757 tenores
1632 1737 1763 1767 quorum

134 1789 190 1821 per
206 1779 342 1811 eundem
359 1780 491 1811 fratrem
505 1779 687 1811 Conradum
705 1781 762 1811 tibi
780 1780 1039 1819 transmittimus,
1059 1779 1211 1809 seriosius
1229 1779 1432 1809 continentur
1443 1778 1462 1808 ¹.
1544 1778 1590 1819 (5)
1608 1777 1652 1808 Ut
1669 1778 1764 1818 igitur

134 1834 187 1863 tue
211 1832 402 1863 sinceritatis
424 1832 593 1873 integritas
617 1832 751 1863 interius
777 1832 984 1872 exteriusque
1008 1831 1151 1862 reluceat
1175 1833 1206 1860 et
1230 1833 1385 1872 appareat
1410 1841 1465 1860 vas
1489 1828 1668 1860 sincerum2
1692 1839 1763 1869 prc—

134 1883 233 1914 missa
262 1884 367 1914 omnia
400 1887 432 1914 et
465 1884 591 1924 singula
622 1894 680 1924 per
709 1883 862 1924 specialia
891 1883 1057 1924 privilegia
1086 1881 1186 1922 regali
1221 1892 1320 1912 aurea
1348 1881 1436 1911 bulla
1458 1881 1581 1911 munita
1605 1884 1762 1922 prompte,

134 1933 306 1966 liberaliter
331 1938 363 1966 ct
386 1935 535 1966 distincte
560 1945 805 1976 recongnoscas,
830 1935 980 1973 ratificeS,
1005 1933 1185 1972 confirmes,
1210 1933 1343 1963 innoves
1369 1935 1400 1963 et
1425 1932 1463 1962 de
1487 1942 1569 1962 novo
1594 1931 1761 1965 concedas,

239 2011 265 2044 ³³⁷)
283 2011 312 2037 in
330 2011 447 2045 mmyc'ae
465 2011 606 2037 adduntur
624 2011 702 2037 haec:
720 2011 755 2036 Et
769 2011 941 2044 postmodnm
956 2011 1072 2036 dilectus
1084 2010 1155 2035 filius
1166 2009 1332 2035 Gottifridus
1346 2008 1500 2042 prepositus
1513 2008 1624 2034 ecclesie
1634 2008 1763 2033 Soliensis

286 2055 508 2089 Salzeburgensis
528 2055 651 2086 diocesiS,
673 2054 818 2080 familiaris
838 2054 951 2079 clericus
971 2056 999 2079 et·
1018 2053 1243 2087 prothonotarius
1263 2054 1333 2083 tuus,
1354 2060 1385 2077 ex
1401 2053 1478 2085 parte
1497 2052 1545 2076 tua
1564 2060 1624 2077 cuin
1639 2051 1762 2084 speciali-

283 2097 333 2124 bus
356 2098 487 2124 mandato
512 2099 539 2124 et
558 2098 658 2123 litteris
678 2097 712 2123 ad
731 2099 852 2123 nostram
873 2097 1039 2131 presentiam
1060 2097 1213 2122 destinatus
1233 2095 1329 2121 traditi
1349 2095 1401 2120 sibi
1421 2103 1436 2120 a
1456 2096 1482 2120 te
1503 2095 1668 2120 auctoritate
1687 2103 1762 2119 mau-

283 2141 340 2167 dati
360 2141 516 2167 iuramenta
535 2141 677 2167 fidelitatis
696 2150 743 2166 seu
766 2141 835 2169 alia.
861 2149 913 2173 que
932 2140 1066 2166 Rodulfus
1091 2139 1270 2166 cancellarius
1294 2140 1357 2164 tuus
1377 2146 1393 2163 a
1412 2138 1516 2163 civibus
1536 2137 1762 2167 Btnioniensibus,

283 2183 484 2216 Ymolensibus,
505 2184 693 2217 Faventinfis),
715 2184 937 2215 Forliviensibus,
958 2183 1244 2217 Foropopuliensibus,
1265 2181 1452 2212 Cesanatibus,
1473 2180 1688 2209 Ravennatibus,
1702 2180 1761 2205 Ari-

284 2227 461 2259 minensibus,
481 2228 663 2254 Urbinatibus
682 2236 788 2254 necnon
808 2229 835 2253 et
854 2227 917 2252 aliis
931 2227 1046 2252 aliarum
1062 2226 1206 2252 civitatum
1227 2227 1254 2251 et
1267 2227 1400 2251 terrarum
1415 2224 1523 2249 illarum
1539 2223 1658 2257 partium
1673 2223 1762 2255 adque

283 2270 417 2302 locorum,
442 2279 495 2304 que
514 2271 600 2304 ipsius
619 2270 732 2296 ecclesie
754 2269 819 2295 iuris
840 2269 974 2299 existunt,
994 2277 1042 2302 pro
1062 2270 1089 2294 te
1109 2269 1210 2295 dicitur
1229 2267 1362 2301 recepisse
1382 2268 1409 2293 et
1428 2266 1559 2299 quicquid
1580 2274 1627 2299 per
1646 2265 1761 2290 eundem

283 2315 475 2341 cancellarium
495 2323 541 2340 seu
560 2322 760 2348 quemcumque
779 2313 864 2339 alium
884 2313 912 2338 in
932 2312 1034 2338 eisdem
1054 2312 1222 2343 civitatibus,
1242 2311 1321 2337 terris
1341 2312 1367 2336 et
1387 2309 1451 2335 loeis
1471 2318 1516 2335 seu
1537 2318 1584 2342 per
1603 2310 1760 2342 potestates,

283 2357 453 2391 capitaneos,
479 2357 649 2383 consiliarios
674 2359 701 2383 et
724 2356 879 2383 communia
905 2364 951 2381 seu
970 2355 1039 2381 alios
1058 2355 1181 2380 homines
1200 2355 1319 2388 ipsorum
1340 2353 1497 2384 civitatum,
1522 2354 1653 2377 terrarum
1672 2352 1761 2383 adque

283 2400 403 2426 locorum
417 2402 517 2431 actum,
531 2401 639 2434 gestum
654 2402 681 2426 et
694 2400 885 2434 recongnitum
900 2399 1002 2429 extitit,
1017 2399 1168 2430 remittens,
1182 2406 1319 2428 revocans,
1335 2405 1450 2424 cassans,
1470 2395 1624 2421 annullans,
1644 2394 1760 2423 irritans,

285 2452 372 2476 cassa,
392 2444 470 2470 nulla
490 2446 517 2469 et,
535 2444 614 2470 irrita
632 2444 765 2469 nuntians
784 2452 815 2468 ac
835 2442 960 2468 omnibus
980 2441 1085 2467 viribus
1104 2449 1237 2471 vacuam,
1258 2439 1359 2465 eisdem
1380 2438 1579 2472 potestatibus.
1600 2436 1760 2470 capitanei<y

284 2487 404 2513 consiliis
424 2488 451 2513 et
470 2487 660 2513 communibus
679 2495 711 2512 ac
729 2486 792 2512 aliis
805 2485 939 2511 universis
960 2487 985 2510 et
1002 2485 1119 2518 singulis
1139 2493 1169 2509 ex
1189 2484 1267 2517 parte
1287 2484 1335 2508 tua
1354 2482 1445 2508 omnia
1465 2485 1491 2507 et
1510 2481 1617 2513 singula
1638 2480 1760 2513 prr-ditia

283 2531 310 2555 et
329 2530 384 2556 alia
409 2530 438 2555 in
458 2530 558 2556 eisdem
580 2531 710 2555 contenta
734 2529 836 2554 litteris
856 2528 996 2554 nuntiavit
1027 2530 1053 2553 et
1077 2526 1266 2553 denuntiando
1286 2525 1447 2551 sollicitavit
1472 2526 1497 2549 et
1518 2524 1626 2548 induxit
1645 2523 1758 2549 eosdem,

284 2573 355 2606 quod
374 2574 496 2599 nostrum
517 2574 544 2598 et
557 2572 677 2598 eiusdem
692 2572 803 2598 ecclesie
817 2573 1061 2603 recongnosrentes
1076 2570 1225 2595 dominium
1247 2569 1324 2594 nobis
1344 2570 1371 2594 et
1391 2568 1476 2592 eideni
1497 2567 1607 2591 vellesiu-
1627 2568 1757 2597 tanquam

283 2624 345 2642 vero
363 2616 473 2642 domino
492 2616 520 2641 in
534 2615 660 2642 omnibus
674 2617 701 2641 et
716 2624 762 2649 per
776 2615 875 2645 omnia,
890 2615 960 2639 sicut
974 2614 1082 2646 debent,
1101 2613 1239 2643 obediant,
1254 2612 1367 2644 pareant
1387 2613 1412 2635 et
1429 2610 1581 2637 intendant,
1602 2611 1677 2642 prout
1696 2609 1759 2633 141·ss

284 2659 315 2684 ut
332 2668 421 2692 supra..

233 2718 295 2745 193.
315 2720 337 2752 e)
357 2721 466 2752 sequitur
484 2723 579 2745 statuta
598 2729 642 2744 5011
661 2721 744 2744 iurata
766 2720 933 2751 snbpnnclam
953 2727 971 2742 c.
1052 2717 1069 2748 ί)
1089 2717 1224 2741 eorundem
1244 2724 1323 2747 snpra
1341 2715 1432 2739 lineum
1454 2714 1512 2737 mm.
1533 2722 1551 2737 1¹.
1634 2716 1658 2739 ’ἐρ
1679 2711 1756 2741 εωμίἒ

133 2766 172 2786 tur
190 2766 330 2787 nostrorum
350 2764 518 2788 oblitteratam
537 2772 556 2788 c.
646 2762 670 2794 ¹¹)
690 2764 720 2787 tis
741 2771 807 2787 corr.
827 2771 856 2787 <w
876 2768 899 2785 to
919 2770 938 2785 r.

234 2821 259 2854 1)
280 2820 370 2854 Sapra
388 2830 429 2848 nr.
446 2826 498 2848 184.
518 2826 569 2847 165.
656 2822 682 2853 2)
707 2821 746 2854 (γ’,
766 2821 843 2846 Pras.
863 2824 903 2851 223,
918 2824 939 2844 -1.
1027 2820 1052 2849 53)
1074 2818 1113 2849 (γ’,
1135 2818 1207 2850 infra,
1227 2824 1267 2841 nr.
1282 2820 1336 2841 2011,
1358 2819 1412 2840 2121.

1505 2866 1519 2889 Ν,
