2259 3116
404 132 464 160 584
536 132 539 134 ’
1104 129 1288 155 APPENDIX
1308 129 1356 155 111.

405 224 554 256 tauquam
580 226 686 246 coram
712 215 829 252 iudice.
866 216 918 256 qui
948 216 1047 256 petita
1078 216 1184 246 facere
1208 220 1335 256 poterat
1366 220 1397 246 et
1428 215 1567 246 debebat
1597 216 1770 247 secundum
1796 217 1945 248 iustitiam
1977 229 2050 249 con-

404 272 527 297 suetam
559 268 589 297 in
614 267 684 297 aliis
706 267 933 307 promovendis
962 267 1002 297 ad
1032 278 1181 298 coronam
1206 268 1331 308 imperii
1356 279 1373 298 a
1398 268 1513 298 nostris
1537 267 1817 308 predecessoribus
1841 268 2050 309 observatam.

404 330 466 348 non
491 322 597 348 tamen
621 319 679 348 hec
708 318 861 358 petebant
885 329 942 349 nec
960 318 1155 349 exhibebant
1179 329 1236 349 nee
1266 318 1426 349 faciebant
1450 329 1557 349 coram
1582 318 1681 357 nobis.
1706 326 1740 349 ut
1763 320 1912 360 infigura
1936 321 2051 359 iudicii,

404 371 459 400 sed
489 370 528 400 110
560 370 655 410 plano
692 370 732 400 ad
762 371 1000 401 instructionem
1030 375 1062 401 et
1085 371 1343 401 informationem
1368 375 1506 400 nostram
1539 374 1570 401 et
1594 370 1725 401 fratrum
1752 375 1930 402 nostrorum
1959 384 2053 413 super

404 423 469 452 iure
495 426 547 452 tuo
573 429 605 452 et
626 422 821 453 exhibitione
851 423 968 453 iustitie
993 429 1153 453 consuete.
1189 422 1236 452 Ac
1261 423 1390 462 insuper
1407 426 1595 457 asserentes.
1621 422 1705 463 quod
1730 423 1904 454 credebant
1927 435 1968 455 ex
1992 426 2052 456 eis·
2083 432 2094 451 ⁵

404 474 476 503 dem
502 474 717 504 instrumentis
748 479 779 504 et
804 474 920 505 chartis
945 474 1094 505 exhibitis
1119 479 1150 505 et
1174 485 1214 504 ex
1239 475 1308 506 hiis.
1334 485 1394 515 que
1420 485 1476 514 per
1500 475 1585 514 ipsos
1610 475 1773 515 proposita
1798 475 1923 505 fuerant
1946 485 2051 506 coram

405 525 508 558 nobis.
545 530 577 555 et
600 536 657 566 per
681 526 760 556 alios
785 533 855 556 tuos
890 532 921 556 et
945 526 1069 566 imperii
1095 527 1225 556 nuncios
1250 536 1356 556 eoram
1381 526 1496 555 nostris
1520 525 1801 566 predecessoribus
1829 538 1847 557 a
1871 527 2052 567 quindecim

403 578 493 607 aunis
517 578 595 607 citra
618 588 741 608 necnon
765 582 797 608 ct
821 588 861 608 ex
883 578 1036 618 qualitate
1054 579 1140 612 facti.
1165 578 1250 618 quod
1264 577 1424 618 publicum
1443 588 1499 617 per
1516 578 1644 614 famam.
1669 578 1766 608 immo
1791 579 1949 609 notorium
1967 589 2051 609 com-

404 630 542 659 muniter
566 630 705 669 reputari
732 629 888 660 dicebant.
914 641 971 660 nos
995 634 1027 660 et
1044 629 1175 660 eo'sdem
1200 630 1314 660 fratres
1338 632 1462 659 nostros
1487 640 1581 669 super
1604 630 1671 660 iure
1697 640 1732 660 ac
1750 630 1869 660 iustitia
1893 634 1944 661 tua
1963 631 2049 661 suffi-

403 681 524 711 cienter
569 681 738 711 instructos
777 682 950 721 petierunt.
995 682 1175 711 institerunt
1214 687 1244 711 01
1280 681 1375 711 etiam
1410 681 1640 721 511111111011111111.
1676 685 1710 711 111
1745 681 1845 712 dictas
1879 683 2050 722 petitiones
2070 690 2093 709 10

404 732 607 772 dignaremur
631 732 800 763 admittere
825 743 895 763 cum
920 732 1036 763 effectu
1061 735 1092 763 et
1120 733 1160 763 ad
1185 743 1239 763 cas
1263 732 1383 762 utiliter
1403 739 1434 762 ct
1459 732 1606 763 celeriter
1630 733 1835 773 respondere.
1862 733 1956 764 salvis
1979 745 2052 774 pro-

404 785 625 815 testationibus
642 784 795 821 omnibus.
822 796 899 825 quas
924 785 953 815 in
978 785 1037 814 hoc
1055 785 1183 825 negotio
1210 785 1267 824 ipsi
1293 788 1356 815 tam
1383 785 1413 814 in
1431 785 1647 824 propositione
1664 784 1791 825 publica
1812 796 1906 825 quam
1931 786 2053 826 privata

404 841 649 877 proposuerunt.
681 837 711 866 111
736 847 792 866 suo
816 836 930 867 robore
956 836 1127 869 duraturis.
1161 847 1231 866 eum
1257 839 1363 866 tamen
1388 836 1573 876 frequenter
1597 837 1764 876 protestati
1789 837 1935 872 fuissent.
1968 837 2052 878 quod

406 899 606 929 nequaquam
630 889 811 919 renuntiare
836 888 1077 928 probationibus
1102 887 1318 920 intendebant.
1344 887 1399 917 sed
1425 888 1448 917 si
1474 898 1552 928 opus
1577 892 1670 923 esset.
1696 889 1801 928 potius
1824 890 1869 919 uti
1895 889 1949 919 eis.

510 940 558 980 (4)
583 940 665 970 Sanc
690 940 765 970 licet
788 950 845 969 nos
869 939 1011 970 debitum
1036 950 1098 969 non
1122 943 1250 979 urgeret
1275 939 1380 973 officii.
1410 939 1512 969 dictos
1540 942 1611 969 tuos
1635 944 1857 979 procuratores
1887 941 2051 978 instruere,
2072 952 2096 970 1⁵

403 991 459 1021 5011
484 992 569 1022 iuxta
596 991 782 1031 qualitatem
808 992 979 1031 petitorum
1004 991 1198 1031 respondere
1224 991 1384 1021 sufficeret
1409 991 1448 1021 ad
1473 991 1584 1031 petita.
1614 991 1666 1021 illa
1693 996 1810 1028 tamen.
1836 1003 1931 1032 quam
1956 992 1995 1023 ad
2020 998 2050 1023 te

402 1044 556 1082 gerimus.
588 1043 693 1083 coegit
717 1042 858 1074 affectio.
890 1048 923 1073 ut
948 1042 1084 1082 benigue
1110 1046 1214 1072 tecum
1244 1049 1275 1072 et
1304 1053 1374 1072 cum
1404 1043 1479 1082 ipsis
1504 1047 1651 1082 agentes.
1681 1054 1720 1073 ne
1750 1044 1856 1074 votiva
1886 1043 1975 1074 nobis
2005 1044 2051 1074 in-

403 1095 514 1125 stantis
538 1094 775 1134 expeditionem
808 1095 927 1134 negotii
958 1105 1015 1134 pcr
1045 1095 1170 1134 ineptas
1195 1095 1365 1134 petitiones
1394 1101 1502 1124 contra
1534 1102 1674 1125 nostrum
1707 1095 1901 1125 desiderium
1931 1096 2052 1126 contin—

403 1150 494 1186 geret
522 1146 682 1186 impediri.
719 1147 764 1176 eis
788 1147 941 1186 promisse
966 1147 1067 1187 prime
1093 1147 1255 1186 petitionis
1280 1146 1522 1176 ostenderemus
1546 1147 1790 1187 ineptitudinem
1831 1157 1887 1178 nec
1913 1147 2050 1179 secunde

404 1198 586 1228 iniustitiam
611 1201 798 1228 taceremus.
904 1198 1067 1239 Siquidem
1093 1199 1192 1238 prima
1218 1199 1344 1238 petitio.
1369 1209 1438 1228 011111
1464 1199 1561 1239 ipsius
1585 1199 1703 1239 negotii
1728 1199 1921 1230 decisionem
1946 1200 2054 1239 exigat
2071 1214 2095 1233 20

404 1260 473 1279 eum
499 1250 743 1290 protestatione.
775 1249 858 1290 quod
889 1250 991 1279 adhuc
1024 1249 1264 1289 probationibus
1292 1250 1335 1279 uti
1367 1250 1476 1284 liceat.
1508 1261 1541 1280 se
1570 1261 1632 1280 non
1664 1251 1855 1291 compatitur
1895 1261 1952 1281 nee
1981 1261 2051 1281 cum

404 1302 471 1341 ipsa
500 1302 670 1337 coliem-rit.
697 1302 761 1331 sive
786 1312 922 1342 namque
948 1302 1048 1342 ipsam
1081 1302 1204 1332 admitti
1237 1302 1301 1332 sive
1332 1301 1470 1331 finaliter
1494 1306 1526 1332 et
1554 1302 1692 1333 decisive
1717 1302 1829 1343 repelli
1854 1303 2052 1342 contingeret

402 1359 473 1392 post
503 1352 643 1383 decisum
668 1353 820 1383 alterutro
850 1353 945 1383 modo
975 1354 1152 1393 negotium.
1182 1353 1286 1383 nullus
1318 1354 1460 1393 profecto
1486 1353 1572 1384 locus
1598 1353 1838 1394 probationibus
1868 1358 2050 1394 superesset

404 1414 459 1433 uec
484 1404 705 1443 probationum
732 1405 883 1435 facultate
908 1405 1078 1445 pendente.
1115 1405 1179 1435 Sed
1203 1405 1331 1435 demum
1356 1410 1428 1445 post
1452 1406 1723 1436 renunciationem
1748 1406 1970 1446 probationum
1995 1416 2051 1436 ex-

403 1467 543 1495 pressam
568 1456 617 1486 rel
651 1457 885 1486 conclusionem
917 1456 1028 1486 saltem
1062 1457 1246 1497 explicitam
1277 1468 1332 1487 seu
1361 1457 1634 1497 interprctativam
1666 1468 1706 1488 ex
1731 1458 1796 1488 iure
1826 1462 1897 1488 sunt
1920 1458 2048 1497 negotia
2067 1467 2090 1486 25

401 1507 486 1537 tiuali
512 1507 633 1537 calculo
659 1508 867 1538 terminamla.
964 1509 1108 1539 Secunde
1134 1519 1208 1539 vcro
1233 1509 1395 1549 petitionis
1420 1509 1572 1539 iniustitia
1597 1510 1707 1550 procul
1738 1509 1833 1540 dubio
1858 1509 1922 1540 late
1952 1513 2048 1550 patet.

403 1559 570 1594 Quomodo
595 1560 693 1595 enim.
726 1559 798 1589 dum
825 1559 863 1589 dc
889 1560 966 1596 iure.
992 1560 1076 1600 quod
1102 1561 1130 1590 in
1157 1561 1290 1600 imperio
1316 1560 1370 1590 tibi
1396 1561 1512 1591 asseris
1536 1562 1736 1601 acquisitum.
1762 1561 1881 1601 pendet
1905 1571 2049 1596 examen.

404 1611 577 1651 procedere
603 1612 682 1642 iuste
701 1616 806 1652 potest
830 1612 883 1642 illa
908 1613 1030 1652 petitio.
1056 1623 1117 1653 qua
1142 1624 1198 1652 pro
1220 1616 1310 1653 parte
1337 1618 1389 1642 tua
1407 1613 1525 1653 petitur
1542 1614 1683 1643 revocari
1702 1613 1851 1653 quicquid
1869 1613 2050 1643 innovatum

405 1669 452 1692 est
482 1663 512 1692 in
544 1663 751 1703 preiudicium
784 1664 858 1693 iuris
888 1664 947 1695 tui.
984 1675 1053 1694 cum
1086 1664 1163 1694 illud
1193 1664 1295 1694 adhuc
1330 1665 1483 1694 incertum
1515 1665 1554 1694 sit
1586 1669 1618 1694 et
1646 1675 1687 1695 ex
1715 1665 1834 1695 incerto
1864 1664 2049 1694 iudiciorum

404 1714 543 1754 pendere
568 1714 714 1744 videatur
737 1722 879 1746 eventus.
904 1716 1043 1745 maxime
1069 1726 1138 1745 cum
1164 1720 1314 1746 caveatur
1338 1716 1368 1745 in
1393 1716 1459 1746 iure
1485 1716 1627 1756 petitori.
1653 1716 1812 1756 pendente
1838 1715 2051 1746 controversia
2069 1726 2093 1745 30

404 1777 498 1805 super
523 1767 565 1796 rei
592 1766 730 1796 dominio
756 1767 887 1796 alicuius
912 1768 1037 1797 iuterim
1062 1768 1160 1807 ipsius
1184 1768 1229 1798 rei
1248 1768 1369 1798 ratione
1394 1768 1441 1798 1115
1465 1767 1595 1808 aliquod
1613 1768 1803 1802 vendicanti.
1829 1768 2050 1808 exceptionem

405 1817 540 1851 obstare.
567 1828 604 1847 uc
629 1819 740 1848 maiori
766 1819 923 1859 questioni
947 1819 1001 1849 fiat
1025 1819 1234 1859 prciudicium
1261 1830 1318 1859 per
1341 1820 1506 1849 minorem.

511 1870 559 1905 (5)
593 1869 689 1899 l'orro
719 1880 788 1899 011111
821 1870 859 1900 ad
889 1871 1038 1901 vicariam
1074 1872 1104 1901 in
1135 1871 1250 1901 Tuscia
1280 1872 1441 1901 carissimo
1474 1872 1503 1901 111
1533 1872 1659 1902 Christo
1688 1872 1752 1902 tilio
1789 1878 1895 1901 nostro
1927 1895 1955 1901 ..
1985 1871 2050 1909 regi

404 1921 509 1949 sicilie
537 1921 645 1951 illustri
672 1921 813 1951 eiusdem
840 1922 924 1952 sedis
948 1924 1135 1953 auctoritate
1161 1924 1361 1953 commissam
1387 1927 1418 1953 ct
1449 1924 1639 1963 potestur-ias
1667 1924 1696 1953 in
1722 1922 1910 1963 quibusdam
1938 1922 2050 1952 Tuscie

404 1984 439 2001 ae
467 1972 655 2002 Loinbaraiv
682 1973 860 2004 civitatibus
882 1985 900 2004 a
926 1985 1000 2013 rege
1020 1976 1087 2015 ipso
1113 1975 1255 2005 eiusdem
1278 1975 1362 2005 sedis
1385 1975 1553 2005 tolerantia
1578 1986 1634 2006 seu
1657 1975 1864 2016 permissione
1890 1977 2051 2014 susceptas
2069 1983 2094 2002 ³⁵

404 2024 500 2063 ipsius
526 2025 685 2064 petitionis
711 2026 830 2055 teratur
854 2026 995 2058 intentio.
1022 2030 1113 2066 prout
1138 2038 1209 2057 eam
1233 2028 1476 2067 111-111111110111111111
1495 2028 1658 2067 expressio
1683 2025 1874 2057 continebat.
1900 2036 2049 2066 expresse

404 2075 664 2115 supplicantium.
695 2076 842 2116 quiequid
875 2078 957 2107 circa
989 2078 1058 2108 illas
1090 2079 1206 2108 factum
1240 2079 1334 2108 fuerit
1364 2079 1520 2114 revocari.
1551 2090 1590 2109 ex
1625 2079 1682 2108 11110
1714 2077 1856 2107 eiusdem
1890 2077 2050 2117 petitionis

405 2127 555 2156 iniustitia
584 2127 761 2157 evidentius
790 2129 975 2168 apparebat.
1034 2130 1125 2165 Quod
1156 2131 1352 2160 auctoritatis
1389 2131 1650 2160 commemoratio
1680 2129 1785 2159 01110111
1820 2129 1887 2168 regi
1917 2129 2047 2169 111-051110

405 2178 433 2206 111
461 2178 620 2217 premissis
650 2179 817 2209 manifeste
849 2180 984 2210 docebit.
1033 2181 1158 2211 Dudum
1189 2181 1345 2222 siquidem
1377 2181 1478 2211 dictus
1508 2182 1715 2222 predecessor
1744 2184 1851 2210 uoster
1879 2180 2051 2220 prudenter

404 2229 582 2260 attendens.
608 2230 690 2269 quod
717 2241 784 2259 011111
811 2231 849 2260 ad
876 2232 1016 2270 prelatos
1041 2244 1150 2262 omnes
1175 2238 1205 2262 et
1230 2234 1397 2273 episcopos
1415 2234 1553 2263 maxime
1579 2236 1711 2273 spectet.
1739 2233 1768 2262 in
1793 2232 1856 2262 suis
1873 2230 2050 2261 diocesibus
2067 2241 2094 2260 «111

404 2280 677 2310 exhortationibus
703 2282 786 2321 prius
811 2286 841 2311 et
867 2282 993 2313 denium
1019 2295 1072 2314 sua
1100 2284 1314 2314 iurisdictione
1340 2295 1375 2314 ae
1397 2285 1586 2314 auctoritate
1614 2295 1762 2314 revocare
1787 2284 1827 2314 ad
1850 2282 2049 2313 concordiam

405 2331 639 2364 discordantes.
680 2332 718 2362 ad
757 2334 855 2372 ipsum
893 2335 1094 2373 singulariter
1131 2335 1310 2375 pertinebat
1345 2336 1375 2365 iu
1412 2336 1580 2366 universali
1618 2336 1753 2366 ecelesia
1788 2340 1939 2365 cunctare
1977 2344 2049 2364 con—

404 2383 590 2419 gregatione
623 2384 762 2414 tidelium
795 2396 904 2424 pacem
940 2397 1072 2426 querere
1108 2398 1144 2417 ae
1171 2388 1268 2427 ipsam
1296 2388 1401 2417 faeere
1427 2387 1610 2426 diligentius
1635 2387 1806 2418 observari.
1832 2392 1864 2417 et
1887 2386 2049 2427 potissime

406 2435 433 2463 iu
461 2434 580 2464 eisdem
607 2435 720 2465 'l'useie
746 2448 780 2465 ae
809 2436 998 2467 Lombardie
1025 2438 1176 2478 partibus.
1202 2449 1261 2479 11110
1289 2439 1443 2479 imperiali
1470 2439 1620 2469 destitute
1648 2439 1800 2479 regimine
1841 2439 1870 2468 iu
1895 2438 1954 2468 liiis
1978 2448 2049 2478 pro-

406 2486 555 2515 visionem
596 2487 692 2526 ipsius
727 2493 757 2516 et
794 2487 875 2517 dicte
906 2489 990 2518 sedis
1021 2490 1203 2529 spetialiter
1238 2490 1468 2530 expectabant.
1505 2491 1543 2520 de
1581 2491 1718 2531 ipsorum
1756 2491 1886 2520 fratrum
1919 2488 2048 2519 consilio
2067 2501 2092 2519 ⁴5

404 2537 572 2567 salubriter
597 2538 762 2569 ordinarit.
788 2546 820 2568 ut
846 2539 946 2569 incole
973 2541 1106 2581 partium
1133 2541 1215 2571 dicte
1243 2542 1401 2581 provincie
1427 2541 1551 2574 Tuseie.
1578 2543 1634 2583 ipsi
1661 2542 1872 2572 subiecta-riui]
1906 2540 2048 2580 imperio.

406 2593 543 2620 iurarent
573 2600 682 2629 pacem
718 2602 749 2619 se
776 2590 1006 2621 inviolabiliter·
1030 2599 1209 2622 servaturos
1245 2597 1275 2622 et
1301 2604 1370 2623 eam
1402 2594 1565 2624 studerent
1594 2594 1732 2624 1111011101·
1765 2593 1942 2622 observare.
1980 2590 2048 2621 Non

405 2636 584 2682 intendens.
620 2642 702 2681 quod
741 2653 796 2681 per
827 2642 884 2672 boe
914 2643 1028 2683 aliquis¹
1057 2645 1101 2674 sui
1129 2645 1202 2674 iuris
1227 2645 1480 2685 prosecutionem
1507 2647 1682 2676 omitteret.
1719 2644 1774 2675 5011
1808 2651 1841 2674 ut
1877 2642 1952 2673 illud
1989 2652 2047 2672 nou

406 2691 534 2724 111-111115,
571 2692 625 2722 sed
657 2693 773 2723 iuribus
808 2703 1053 2734 prose‹pieretur
1082 2707 1186 2726 coram
1224 2696 1326 2726 iudiee
1352 2698 1561 2737 eompeteuti„
1598 2708 1635 2727 ne
1671 2697 1694 2726 si
1721 2696 1886 2736 quisquam
1913 2694 1978 2724 51110
2003 2693 2047 2723 sui

406 2744 607 2779 magistratus
644 2745 776 2784 imperio
809 2745 865 2774 sibi
906 2747 951 2775 ius
986 2747 1090 2777 dicere
1131 2749 1254 2788 propria
1287 2749 1466 2778 temeritate
1498 2756 1712 2788 presumeret.
1748 2756 1858 2787 pacem
1888 2744 2046 2786 ΡΓΟΥῙΙΙΡῙυ
2066 2753 2092 2771 ³³⁰
