<?xml version="1.0" encoding="UTF-8"?>
<!DOCTYPE html PUBLIC "-//W3C//DTD XHTML 1.0 Transitional//EN"
    "http://www.w3.org/TR/xhtml1/DTD/xhtml1-transitional.dtd">
<html xmlns="http://www.w3.org/1999/xhtml" xml:lang="en" lang="en">
 <head>
  <title>
</title>
<meta http-equiv="Content-Type" content="text/html;charset=utf-8" />
  <meta name='ocr-system' content='tesseract 3.04.00' />
  <meta name='ocr-capabilities' content='ocr_page ocr_carea ocr_par ocr_line ocrx_word'/>
</head>
<body>
  <div class='ocr_page' id='page_1' title='image "./monumentagelegum03geseuoft/monumentagelegum03geseuoft_0297.png"; bbox 0 0 2259 3164; ppageno 0'>
   <div class='ocr_carea' id='block_1_1' title="bbox 66 772 88 789">
    <p class='ocr_par' dir='ltr' id='par_1_1' title="bbox 66 772 88 789">
     <span class='ocr_line' id='line_1_1' title="bbox 66 772 88 789; baseline -0.045 0"><span class='ocrx_word' id='word_1_1' title='bbox 66 772 88 789; x_wconf 85' lang='lat'>10</span> 
     </span>
    </p>
   </div>
   <div class='ocr_carea' id='block_1_2' title="bbox 65 1028 86 1046">
    <p class='ocr_par' dir='ltr' id='par_1_2' title="bbox 65 1028 86 1046">
     <span class='ocr_line' id='line_1_2' title="bbox 65 1028 86 1046; baseline 0 0"><span class='ocrx_word' id='word_1_2' title='bbox 65 1028 86 1046; x_wconf 85' lang='lat'>15</span> 
     </span>
    </p>
   </div>
   <div class='ocr_carea' id='block_1_3' title="bbox 65 1287 88 1305">
    <p class='ocr_par' dir='ltr' id='par_1_3' title="bbox 65 1287 88 1305">
     <span class='ocr_line' id='line_1_3' title="bbox 65 1287 88 1305; baseline 0 0"><span class='ocrx_word' id='word_1_3' title='bbox 65 1287 88 1305; x_wconf 78' lang='lat'>20</span> 
     </span>
    </p>
   </div>
   <div class='ocr_carea' id='block_1_4' title="bbox 69 1543 90 1562">
    <p class='ocr_par' dir='ltr' id='par_1_4' title="bbox 69 1543 90 1562">
     <span class='ocr_line' id='line_1_4' title="bbox 69 1543 90 1562; baseline 0 0"><span class='ocrx_word' id='word_1_4' title='bbox 69 1543 90 1562; x_wconf 73' lang='lat'>25</span> 
     </span>
    </p>
   </div>
   <div class='ocr_carea' id='block_1_5' title="bbox 69 1803 93 1822">
    <p class='ocr_par' dir='ltr' id='par_1_5' title="bbox 69 1803 93 1822">
     <span class='ocr_line' id='line_1_5' title="bbox 69 1803 93 1822; baseline 0 0"><span class='ocrx_word' id='word_1_5' title='bbox 69 1803 93 1822; x_wconf 81' lang='lat'>³0</span> 
     </span>
    </p>
   </div>
   <div class='ocr_carea' id='block_1_6' title="bbox 74 2582 96 2601">
    <p class='ocr_par' dir='ltr' id='par_1_6' title="bbox 74 2582 96 2601">
     <span class='ocr_line' id='line_1_6' title="bbox 74 2582 96 2601; baseline 0.045 -1"><span class='ocrx_word' id='word_1_6' title='bbox 74 2582 96 2601; x_wconf 76' lang='lat'>⁴⁵</span> 
     </span>
    </p>
   </div>
   <div class='ocr_carea' id='block_1_7' title="bbox 77 2796 99 2816">
    <p class='ocr_par' dir='ltr' id='par_1_7' title="bbox 77 2796 99 2816">
     <span class='ocr_line' id='line_1_7' title="bbox 77 2796 99 2816; baseline 0 0"><span class='ocrx_word' id='word_1_7' title='bbox 77 2796 99 2816; x_wconf 76' lang='lat'>50</span> 
     </span>
    </p>
   </div>
   <div class='ocr_carea' id='block_1_8' title="bbox 451 203 1742 240">
    <p class='ocr_par' dir='ltr' id='par_1_8' title="bbox 451 203 1742 240">
     <span class='ocr_line' id='line_1_8' title="bbox 451 203 1742 240; baseline 0.001 -10"><span class='ocrx_word' id='word_1_8' title='bbox 451 203 606 231; x_wconf 82' lang='lat' dir='ltr'>RUDOLFI</span> <span class='ocrx_word' id='word_1_9' title='bbox 627 203 730 231; x_wconf 80' lang='lat' dir='ltr'>REGIS</span> <span class='ocrx_word' id='word_1_10' title='bbox 750 203 1069 230; x_wconf 61' lang='lat' dir='ltr'>CONs‘rlTUTIONES.</span> <span class='ocrx_word' id='word_1_11' title='bbox 1108 205 1180 231; x_wconf 65' lang='lat'><strong>1281.</strong></span> <span class='ocrx_word' id='word_1_12' title='bbox 1217 205 1262 231; x_wconf 90' lang='lat' dir='ltr'>Nr.</span> <span class='ocrx_word' id='word_1_13' title='bbox 1276 206 1333 232; x_wconf 69' lang='lat'><strong>205.</strong></span> <span class='ocrx_word' id='word_1_14' title='bbox 1346 208 1404 233; x_wconf 64' lang='lat'><strong>200.</strong></span> <span class='ocrx_word' id='word_1_15' title='bbox 1682 210 1742 240; x_wconf 75' lang='lat'>259</span> 
     </span>
    </p>
   </div>
   <div class='ocr_carea' id='block_1_9' title="bbox 112 290 1745 1925">
    <p class='ocr_par' dir='ltr' id='par_1_9' title="bbox 112 290 1745 1832">
     <span class='ocr_line' id='line_1_9' title="bbox 114 290 1742 336; baseline 0.001 -11"><span class='ocrx_word' id='word_1_16' title='bbox 114 293 222 326; x_wconf 87' lang='lat' dir='ltr'>fideles</span> <span class='ocrx_word' id='word_1_17' title='bbox 247 296 277 323; x_wconf 87' lang='lat' dir='ltr'>et</span> <span class='ocrx_word' id='word_1_18' title='bbox 300 291 473 323; x_wconf 80' lang='lat' dir='ltr'>familiares</span> <span class='ocrx_word' id='word_1_19' title='bbox 502 294 626 322; x_wconf 88' lang='lat' dir='ltr'>nostros</span> <span class='ocrx_word' id='word_1_20' title='bbox 652 290 802 329; x_wconf 78' lang='lat' dir='ltr'>dilectos,</span> <span class='ocrx_word' id='word_1_21' title='bbox 836 294 868 322; x_wconf 89' lang='lat' dir='ltr'>et</span> <span class='ocrx_word' id='word_1_22' title='bbox 898 291 1092 332; x_wconf 74' lang='lat' dir='ltr'>quemlibetg</span> <span class='ocrx_word' id='word_1_23' title='bbox 1121 302 1229 322; x_wconf 90' lang='lat' dir='ltr'>corum</span> <span class='ocrx_word' id='word_1_24' title='bbox 1255 293 1285 323; x_wconf 92' lang='lat' dir='ltr'>in</span> <span class='ocrx_word' id='word_1_25' title='bbox 1310 293 1454 332; x_wconf 88' lang='lat' dir='ltr'>solidum,</span> <span class='ocrx_word' id='word_1_26' title='bbox 1480 294 1524 324; x_wconf 90' lang='lat' dir='ltr'>ita</span> <span class='ocrx_word' id='word_1_27' title='bbox 1548 295 1655 336; x_wconf 83' lang='lat' dir='ltr'>quod¹¹</span> <span class='ocrx_word' id='word_1_28' title='bbox 1680 306 1742 326; x_wconf 94' lang='lat' dir='ltr'>non</span> 
     </span>
     <span class='ocr_line' id='line_1_10' title="bbox 115 343 1742 384; baseline 0 -7"><span class='ocrx_word' id='word_1_29' title='bbox 115 347 154 377; x_wconf 85' lang='lat' dir='ltr'>sit</span> <span class='ocrx_word' id='word_1_30' title='bbox 176 345 290 376; x_wconf 90' lang='lat' dir='ltr'>melior</span> <span class='ocrx_word' id='word_1_31' title='bbox 313 343 450 374; x_wconf 90' lang='lat' dir='ltr'>conditio</span> <span class='ocrx_word' id='word_1_32' title='bbox 469 343 687 384; x_wconf 80' lang='lat' dir='ltr'>occupantis¹,</span> <span class='ocrx_word' id='word_1_33' title='bbox 712 343 943 380; x_wconf 86' lang='lat' dir='ltr'>constituimus,</span> <span class='ocrx_word' id='word_1_34' title='bbox 968 343 1104 373; x_wconf 84' lang='lat' dir='ltr'>facimus</span> <span class='ocrx_word' id='word_1_35' title='bbox 1130 346 1162 374; x_wconf 89' lang='lat' dir='ltr'>et</span> <span class='ocrx_word' id='word_1_36' title='bbox 1188 344 1373 375; x_wconf 78' lang='lat' dir='ltr'>ordinamus</span> <span class='ocrx_word' id='word_1_37' title='bbox 1398 348 1524 375; x_wconf 84' lang='lat' dir='ltr'>nostros</span> <span class='ocrx_word' id='word_1_38' title='bbox 1549 349 1581 375; x_wconf 84' lang='lat' dir='ltr'>et</span> <span class='ocrx_word' id='word_1_39' title='bbox 1604 346 1742 377; x_wconf 85' lang='lat' dir='ltr'>Romani</span> 
     </span>
     <span class='ocr_line' id='line_1_11' title="bbox 113 394 1740 438; baseline 0.001 -10"><span class='ocrx_word' id='word_1_40' title='bbox 113 396 235 438; x_wconf 87' lang='lat' dir='ltr'>imperii</span> <span class='ocrx_word' id='word_1_41' title='bbox 261 396 291 426; x_wconf 94' lang='lat' dir='ltr'>in</span> <span class='ocrx_word' id='word_1_42' title='bbox 310 394 454 436; x_wconf 86' lang='lat' dir='ltr'>partibus</span> <span class='ocrx_word' id='word_1_43' title='bbox 472 394 586 424; x_wconf 88' lang='lat' dir='ltr'>Tuscie</span> <span class='ocrx_word' id='word_1_44' title='bbox 604 394 739 424; x_wconf 84' lang='lat' dir='ltr'>vicarios</span> <span class='ocrx_word' id='word_1_45' title='bbox 757 394 927 435; x_wconf 80' lang='lat' dir='ltr'>generales</span> <span class='ocrx_word' id='word_1_46' title='bbox 945 397 977 424; x_wconf 80' lang='lat' dir='ltr'>et</span> <span class='ocrx_word' id='word_1_47' title='bbox 1001 394 1132 435; x_wconf 80' lang='lat' dir='ltr'>insuper</span> <span class='ocrx_word' id='word_1_48' title='bbox 1155 399 1377 436; x_wconf 82' lang='lat' dir='ltr'>procuratores</span> <span class='ocrx_word' id='word_1_49' title='bbox 1401 400 1433 426; x_wconf 89' lang='lat' dir='ltr'>et</span> <span class='ocrx_word' id='word_1_50' title='bbox 1456 398 1582 427; x_wconf 87' lang='lat' dir='ltr'>nuntios</span> <span class='ocrx_word' id='word_1_51' title='bbox 1606 398 1740 429; x_wconf 82' lang='lat' dir='ltr'>nostrosi</span> 
     </span>
     <span class='ocr_line' id='line_1_12' title="bbox 112 445 1742 488; baseline 0.001 -9"><span class='ocrx_word' id='word_1_52' title='bbox 112 449 149 480; x_wconf 82' lang='lat' dir='ltr'>ad</span> <span class='ocrx_word' id='word_1_53' title='bbox 173 446 385 488; x_wconf 79' lang='lat' dir='ltr'>exigendum,</span> <span class='ocrx_word' id='word_1_54' title='bbox 409 445 583 487; x_wconf 88' lang='lat' dir='ltr'>petendum</span> <span class='ocrx_word' id='word_1_55' title='bbox 608 450 639 476; x_wconf 87' lang='lat' dir='ltr'>et</span> <span class='ocrx_word' id='word_1_56' title='bbox 664 445 883 487; x_wconf 89' lang='lat' dir='ltr'>recipiendum</span> <span class='ocrx_word' id='word_1_57' title='bbox 909 449 1018 476; x_wconf 89' lang='lat' dir='ltr'>nostro</span> <span class='ocrx_word' id='word_1_58' title='bbox 1044 449 1075 476; x_wconf 89' lang='lat' dir='ltr'>et</span> <span class='ocrx_word' id='word_1_59' title='bbox 1100 446 1243 476; x_wconf 86' lang='lat' dir='ltr'>eiusdem</span> <span class='ocrx_word' id='word_1_60' title='bbox 1267 447 1391 488; x_wconf 89' lang='lat' dir='ltr'>imperii</span> <span class='ocrx_word' id='word_1_61' title='bbox 1416 449 1544 479; x_wconf 88' lang='lat' dir='ltr'>nomine</span> <span class='ocrx_word' id='word_1_62' title='bbox 1569 449 1742 487; x_wconf 75' lang='lat' dir='ltr'>fidelitatis,</span> 
     </span>
     <span class='ocr_line' id='line_1_13' title="bbox 112 496 1742 539; baseline 0.001 -9"><span class='ocrx_word' id='word_1_63' title='bbox 112 499 249 539; x_wconf 82' lang='lat' dir='ltr'>homagii</span> <span class='ocrx_word' id='word_1_64' title='bbox 274 500 307 528; x_wconf 91' lang='lat' dir='ltr'>et</span> <span class='ocrx_word' id='word_1_65' title='bbox 330 497 451 528; x_wconf 87' lang='lat' dir='ltr'>servitii</span> <span class='ocrx_word' id='word_1_66' title='bbox 476 496 590 527; x_wconf 73' lang='lat' dir='ltr'>nobisk</span> <span class='ocrx_word' id='word_1_67' title='bbox 614 497 712 527; x_wconf 87' lang='lat' dir='ltr'>debiti</span> <span class='ocrx_word' id='word_1_68' title='bbox 737 496 964 536; x_wconf 76' lang='lat' dir='ltr'>sacramenta1,</span> <span class='ocrx_word' id='word_1_69' title='bbox 990 507 1008 527; x_wconf 89' lang='lat' dir='ltr'>a</span> <span class='ocrx_word' id='word_1_70' title='bbox 1031 497 1274 538; x_wconf 83' lang='lat' dir='ltr'>quibuscunque</span> <span class='ocrx_word' id='word_1_71' title='bbox 1299 499 1445 539; x_wconf 82' lang='lat' dir='ltr'>personis</span> <span class='ocrx_word' id='word_1_72' title='bbox 1477 500 1525 529; x_wconf 89' lang='lat' dir='ltr'>vel</span> <span class='ocrx_word' id='word_1_73' title='bbox 1550 501 1627 531; x_wconf 85' lang='lat' dir='ltr'>locis</span> <span class='ocrx_word' id='word_1_74' title='bbox 1652 502 1742 532; x_wconf 86' lang='lat' dir='ltr'>nobis</span> 
     </span>
     <span class='ocr_line' id='line_1_14' title="bbox 113 548 1742 592; baseline 0 -10"><span class='ocrx_word' id='word_1_75' title='bbox 113 553 142 582; x_wconf 92' lang='lat' dir='ltr'>in</span> <span class='ocrx_word' id='word_1_76' title='bbox 160 550 279 582; x_wconf 87' lang='lat' dir='ltr'>eisdem</span> <span class='ocrx_word' id='word_1_77' title='bbox 296 548 442 590; x_wconf 84' lang='lat' dir='ltr'>partibus</span> <span class='ocrx_word' id='word_1_78' title='bbox 461 548 576 578; x_wconf 86' lang='lat' dir='ltr'>Tuscie</span> <span class='ocrx_word' id='word_1_79' title='bbox 595 548 707 578; x_wconf 87' lang='lat' dir='ltr'>eadem</span> <span class='ocrx_word' id='word_1_80' title='bbox 725 548 911 578; x_wconf 79' lang='lat' dir='ltr'>debeantur.</span> <span class='ocrx_word' id='word_1_81' title='bbox 1000 548 1047 588; x_wconf 82' lang='lat'>(2)</span> <span class='ocrx_word' id='word_1_82' title='bbox 1071 548 1113 578; x_wconf 82' lang='lat' dir='ltr'>Et</span> <span class='ocrx_word' id='word_1_83' title='bbox 1137 548 1175 579; x_wconf 83' lang='lat' dir='ltr'>ad</span> <span class='ocrx_word' id='word_1_84' title='bbox 1201 549 1341 590; x_wconf 86' lang='lat' dir='ltr'>petenda</span> <span class='ocrx_word' id='word_1_85' title='bbox 1366 553 1397 580; x_wconf 88' lang='lat' dir='ltr'>ct</span> <span class='ocrx_word' id='word_1_86' title='bbox 1422 551 1634 592; x_wconf 77' lang='lat' dir='ltr'>recipienda¹¹¹</span> <span class='ocrx_word' id='word_1_87' title='bbox 1659 552 1742 582; x_wconf 86' lang='lat' dir='ltr'>bona</span> 
     </span>
     <span class='ocr_line' id='line_1_15' title="bbox 113 599 1743 644; baseline 0 -10"><span class='ocrx_word' id='word_1_88' title='bbox 113 606 163 635; x_wconf 85' lang='lat' dir='ltr'>et¹¹</span> <span class='ocrx_word' id='word_1_89' title='bbox 185 601 437 644; x_wconf 82' lang='lat' dir='ltr'>possessiones0,</span> <span class='ocrx_word' id='word_1_90' title='bbox 464 599 607 630; x_wconf 85' lang='lat' dir='ltr'>redditus</span> <span class='ocrx_word' id='word_1_91' title='bbox 631 603 683 631; x_wconf 82' lang='lat' dir='ltr'>et¹²</span> <span class='ocrx_word' id='word_1_92' title='bbox 706 604 892 641; x_wconf 87' lang='lat' dir='ltr'>proventus,</span> <span class='ocrx_word' id='word_1_93' title='bbox 911 600 1070 637; x_wconf 81' lang='lat' dir='ltr'>civitates,</span> <span class='ocrx_word' id='word_1_94' title='bbox 1089 604 1203 637; x_wconf 80' lang='lat' dir='ltr'>castra,</span> <span class='ocrx_word' id='word_1_95' title='bbox 1222 602 1424 639; x_wconf 67' lang='lat' dir='ltr'>munitiones,</span> <span class='ocrx_word' id='word_1_96' title='bbox 1450 602 1686 633; x_wconf 86' lang='lat' dir='ltr'>iurisdictiones</span> <span class='ocrx_word' id='word_1_97' title='bbox 1712 607 1743 634; x_wconf 88' lang='lat' dir='ltr'>et</span> 
     </span>
     <span class='ocr_line' id='line_1_16' title="bbox 113 651 1743 694; baseline 0 -9"><span class='ocrx_word' id='word_1_98' title='bbox 113 655 193 693; x_wconf 85' lang='lat' dir='ltr'>iura,</span> <span class='ocrx_word' id='word_1_99' title='bbox 217 662 407 694; x_wconf 88' lang='lat' dir='ltr'>quocunque</span> <span class='ocrx_word' id='word_1_100' title='bbox 433 651 559 682; x_wconf 89' lang='lat' dir='ltr'>nomine</span> <span class='ocrx_word' id='word_1_101' title='bbox 583 655 793 691; x_wconf 79' lang='lat' dir='ltr'>censeantur,</span> <span class='ocrx_word' id='word_1_102' title='bbox 825 653 857 682; x_wconf 91' lang='lat' dir='ltr'>in</span> <span class='ocrx_word' id='word_1_103' title='bbox 881 651 1003 682; x_wconf 86' lang='lat' dir='ltr'>eisdem</span> <span class='ocrx_word' id='word_1_104' title='bbox 1031 652 1177 693; x_wconf 89' lang='lat' dir='ltr'>partibus</span> <span class='ocrx_word' id='word_1_105' title='bbox 1202 652 1318 683; x_wconf 79' lang='lat' dir='ltr'>Tuscie</span> <span class='ocrx_word' id='word_1_106' title='bbox 1342 654 1536 694; x_wconf 76' lang='lat' dir='ltr'>pertinentia</span> <span class='ocrx_word' id='word_1_107' title='bbox 1565 654 1604 684; x_wconf 88' lang='lat' dir='ltr'>ad</span> <span class='ocrx_word' id='word_1_108' title='bbox 1630 665 1686 684; x_wconf 85' lang='lat' dir='ltr'>nos</span> <span class='ocrx_word' id='word_1_109' title='bbox 1711 659 1743 685; x_wconf 84' lang='lat' dir='ltr'>et</span> 
     </span>
     <span class='ocr_line' id='line_1_17' title="bbox 112 703 1742 747; baseline -0.001 -10"><span class='ocrx_word' id='word_1_110' title='bbox 112 705 276 747; x_wconf 89' lang='lat' dir='ltr'>imperium</span> <span class='ocrx_word' id='word_1_111' title='bbox 306 703 539 745; x_wconf 82' lang='lat' dir='ltr'>supradictum,</span> <span class='ocrx_word' id='word_1_112' title='bbox 564 706 596 734; x_wconf 88' lang='lat' dir='ltr'>et</span> <span class='ocrx_word' id='word_1_113' title='bbox 620 703 659 733; x_wconf 86' lang='lat' dir='ltr'>ad</span> <span class='ocrx_word' id='word_1_114' title='bbox 684 703 894 734; x_wconf 88' lang='lat' dir='ltr'>ordinandum</span> <span class='ocrx_word' id='word_1_115' title='bbox 926 706 958 733; x_wconf 87' lang='lat' dir='ltr'>et</span> <span class='ocrx_word' id='word_1_116' title='bbox 987 703 1220 744; x_wconf 89' lang='lat' dir='ltr'>disponendum</span> <span class='ocrx_word' id='word_1_117' title='bbox 1253 704 1292 734; x_wconf 87' lang='lat' dir='ltr'>de</span> <span class='ocrx_word' id='word_1_118' title='bbox 1317 704 1394 745; x_wconf 84' lang='lat' dir='ltr'>ipsis</span> <span class='ocrx_word' id='word_1_119' title='bbox 1419 708 1450 734; x_wconf 84' lang='lat' dir='ltr'>ct</span> <span class='ocrx_word' id='word_1_120' title='bbox 1474 706 1635 745; x_wconf 72' lang='lat' dir='ltr'>quolibetv</span> <span class='ocrx_word' id='word_1_121' title='bbox 1659 707 1742 747; x_wconf 84' lang='lat' dir='ltr'>ipso-</span> 
     </span>
     <span class='ocr_line' id='line_1_18' title="bbox 112 755 1743 798; baseline 0.001 -10"><span class='ocrx_word' id='word_1_122' title='bbox 112 768 189 794; x_wconf 80' lang='lat' dir='ltr'>rum,</span> <span class='ocrx_word' id='word_1_123' title='bbox 215 755 385 797; x_wconf 87' lang='lat' dir='ltr'>quicquidq</span> <span class='ocrx_word' id='word_1_124' title='bbox 409 755 534 796; x_wconf 86' lang='lat' dir='ltr'>utrique</span> <span class='ocrx_word' id='word_1_125' title='bbox 558 755 610 785; x_wconf 89' lang='lat' dir='ltr'>vel</span> <span class='ocrx_word' id='word_1_126' title='bbox 634 755 728 785; x_wconf 85' lang='lat' dir='ltr'>alteri</span> <span class='ocrx_word' id='word_1_127' title='bbox 754 755 906 796; x_wconf 81' lang='lat' dir='ltr'>ipsorum,</span> <span class='ocrx_word' id='word_1_128' title='bbox 930 755 985 785; x_wconf 85' lang='lat' dir='ltr'>ubi</span> <span class='ocrx_word' id='word_1_129' title='bbox 1010 755 1090 785; x_wconf 88' lang='lat' dir='ltr'>alter</span> <span class='ocrx_word' id='word_1_130' title='bbox 1115 755 1233 786; x_wconf 78' lang='lat' dir='ltr'>absens</span> <span class='ocrx_word' id='word_1_131' title='bbox 1257 755 1372 795; x_wconf 90' lang='lat' dir='ltr'>fuerit,</span> <span class='ocrx_word' id='word_1_132' title='bbox 1398 756 1557 787; x_wconf 86' lang='lat' dir='ltr'>videbitur</span> <span class='ocrx_word' id='word_1_133' title='bbox 1581 758 1743 798; x_wconf 82' lang='lat' dir='ltr'>expedire.</span> 
     </span>
     <span class='ocr_line' id='line_1_19' title="bbox 114 805 1743 849; baseline 0 -10"><span class='ocrx_word' id='word_1_134' title='bbox 114 808 159 849; x_wconf 88' lang='grc'>(3)</span> <span class='ocrx_word' id='word_1_135' title='bbox 183 807 224 838; x_wconf 83' lang='lat' dir='ltr'>Et</span> <span class='ocrx_word' id='word_1_136' title='bbox 252 807 375 838; x_wconf 84' lang='lat' dir='ltr'>iudices</span> <span class='ocrx_word' id='word_1_137' title='bbox 406 809 438 837; x_wconf 86' lang='lat' dir='ltr'>et</span> <span class='ocrx_word' id='word_1_138' title='bbox 466 806 620 836; x_wconf 87' lang='lat' dir='ltr'>officiales</span> <span class='ocrx_word' id='word_1_139' title='bbox 649 805 911 836; x_wconf 85' lang='lat' dir='ltr'>constituendum</span> <span class='ocrx_word' id='word_1_140' title='bbox 942 806 973 836; x_wconf 91' lang='lat' dir='ltr'>in</span> <span class='ocrx_word' id='word_1_141' title='bbox 1004 807 1144 847; x_wconf 85' lang='lat' dir='ltr'>negotiis</span> <span class='ocrx_word' id='word_1_142' title='bbox 1174 810 1206 837; x_wconf 87' lang='lat' dir='ltr'>et</span> <span class='ocrx_word' id='word_1_143' title='bbox 1238 807 1344 837; x_wconf 84' lang='lat' dir='ltr'>causis</span> <span class='ocrx_word' id='word_1_144' title='bbox 1373 807 1631 849; x_wconf 89' lang='lat' dir='ltr'>quibuscunque,</span> <span class='ocrx_word' id='word_1_145' title='bbox 1662 809 1743 839; x_wconf 89' lang='lat' dir='ltr'>sicut</span> 
     </span>
     <span class='ocr_line' id='line_1_20' title="bbox 114 858 1742 901; baseline 0 -11"><span class='ocrx_word' id='word_1_146' title='bbox 114 871 168 891; x_wconf 91' lang='lat' dir='ltr'>nos</span> <span class='ocrx_word' id='word_1_147' title='bbox 196 859 257 901; x_wconf 90' lang='lat' dir='ltr'>ipsi</span> <span class='ocrx_word' id='word_1_148' title='bbox 288 858 417 889; x_wconf 86' lang='lat' dir='ltr'>eosdem</span> <span class='ocrx_word' id='word_1_149' title='bbox 443 858 639 888; x_wconf 86' lang='lat' dir='ltr'>constituere</span> <span class='ocrx_word' id='word_1_150' title='bbox 664 868 842 898; x_wconf 75' lang='lat' dir='ltr'>possemuS,</span> <span class='ocrx_word' id='word_1_151' title='bbox 867 858 893 888; x_wconf 89' lang='lat' dir='ltr'>si</span> <span class='ocrx_word' id='word_1_152' title='bbox 919 862 1086 899; x_wconf 82' lang='lat' dir='ltr'>presentes</span> <span class='ocrx_word' id='word_1_153' title='bbox 1111 868 1265 897; x_wconf 80' lang='lat' dir='ltr'>essemus,</span> <span class='ocrx_word' id='word_1_154' title='bbox 1291 862 1323 888; x_wconf 88' lang='lat' dir='ltr'>et</span> <span class='ocrx_word' id='word_1_155' title='bbox 1349 858 1388 888; x_wconf 89' lang='lat' dir='ltr'>ad</span> <span class='ocrx_word' id='word_1_156' title='bbox 1413 859 1637 895; x_wconf 87' lang='lat' dir='ltr'>statuendum,</span> <span class='ocrx_word' id='word_1_157' title='bbox 1661 863 1742 890; x_wconf 86' lang='lat' dir='ltr'>trae—</span> 
     </span>
     <span class='ocr_line' id='line_1_21' title="bbox 113 909 1742 952; baseline -0.001 -10"><span class='ocrx_word' id='word_1_158' title='bbox 113 911 243 942; x_wconf 87' lang='lat' dir='ltr'>tandum</span> <span class='ocrx_word' id='word_1_159' title='bbox 267 913 299 941; x_wconf 86' lang='lat' dir='ltr'>et</span> <span class='ocrx_word' id='word_1_160' title='bbox 321 909 502 940; x_wconf 88' lang='lat' dir='ltr'>faciendum</span> <span class='ocrx_word' id='word_1_161' title='bbox 526 909 557 939; x_wconf 91' lang='lat' dir='ltr'>in</span> <span class='ocrx_word' id='word_1_162' title='bbox 581 909 732 950; x_wconf 84' lang='lat' dir='ltr'>predictis</span> <span class='ocrx_word' id='word_1_163' title='bbox 758 909 902 951; x_wconf 86' lang='lat' dir='ltr'>partibus</span> <span class='ocrx_word' id='word_1_164' title='bbox 928 909 1044 941; x_wconf 85' lang='lat' dir='ltr'>Tuscie</span> <span class='ocrx_word' id='word_1_165' title='bbox 1069 910 1174 941; x_wconf 88' lang='lat' dir='ltr'>omnia</span> <span class='ocrx_word' id='word_1_166' title='bbox 1203 913 1235 940; x_wconf 93' lang='lat' dir='ltr'>et</span> <span class='ocrx_word' id='word_1_167' title='bbox 1265 910 1406 951; x_wconf 85' lang='lat' dir='ltr'>singula,</span> <span class='ocrx_word' id='word_1_168' title='bbox 1432 921 1492 951; x_wconf 89' lang='lat' dir='ltr'>que</span> <span class='ocrx_word' id='word_1_169' title='bbox 1516 911 1583 941; x_wconf 90' lang='lat' dir='ltr'>veri</span> <span class='ocrx_word' id='word_1_170' title='bbox 1608 914 1640 941; x_wconf 88' lang='lat' dir='ltr'>et</span> <span class='ocrx_word' id='word_1_171' title='bbox 1664 912 1742 952; x_wconf 90' lang='lat' dir='ltr'>legi-</span> 
     </span>
     <span class='ocr_line' id='line_1_22' title="bbox 113 961 1743 1003; baseline -0.001 -9"><span class='ocrx_word' id='word_1_172' title='bbox 113 963 181 994; x_wconf 87' lang='lat' dir='ltr'>timi</span> <span class='ocrx_word' id='word_1_173' title='bbox 196 962 314 999; x_wconf 89' lang='lat' dir='ltr'>vicarii,</span> <span class='ocrx_word' id='word_1_174' title='bbox 334 964 556 1003; x_wconf 82' lang='lat' dir='ltr'>procuratores</span> <span class='ocrx_word' id='word_1_175' title='bbox 575 964 607 991; x_wconf 87' lang='lat' dir='ltr'>et</span> <span class='ocrx_word' id='word_1_176' title='bbox 631 961 733 991; x_wconf 91' lang='lat' dir='ltr'>nuntii</span> <span class='ocrx_word' id='word_1_177' title='bbox 758 961 888 1002; x_wconf 89' lang='lat' dir='ltr'>plenum</span> <span class='ocrx_word' id='word_1_178' title='bbox 907 961 1093 992; x_wconf 87' lang='lat' dir='ltr'>mandatum</span> <span class='ocrx_word' id='word_1_179' title='bbox 1112 965 1144 992; x_wconf 91' lang='lat' dir='ltr'>et</span> <span class='ocrx_word' id='word_1_180' title='bbox 1160 961 1295 992; x_wconf 85' lang='lat' dir='ltr'>liberam</span> <span class='ocrx_word' id='word_1_181' title='bbox 1313 961 1576 992; x_wconf 83' lang='lat' dir='ltr'>administrandir</span> <span class='ocrx_word' id='word_1_182' title='bbox 1600 965 1743 1003; x_wconf 66' lang='lat' dir='ltr'>potesta&lt;</span> 
     </span>
     <span class='ocr_line' id='line_1_23' title="bbox 112 1012 1743 1054; baseline -0.002 -8"><span class='ocrx_word' id='word_1_183' title='bbox 112 1018 174 1046; x_wconf 88' lang='lat' dir='ltr'>tem</span> <span class='ocrx_word' id='word_1_184' title='bbox 203 1014 359 1045; x_wconf 80' lang='lat' dir='ltr'>habentes</span> <span class='ocrx_word' id='word_1_185' title='bbox 389 1023 416 1042; x_wconf 88' lang='lat' dir='ltr'>a·</span> <span class='ocrx_word' id='word_1_186' title='bbox 437 1012 529 1043; x_wconf 89' lang='lat' dir='ltr'>nobis</span> <span class='ocrx_word' id='word_1_187' title='bbox 554 1012 660 1043; x_wconf 81' lang='lat' dir='ltr'>facere</span> <span class='ocrx_word' id='word_1_188' title='bbox 685 1016 838 1054; x_wconf 75' lang='lat' dir='ltr'>possunt³</span> <span class='ocrx_word' id='word_1_189' title='bbox 863 1013 912 1043; x_wconf 73' lang='lat' dir='ltr'>ett</span> <span class='ocrx_word' id='word_1_190' title='bbox 936 1012 1055 1043; x_wconf 86' lang='lat' dir='ltr'>debent</span> <span class='ocrx_word' id='word_1_191' title='bbox 1078 1013 1118 1043; x_wconf 89' lang='lat' dir='ltr'>de</span> <span class='ocrx_word' id='word_1_192' title='bbox 1144 1012 1376 1043; x_wconf 90' lang='lat' dir='ltr'>consuetudine</span> <span class='ocrx_word' id='word_1_193' title='bbox 1401 1013 1451 1043; x_wconf 91' lang='lat' dir='ltr'>vel</span> <span class='ocrx_word' id='word_1_194' title='bbox 1472 1013 1511 1043; x_wconf 88' lang='lat' dir='ltr'>de</span> <span class='ocrx_word' id='word_1_195' title='bbox 1530 1014 1608 1052; x_wconf 90' lang='lat' dir='ltr'>iure,</span> <span class='ocrx_word' id='word_1_196' title='bbox 1634 1014 1663 1043; x_wconf 90' lang='lat' dir='ltr'>in</span> <span class='ocrx_word' id='word_1_197' title='bbox 1682 1014 1743 1044; x_wconf 92' lang='lat' dir='ltr'>illis</span> 
     </span>
     <span class='ocr_line' id='line_1_24' title="bbox 113 1064 1742 1106; baseline -0.002 -8"><span class='ocrx_word' id='word_1_198' title='bbox 113 1068 206 1098; x_wconf 88' lang='lat' dir='ltr'>etiam</span> <span class='ocrx_word' id='word_1_199' title='bbox 222 1066 357 1103; x_wconf 86' lang='lat' dir='ltr'>casibus,</span> <span class='ocrx_word' id='word_1_200' title='bbox 382 1065 414 1095; x_wconf 91' lang='lat' dir='ltr'>in</span> <span class='ocrx_word' id='word_1_201' title='bbox 431 1065 545 1106; x_wconf 88' lang='lat' dir='ltr'>quibus</span> <span class='ocrx_word' id='word_1_202' title='bbox 563 1064 748 1095; x_wconf 86' lang='lat' dir='ltr'>mandatum</span> <span class='ocrx_word' id='word_1_203' title='bbox 765 1065 939 1106; x_wconf 85' lang='lat' dir='ltr'>requiritur</span> <span class='ocrx_word' id='word_1_204' title='bbox 956 1065 1105 1106; x_wconf 89' lang='lat' dir='ltr'>speciale.</span> <span class='ocrx_word' id='word_1_205' title='bbox 1197 1065 1245 1106; x_wconf 77' lang='lat'>(4)</span> <span class='ocrx_word' id='word_1_206' title='bbox 1272 1065 1456 1095; x_wconf 84' lang='lat' dir='ltr'>Sententias</span> <span class='ocrx_word' id='word_1_207' title='bbox 1476 1066 1604 1101; x_wconf 62' lang='lat' dir='ltr'>etiamn,</span> <span class='ocrx_word' id='word_1_208' title='bbox 1627 1065 1742 1104; x_wconf 85' lang='lat' dir='ltr'>banna,</span> 
     </span>
     <span class='ocr_line' id='line_1_25' title="bbox 113 1116 1742 1161; baseline -0.002 -11"><span class='ocrx_word' id='word_1_209' title='bbox 113 1129 211 1161; x_wconf 87' lang='lat' dir='ltr'>penas</span> <span class='ocrx_word' id='word_1_210' title='bbox 235 1122 266 1149; x_wconf 85' lang='lat' dir='ltr'>et</span> <span class='ocrx_word' id='word_1_211' title='bbox 289 1118 421 1154; x_wconf 87' lang='lat' dir='ltr'>multas,</span> <span class='ocrx_word' id='word_1_212' title='bbox 451 1127 529 1158; x_wconf 87' lang='lat' dir='ltr'>quas</span> <span class='ocrx_word' id='word_1_213' title='bbox 554 1116 651 1147; x_wconf 88' lang='lat' dir='ltr'>iidem</span> <span class='ocrx_word' id='word_1_214' title='bbox 675 1116 727 1147; x_wconf 90' lang='lat' dir='ltr'>vel</span> <span class='ocrx_word' id='word_1_215' title='bbox 752 1117 833 1147; x_wconf 85' lang='lat' dir='ltr'>alter</span> <span class='ocrx_word' id='word_1_216' title='bbox 858 1127 983 1153; x_wconf 85' lang='lat' dir='ltr'>eorum,</span> <span class='ocrx_word' id='word_1_217' title='bbox 1013 1117 1067 1147; x_wconf 91' lang='lat' dir='ltr'>ubi</span> <span class='ocrx_word' id='word_1_218' title='bbox 1097 1117 1179 1147; x_wconf 85' lang='lat' dir='ltr'>alter</span> <span class='ocrx_word' id='word_1_219' title='bbox 1207 1117 1324 1148; x_wconf 83' lang='lat' dir='ltr'>absens</span> <span class='ocrx_word' id='word_1_220' title='bbox 1356 1117 1470 1156; x_wconf 88' lang='lat' dir='ltr'>fuerit,</span> <span class='ocrx_word' id='word_1_221' title='bbox 1502 1117 1551 1147; x_wconf 90' lang='lat' dir='ltr'>vel</span> <span class='ocrx_word' id='word_1_222' title='bbox 1577 1117 1742 1147; x_wconf 86' lang='lat' dir='ltr'>constituti</span> 
     </span>
     <span class='ocr_line' id='line_1_26' title="bbox 113 1168 1742 1210; baseline -0.002 -9"><span class='ocrx_word' id='word_1_223' title='bbox 113 1171 151 1201; x_wconf 88' lang='lat' dir='ltr'>ab</span> <span class='ocrx_word' id='word_1_224' title='bbox 179 1170 224 1201; x_wconf 90' lang='lat' dir='ltr'>eis</span> <span class='ocrx_word' id='word_1_225' title='bbox 252 1169 405 1205; x_wconf 71' lang='lat' dir='ltr'>iudicesv,</span> <span class='ocrx_word' id='word_1_226' title='bbox 436 1168 588 1199; x_wconf 84' lang='lat' dir='ltr'>officiales</span> <span class='ocrx_word' id='word_1_227' title='bbox 618 1168 670 1198; x_wconf 90' lang='lat' dir='ltr'>vel</span> <span class='ocrx_word' id='word_1_228' title='bbox 700 1171 890 1199; x_wconf 88' lang='lat' dir='ltr'>executores</span> <span class='ocrx_word' id='word_1_229' title='bbox 922 1169 1069 1208; x_wconf 88' lang='lat' dir='ltr'>tulerint,</span> <span class='ocrx_word' id='word_1_230' title='bbox 1104 1169 1315 1210; x_wconf 81' lang='lat' dir='ltr'>imposuerint</span> <span class='ocrx_word' id='word_1_231' title='bbox 1350 1170 1401 1199; x_wconf 89' lang='lat' dir='ltr'>vel</span> <span class='ocrx_word' id='word_1_232' title='bbox 1436 1169 1622 1209; x_wconf 71' lang='lat' dir='ltr'>exegerint,</span> <span class='ocrx_word' id='word_1_233' title='bbox 1657 1172 1742 1199; x_wconf 85' lang='lat' dir='ltr'>ratas</span> 
     </span>
     <span class='ocr_line' id='line_1_27' title="bbox 113 1219 1743 1260; baseline -0.002 -7"><span class='ocrx_word' id='word_1_234' title='bbox 113 1222 296 1253; x_wconf 83' lang='lat' dir='ltr'>habebimus</span> <span class='ocrx_word' id='word_1_235' title='bbox 332 1224 363 1252; x_wconf 88' lang='lat' dir='ltr'>et</span> <span class='ocrx_word' id='word_1_236' title='bbox 397 1220 549 1251; x_wconf 83' lang='lat' dir='ltr'>faciemus</span> <span class='ocrx_word' id='word_1_237' title='bbox 574 1219 711 1250; x_wconf 89' lang='lat' dir='ltr'>Domino</span> <span class='ocrx_word' id='word_1_238' title='bbox 747 1220 972 1251; x_wconf 80' lang='lat' dir='ltr'>concedenteW</span> <span class='ocrx_word' id='word_1_239' title='bbox 1002 1221 1230 1251; x_wconf 87' lang='lat' dir='ltr'>inviolabiliter</span> <span class='ocrx_word' id='word_1_240' title='bbox 1258 1221 1430 1252; x_wconf 87' lang='lat' dir='ltr'>observari.</span> <span class='ocrx_word' id='word_1_241' title='bbox 1519 1219 1567 1260; x_wconf 81' lang='lat'>(5)</span> <span class='ocrx_word' id='word_1_242' title='bbox 1596 1220 1743 1251; x_wconf 79' lang='lat' dir='ltr'>DamusX</span> 
     </span>
     <span class='ocr_line' id='line_1_28' title="bbox 113 1272 1743 1316; baseline -0.001 -12"><span class='ocrx_word' id='word_1_243' title='bbox 113 1277 257 1316; x_wconf 82' lang='lat' dir='ltr'>preterea</span> <span class='ocrx_word' id='word_1_244' title='bbox 290 1272 441 1314; x_wconf 82' lang='lat' dir='ltr'>predictis</span> <span class='ocrx_word' id='word_1_245' title='bbox 476 1273 627 1314; x_wconf 87' lang='lat' dir='ltr'>episcopo</span> <span class='ocrx_word' id='word_1_246' title='bbox 664 1277 695 1304; x_wconf 90' lang='lat' dir='ltr'>et</span> <span class='ocrx_word' id='word_1_247' title='bbox 730 1273 921 1303; x_wconf 82' lang='lat' dir='ltr'>cancellario</span> <span class='ocrx_word' id='word_1_248' title='bbox 960 1276 991 1303; x_wconf 85' lang='lat' dir='ltr'>ct</span> <span class='ocrx_word' id='word_1_249' title='bbox 1026 1273 1119 1303; x_wconf 90' lang='lat' dir='ltr'>alteri</span> <span class='ocrx_word' id='word_1_250' title='bbox 1143 1283 1268 1308; x_wconf 75' lang='lat' dir='ltr'>corum.</span> <span class='ocrx_word' id='word_1_251' title='bbox 1299 1273 1353 1303; x_wconf 88' lang='lat' dir='ltr'>ubi</span> <span class='ocrx_word' id='word_1_252' title='bbox 1386 1273 1468 1304; x_wconf 90' lang='lat' dir='ltr'>alter</span> <span class='ocrx_word' id='word_1_253' title='bbox 1496 1273 1612 1303; x_wconf 83' lang='lat' dir='ltr'>absens</span> <span class='ocrx_word' id='word_1_254' title='bbox 1636 1273 1743 1310; x_wconf 74' lang='lat' dir='ltr'>fuerit,</span> 
     </span>
     <span class='ocr_line' id='line_1_29' title="bbox 113 1324 1741 1368; baseline -0.001 -12"><span class='ocrx_word' id='word_1_255' title='bbox 113 1327 237 1368; x_wconf 86' lang='lat' dir='ltr'>plenam</span> <span class='ocrx_word' id='word_1_256' title='bbox 262 1328 294 1356; x_wconf 88' lang='lat' dir='ltr'>et</span> <span class='ocrx_word' id='word_1_257' title='bbox 325 1325 459 1355; x_wconf 88' lang='lat' dir='ltr'>liberam</span> <span class='ocrx_word' id='word_1_258' title='bbox 490 1328 685 1365; x_wconf 84' lang='lat' dir='ltr'>potestatem</span> <span class='ocrx_word' id='word_1_259' title='bbox 716 1328 748 1355; x_wconf 86' lang='lat' dir='ltr'>et</span> <span class='ocrx_word' id='word_1_260' title='bbox 778 1325 918 1366; x_wconf 84' lang='lat' dir='ltr'>speciale</span> <span class='ocrx_word' id='word_1_261' title='bbox 950 1324 1149 1361; x_wconf 77' lang='lat' dir='ltr'>mandatum,</span> <span class='ocrx_word' id='word_1_262' title='bbox 1184 1325 1324 1355; x_wconf 85' lang='lat' dir='ltr'>rebelles</span> <span class='ocrx_word' id='word_1_263' title='bbox 1354 1328 1385 1355; x_wconf 87' lang='lat' dir='ltr'>et</span> <span class='ocrx_word' id='word_1_264' title='bbox 1408 1324 1586 1363; x_wconf 77' lang='lat' dir='ltr'>indevotos,</span> <span class='ocrx_word' id='word_1_265' title='bbox 1612 1325 1638 1355; x_wconf 89' lang='lat' dir='ltr'>si</span> <span class='ocrx_word' id='word_1_266' title='bbox 1663 1335 1741 1365; x_wconf 91' lang='lat' dir='ltr'>quos</span> 
     </span>
     <span class='ocr_line' id='line_1_30' title="bbox 115 1376 1741 1418; baseline 0 -12"><span class='ocrx_word' id='word_1_267' title='bbox 115 1377 195 1418; x_wconf 91' lang='lat' dir='ltr'>quod</span> <span class='ocrx_word' id='word_1_268' title='bbox 224 1379 366 1407; x_wconf 79' lang='lat' dir='ltr'>avertaty</span> <span class='ocrx_word' id='word_1_269' title='bbox 389 1376 574 1406; x_wconf 87' lang='lat' dir='ltr'>Altissimus</span> <span class='ocrx_word' id='word_1_270' title='bbox 604 1377 635 1406; x_wconf 91' lang='lat' dir='ltr'>in</span> <span class='ocrx_word' id='word_1_271' title='bbox 664 1376 808 1418; x_wconf 85' lang='lat' dir='ltr'>partibus</span> <span class='ocrx_word' id='word_1_272' title='bbox 834 1376 949 1406; x_wconf 88' lang='lat' dir='ltr'>Tuscie</span> <span class='ocrx_word' id='word_1_273' title='bbox 974 1377 1164 1417; x_wconf 84' lang='lat' dir='ltr'>repererint,</span> <span class='ocrx_word' id='word_1_274' title='bbox 1189 1377 1421 1417; x_wconf 89' lang='lat' dir='ltr'>qualiscunque</span> <span class='ocrx_word' id='word_1_275' title='bbox 1447 1376 1634 1407; x_wconf 83' lang='lat' dir='ltr'>conditionis</span> <span class='ocrx_word' id='word_1_276' title='bbox 1659 1376 1741 1406; x_wconf 84' lang='lat' dir='ltr'>exti—</span> 
     </span>
     <span class='ocr_line' id='line_1_31' title="bbox 115 1427 1739 1470; baseline -0.001 -11"><span class='ocrx_word' id='word_1_277' title='bbox 115 1429 217 1467; x_wconf 85' lang='lat' dir='ltr'>terint,</span> <span class='ocrx_word' id='word_1_278' title='bbox 241 1427 384 1470; x_wconf 85' lang='lat' dir='ltr'>privandi</span> <span class='ocrx_word' id='word_1_279' title='bbox 407 1427 523 1467; x_wconf 82' lang='lat' dir='ltr'>feudis,</span> <span class='ocrx_word' id='word_1_280' title='bbox 549 1428 672 1466; x_wconf 85' lang='lat' dir='ltr'>castris,</span> <span class='ocrx_word' id='word_1_281' title='bbox 698 1428 802 1467; x_wconf 89' lang='lat' dir='ltr'>terris,</span> <span class='ocrx_word' id='word_1_282' title='bbox 825 1428 948 1468; x_wconf 79' lang='lat' dir='ltr'>gratiis,</span> <span class='ocrx_word' id='word_1_283' title='bbox 973 1428 1185 1463; x_wconf 83' lang='lat' dir='ltr'>libertatibus,</span> <span class='ocrx_word' id='word_1_284' title='bbox 1217 1428 1425 1465; x_wconf 85' lang='lat' dir='ltr'>districtibus,</span> <span class='ocrx_word' id='word_1_285' title='bbox 1450 1428 1637 1469; x_wconf 86' lang='lat' dir='ltr'>privilegiis,</span> <span class='ocrx_word' id='word_1_286' title='bbox 1663 1427 1739 1457; x_wconf 89' lang='lat' dir='ltr'>iuri—</span> 
     </span>
     <span class='ocr_line' id='line_1_32' title="bbox 115 1478 1741 1521; baseline -0.001 -10"><span class='ocrx_word' id='word_1_287' title='bbox 115 1480 171 1511; x_wconf 89' lang='lat' dir='ltr'>bus</span> <span class='ocrx_word' id='word_1_288' title='bbox 195 1483 226 1511; x_wconf 88' lang='lat' dir='ltr'>et</span> <span class='ocrx_word' id='word_1_289' title='bbox 249 1479 519 1510; x_wconf 85' lang='lat' dir='ltr'>iurisdictionibus</span> <span class='ocrx_word' id='word_1_290' title='bbox 544 1480 798 1521; x_wconf 78' lang='lat' dir='ltr'>quibuscunque,</span> <span class='ocrx_word' id='word_1_291' title='bbox 823 1490 910 1521; x_wconf 89' lang='lat' dir='ltr'>quos,</span> <span class='ocrx_word' id='word_1_292' title='bbox 944 1490 1022 1520; x_wconf 88' lang='lat' dir='ltr'>quas</span> <span class='ocrx_word' id='word_1_293' title='bbox 1053 1479 1103 1510; x_wconf 91' lang='lat' dir='ltr'>vel</span> <span class='ocrx_word' id='word_1_294' title='bbox 1128 1489 1189 1520; x_wconf 92' lang='lat' dir='ltr'>que</span> <span class='ocrx_word' id='word_1_295' title='bbox 1216 1479 1312 1510; x_wconf 90' lang='lat' dir='ltr'>iidem</span> <span class='ocrx_word' id='word_1_296' title='bbox 1337 1483 1447 1510; x_wconf 89' lang='lat' dir='ltr'>tenere</span> <span class='ocrx_word' id='word_1_297' title='bbox 1472 1479 1511 1509; x_wconf 91' lang='lat' dir='ltr'>ab</span> <span class='ocrx_word' id='word_1_298' title='bbox 1536 1479 1670 1520; x_wconf 87' lang='lat' dir='ltr'>imperio</span> <span class='ocrx_word' id='word_1_299' title='bbox 1694 1478 1741 1508; x_wconf 93' lang='lat' dir='ltr'>di-</span> 
     </span>
     <span class='ocr_line' id='line_1_33' title="bbox 116 1529 1745 1572; baseline -0.002 -9"><span class='ocrx_word' id='word_1_300' title='bbox 116 1536 316 1564; x_wconf 64' lang='lat' dir='ltr'>noscunturx.</span> <span class='ocrx_word' id='word_1_301' title='bbox 406 1532 454 1572; x_wconf 79' lang='lat'>(6)</span> <span class='ocrx_word' id='word_1_302' title='bbox 478 1530 542 1561; x_wconf 91' lang='lat' dir='ltr'>Nos</span> <span class='ocrx_word' id='word_1_303' title='bbox 567 1542 692 1572; x_wconf 88' lang='lat' dir='ltr'>quoque</span> <span class='ocrx_word' id='word_1_304' title='bbox 712 1534 867 1572; x_wconf 71' lang='lat' dir='ltr'>gratumz,</span> <span class='ocrx_word' id='word_1_305' title='bbox 892 1534 995 1561; x_wconf 82' lang='lat' dir='ltr'>ratum</span> <span class='ocrx_word' id='word_1_306' title='bbox 1022 1534 1053 1561; x_wconf 90' lang='lat' dir='ltr'>et</span> <span class='ocrx_word' id='word_1_307' title='bbox 1077 1534 1244 1572; x_wconf 81' lang='lat' dir='ltr'>acceptum</span> <span class='ocrx_word' id='word_1_308' title='bbox 1269 1531 1469 1568; x_wconf 86' lang='lat' dir='ltr'>habebimus,</span> <span class='ocrx_word' id='word_1_309' title='bbox 1495 1529 1664 1571; x_wconf 81' lang='lat' dir='ltr'>quioquid‘¹</span> <span class='ocrx_word' id='word_1_310' title='bbox 1688 1540 1745 1570; x_wconf 89' lang='lat' dir='ltr'>per</span> 
     </span>
     <span class='ocr_line' id='line_1_34' title="bbox 117 1581 1739 1624; baseline -0.002 -9"><span class='ocrx_word' id='word_1_311' title='bbox 117 1584 261 1616; x_wconf 71' lang='lat' dir='ltr'>eosdem³</span> <span class='ocrx_word' id='word_1_312' title='bbox 285 1584 431 1621; x_wconf 80' lang='lat' dir='ltr'>vicarios,</span> <span class='ocrx_word' id='word_1_313' title='bbox 456 1587 678 1624; x_wconf 83' lang='lat' dir='ltr'>procuratores</span> <span class='ocrx_word' id='word_1_314' title='bbox 702 1587 733 1613; x_wconf 89' lang='lat' dir='ltr'>et</span> <span class='ocrx_word' id='word_1_315' title='bbox 758 1583 886 1613; x_wconf 88' lang='lat' dir='ltr'>nuntios</span> <span class='ocrx_word' id='word_1_316' title='bbox 911 1586 1037 1613; x_wconf 85' lang='lat' dir='ltr'>nostros</span> <span class='ocrx_word' id='word_1_317' title='bbox 1063 1583 1112 1613; x_wconf 92' lang='lat' dir='ltr'>vel</span> <span class='ocrx_word' id='word_1_318' title='bbox 1138 1583 1274 1613; x_wconf 88' lang='lat' dir='ltr'>alterum</span> <span class='ocrx_word' id='word_1_319' title='bbox 1300 1593 1340 1613; x_wconf 87' lang='lat' dir='ltr'>ex</span> <span class='ocrx_word' id='word_1_320' title='bbox 1366 1582 1473 1623; x_wconf 73' lang='lat' dir='ltr'>ipsisb,</span> <span class='ocrx_word' id='word_1_321' title='bbox 1498 1582 1552 1612; x_wconf 92' lang='lat' dir='ltr'>ubi</span> <span class='ocrx_word' id='word_1_322' title='bbox 1577 1582 1659 1612; x_wconf 84' lang='lat' dir='ltr'>alter</span> <span class='ocrx_word' id='word_1_323' title='bbox 1683 1581 1739 1611; x_wconf 80' lang='lat' dir='ltr'>ab-</span> 
     </span>
     <span class='ocr_line' id='line_1_35' title="bbox 117 1633 1741 1676; baseline -0.002 -9"><span class='ocrx_word' id='word_1_324' title='bbox 117 1647 187 1667; x_wconf 86' lang='lat' dir='ltr'>sens</span> <span class='ocrx_word' id='word_1_325' title='bbox 210 1636 318 1673; x_wconf 86' lang='lat' dir='ltr'>fuerit,</span> <span class='ocrx_word' id='word_1_326' title='bbox 343 1639 464 1674; x_wconf 82' lang='lat' dir='ltr'>aetum,</span> <span class='ocrx_word' id='word_1_327' title='bbox 489 1638 647 1676; x_wconf 65' lang='lat' dir='ltr'>gestumc,</span> <span class='ocrx_word' id='word_1_328' title='bbox 673 1637 846 1673; x_wconf 82' lang='lat' dir='ltr'>statutum,</span> <span class='ocrx_word' id='word_1_329' title='bbox 881 1634 1055 1665; x_wconf 88' lang='lat' dir='ltr'>iudicatum</span> <span class='ocrx_word' id='word_1_330' title='bbox 1085 1638 1115 1664; x_wconf 89' lang='lat' dir='ltr'>et</span> <span class='ocrx_word' id='word_1_331' title='bbox 1140 1634 1321 1664; x_wconf 88' lang='lat' dir='ltr'>ordinatum</span> <span class='ocrx_word' id='word_1_332' title='bbox 1346 1634 1441 1664; x_wconf 88' lang='lat' dir='ltr'>fuerit</span> <span class='ocrx_word' id='word_1_333' title='bbox 1465 1634 1495 1664; x_wconf 89' lang='lat' dir='ltr'>in</span> <span class='ocrx_word' id='word_1_334' title='bbox 1521 1633 1685 1675; x_wconf 87' lang='lat' dir='ltr'>premissis</span> <span class='ocrx_word' id='word_1_335' title='bbox 1710 1636 1741 1663; x_wconf 88' lang='lat' dir='ltr'>et</span> 
     </span>
     <span class='ocr_line' id='line_1_36' title="bbox 117 1686 1744 1729; baseline -0.002 -11"><span class='ocrx_word' id='word_1_336' title='bbox 117 1689 199 1719; x_wconf 88' lang='lat' dir='ltr'>circa</span> <span class='ocrx_word' id='word_1_337' title='bbox 231 1688 386 1729; x_wconf 86' lang='lat' dir='ltr'>premissa</span> <span class='ocrx_word' id='word_1_338' title='bbox 420 1686 470 1717; x_wconf 87' lang='lat' dir='ltr'>vel</span> <span class='ocrx_word' id='word_1_339' title='bbox 505 1686 694 1728; x_wconf 90' lang='lat' dir='ltr'>quodlibetd</span> <span class='ocrx_word' id='word_1_340' title='bbox 728 1687 968 1727; x_wconf 89' lang='lat' dir='ltr'>premissorum.</span> <span class='ocrx_word' id='word_1_341' title='bbox 1064 1686 1101 1716; x_wconf 86' lang='lat' dir='ltr'>In</span> <span class='ocrx_word' id='word_1_342' title='bbox 1138 1686 1228 1716; x_wconf 88' lang='lat' dir='ltr'>cuius</span> <span class='ocrx_word' id='word_1_343' title='bbox 1257 1686 1301 1716; x_wconf 87' lang='lat' dir='ltr'>rei</span> <span class='ocrx_word' id='word_1_344' title='bbox 1330 1686 1547 1716; x_wconf 87' lang='lat' dir='ltr'>testimonium</span> <span class='ocrx_word' id='word_1_345' title='bbox 1578 1688 1744 1726; x_wconf 84' lang='lat' dir='ltr'>presentes</span> 
     </span>
     <span class='ocr_line' id='line_1_37' title="bbox 116 1737 1743 1780; baseline -0.001 -11"><span class='ocrx_word' id='word_1_346' title='bbox 116 1739 234 1770; x_wconf 85' lang='lat' dir='ltr'>litteras</span> <span class='ocrx_word' id='word_1_347' title='bbox 257 1739 325 1770; x_wconf 88' lang='lat' dir='ltr'>fleri</span> <span class='ocrx_word' id='word_1_348' title='bbox 350 1742 382 1769; x_wconf 89' lang='lat' dir='ltr'>et</span> <span class='ocrx_word' id='word_1_349' title='bbox 405 1738 556 1780; x_wconf 87' lang='lat' dir='ltr'>pendenti</span> <span class='ocrx_word' id='word_1_350' title='bbox 580 1738 686 1777; x_wconf 84' lang='lat' dir='ltr'>sigillo</span> <span class='ocrx_word' id='word_1_351' title='bbox 710 1742 816 1769; x_wconf 92' lang='lat' dir='ltr'>nostre</span> <span class='ocrx_word' id='word_1_352' title='bbox 840 1738 928 1779; x_wconf 85' lang='lat' dir='ltr'>regie</span> <span class='ocrx_word' id='word_1_353' title='bbox 953 1738 1131 1768; x_wconf 86' lang='lat' dir='ltr'>maiestatis</span> <span class='ocrx_word' id='word_1_354' title='bbox 1162 1738 1193 1768; x_wconf 93' lang='lat' dir='ltr'>in</span> <span class='ocrx_word' id='word_1_355' title='bbox 1224 1737 1355 1768; x_wconf 88' lang='lat' dir='ltr'>evidens</span> <span class='ocrx_word' id='word_1_356' title='bbox 1388 1737 1606 1769; x_wconf 84' lang='lat' dir='ltr'>testimonium</span> <span class='ocrx_word' id='word_1_357' title='bbox 1631 1747 1743 1778; x_wconf 86' lang='lat' dir='ltr'>prece-</span> 
     </span>
     <span class='ocr_line' id='line_1_38' title="bbox 117 1790 454 1832; baseline -0.003 -11"><span class='ocrx_word' id='word_1_358' title='bbox 117 1791 236 1832; x_wconf 62' lang='lat' dir='ltr'>pimuse</span> <span class='ocrx_word' id='word_1_359' title='bbox 259 1790 454 1821; x_wconf 88' lang='lat' dir='ltr'>communiri.</span> 
     </span>
    </p>

    <p class='ocr_par' dir='ltr' id='par_1_10' title="bbox 119 1839 1743 1925">
     <span class='ocr_line' id='line_1_39' title="bbox 217 1839 1743 1881; baseline -0.002 -9"><span class='ocrx_word' id='word_1_360' title='bbox 217 1842 303 1873; x_wconf 74' lang='lat' dir='ltr'>Dat.f</span> <span class='ocrx_word' id='word_1_361' title='bbox 324 1842 458 1880; x_wconf 84' lang='lat' dir='ltr'>Vienne,</span> <span class='ocrx_word' id='word_1_362' title='bbox 482 1852 565 1872; x_wconf 90' lang='lat' dir='ltr'>anno</span> <span class='ocrx_word' id='word_1_363' title='bbox 581 1841 712 1872; x_wconf 89' lang='lat' dir='ltr'>Domini</span> <span class='ocrx_word' id='word_1_364' title='bbox 728 1841 993 1879; x_wconf 42' lang='lat' dir='ltr'>MCCLXXXIQ</span> <span class='ocrx_word' id='word_1_365' title='bbox 1019 1841 1127 1872; x_wconf 87' lang='lat' dir='ltr'>indict.</span> <span class='ocrx_word' id='word_1_366' title='bbox 1146 1840 1244 1872; x_wconf 87' lang='lat' dir='ltr'>VIIII</span> <span class='ocrx_word' id='word_1_367' title='bbox 1254 1840 1278 1879; x_wconf 77' lang='lat'>¹³,</span> <span class='ocrx_word' id='word_1_368' title='bbox 1302 1840 1384 1872; x_wconf 88' lang='lat' dir='ltr'>Non.</span> <span class='ocrx_word' id='word_1_369' title='bbox 1410 1841 1490 1879; x_wconf 76' lang='lat' dir='ltr'>Ian.,</span> <span class='ocrx_word' id='word_1_370' title='bbox 1516 1839 1620 1881; x_wconf 79' lang='lat' dir='ltr'>regnii</span> <span class='ocrx_word' id='word_1_371' title='bbox 1646 1839 1743 1870; x_wconf 88' lang='lat' dir='ltr'>nostri</span> 
     </span>
     <span class='ocr_line' id='line_1_40' title="bbox 119 1897 342 1925; baseline 0 -1"><span class='ocrx_word' id='word_1_372' title='bbox 119 1904 197 1925; x_wconf 85' lang='lat' dir='ltr'>anno</span> <span class='ocrx_word' id='word_1_373' title='bbox 220 1897 342 1925; x_wconf 79' lang='lat' dir='ltr'>octavo.</span> 
     </span>
    </p>
   </div>
   <div class='ocr_carea' id='block_1_10' title="bbox 431 1961 1424 2001">
    <p class='ocr_par' dir='ltr' id='par_1_11' title="bbox 431 1961 1424 2001">
     <span class='ocr_line' id='line_1_41' title="bbox 431 1961 1424 2001; baseline 0 -8"><span class='ocrx_word' id='word_1_374' title='bbox 431 1961 506 1994; x_wconf 70' lang='lat'><strong>266.</strong></span> <span class='ocrx_word' id='word_1_375' title='bbox 530 1962 770 1993; x_wconf 83' lang='lat' dir='ltr'><em>LITTERAE</em></span> <span class='ocrx_word' id='word_1_376' title='bbox 793 1962 1229 1993; x_wconf 80' lang='lat' dir='ltr'><em>COMMENDATITIAE.</em></span> <span class='ocrx_word' id='word_1_377' title='bbox 1275 1962 1360 2001; x_wconf 61' lang='lat' dir='ltr'>(Ian.</span> <span class='ocrx_word' id='word_1_378' title='bbox 1379 1962 1424 2001; x_wconf 75' lang='lat'>5.)</span> 
     </span>
    </p>
   </div>
   <div class='ocr_carea' id='block_1_11' title="bbox 119 2019 1744 2427">
    <p class='ocr_par' dir='ltr' id='par_1_12' title="bbox 119 2019 1744 2269">
     <span class='ocr_line' id='line_1_42' title="bbox 222 2019 1741 2063; baseline -0.003 -9"><span class='ocrx_word' id='word_1_379' title='bbox 222 2024 305 2062; x_wconf 77' lang='lat' dir='ltr'>Quae</span> <span class='ocrx_word' id='word_1_380' title='bbox 327 2023 361 2054; x_wconf 72' lang='lat' dir='ltr'>in</span> <span class='ocrx_word' id='word_1_381' title='bbox 383 2023 522 2063; x_wconf 77' lang='lat' dir='ltr'>Reyestis</span> <span class='ocrx_word' id='word_1_382' title='bbox 545 2024 670 2063; x_wconf 68' lang='lat' dir='ltr'>imperil</span> <span class='ocrx_word' id='word_1_383' title='bbox 692 2024 831 2062; x_wconf 52' lang='lat' dir='ltr'>aposita</span> <span class='ocrx_word' id='word_1_384' title='bbox 855 2025 938 2061; x_wconf 74' lang='lat' dir='ltr'>suut,</span> <span class='ocrx_word' id='word_1_385' title='bbox 962 2034 1024 2054; x_wconf 74' lang='lat' dir='ltr'>non</span> <span class='ocrx_word' id='word_1_386' title='bbox 1046 2023 1113 2053; x_wconf 65' lang='lat' dir='ltr'>sinc</span> <span class='ocrx_word' id='word_1_387' title='bbox 1135 2022 1244 2061; x_wconf 69' lang='lat' dir='ltr'>aliqua</span> <span class='ocrx_word' id='word_1_388' title='bbox 1268 2022 1461 2053; x_wconf 70' lang='lat' dir='ltr'>dubitatione</span> <span class='ocrx_word' id='word_1_389' title='bbox 1483 2021 1589 2057; x_wconf 72' lang='lat' dir='ltr'>secuti,</span> <span class='ocrx_word' id='word_1_390' title='bbox 1614 2019 1741 2055; x_wconf 63' lang='lat' dir='ltr'>litteras,</span> 
     </span>
     <span class='ocr_line' id='line_1_43' title="bbox 119 2071 1744 2114; baseline -0.004 -9"><span class='ocrx_word' id='word_1_391' title='bbox 119 2084 194 2113; x_wconf 80' lang='lat' dir='ltr'>quae</span> <span class='ocrx_word' id='word_1_392' title='bbox 216 2075 342 2106; x_wconf 66' lang='lat' dir='ltr'>dubiwn</span> <span class='ocrx_word' id='word_1_393' title='bbox 372 2078 415 2106; x_wconf 75' lang='lat' dir='ltr'>est</span> <span class='ocrx_word' id='word_1_394' title='bbox 445 2086 521 2106; x_wconf 72' lang='lat' dir='ltr'>uum</span> <span class='ocrx_word' id='word_1_395' title='bbox 548 2086 654 2106; x_wconf 58' lang='lat' dir='ltr'>revera</span> <span class='ocrx_word' id='word_1_396' title='bbox 687 2075 738 2106; x_wconf 71' lang='lat' dir='ltr'>illo</span> <span class='ocrx_word' id='word_1_397' title='bbox 766 2078 898 2113; x_wconf 69' lang='lat' dir='ltr'>tempore</span> <span class='ocrx_word' id='word_1_398' title='bbox 928 2075 1056 2105; x_wconf 75' lang='lat' dir='ltr'>emissae</span> <span class='ocrx_word' id='word_1_399' title='bbox 1083 2075 1160 2111; x_wconf 70' lang='lat' dir='ltr'>sint,</span> <span class='ocrx_word' id='word_1_400' title='bbox 1195 2074 1245 2104; x_wconf 59' lang='lat' dir='ltr'>liic</span> <span class='ocrx_word' id='word_1_401' title='bbox 1275 2073 1480 2114; x_wconf 73' lang='lat' dir='ltr'>proponinms</span> <span class='ocrx_word' id='word_1_402' title='bbox 1510 2083 1524 2103; x_wconf 78' lang='lat' dir='ltr'>e</span> <span class='ocrx_word' id='word_1_403' title='bbox 1553 2071 1614 2102; x_wconf 72' lang='lat' dir='ltr'>solo</span> <span class='ocrx_word' id='word_1_404' title='bbox 1644 2071 1744 2101; x_wconf 55' lang='lat' dir='ltr'>“odico</span> 
     </span>
     <span class='ocr_line' id='line_1_44' title="bbox 122 2124 1743 2166; baseline -0.002 -10"><span class='ocrx_word' id='word_1_405' title='bbox 122 2125 318 2157; x_wconf 77' lang='lat' dir='ltr'>Ottoboniano</span> <span class='ocrx_word' id='word_1_406' title='bbox 340 2126 432 2164; x_wconf 74' lang='lat'>2115,</span> <span class='ocrx_word' id='word_1_407' title='bbox 457 2127 493 2157; x_wconf 71' lang='lat' dir='ltr'>(lc</span> <span class='ocrx_word' id='word_1_408' title='bbox 515 2137 575 2166; x_wconf 72' lang='lat' dir='ltr'>quo</span> <span class='ocrx_word' id='word_1_409' title='bbox 597 2138 623 2157; x_wconf 76' lang='lat' dir='ltr'><strong>v.</strong></span> <span class='ocrx_word' id='word_1_410' title='bbox 647 2137 746 2165; x_wconf 69' lang='lat' dir='ltr'>supra</span> <span class='ocrx_word' id='word_1_411' title='bbox 770 2127 812 2157; x_wconf 76' lang='lat' dir='ltr'>ad</span> <span class='ocrx_word' id='word_1_412' title='bbox 833 2137 881 2157; x_wconf 76' lang='grc' dir='ltr'>ην.</span> <span class='ocrx_word' id='word_1_413' title='bbox 900 2127 1037 2162; x_wconf 68' lang='grc'><em>14-16,</em></span> <span class='ocrx_word' id='word_1_414' title='bbox 1059 2125 1116 2166; x_wconf 78' lang='lat' dir='ltr'>fol.</span> <span class='ocrx_word' id='word_1_415' title='bbox 1135 2126 1175 2155; x_wconf 69' lang='lat'>85</span> <span class='ocrx_word' id='word_1_416' title='bbox 1200 2136 1248 2156; x_wconf 74' lang='lat' dir='ltr'>ur.</span> <span class='ocrx_word' id='word_1_417' title='bbox 1265 2126 1337 2161; x_wconf 61' lang='lat'>3122,</span> <span class='ocrx_word' id='word_1_418' title='bbox 1360 2135 1449 2163; x_wconf 70' lang='lat' dir='ltr'>quem</span> <span class='ocrx_word' id='word_1_419' title='bbox 1473 2124 1572 2154; x_wconf 74' lang='lat' dir='ltr'>demto</span> <span class='ocrx_word' id='word_1_420' title='bbox 1595 2134 1651 2154; x_wconf 72' lang='lat'>7103</span> <span class='ocrx_word' id='word_1_421' title='bbox 1674 2133 1743 2153; x_wconf 75' lang='lat' dir='ltr'>cou-</span> 
     </span>
     <span class='ocr_line' id='line_1_45' title="bbox 119 2174 1744 2215; baseline -0.002 -8"><span class='ocrx_word' id='word_1_422' title='bbox 119 2176 251 2210; x_wconf 76' lang='lat' dir='ltr'>tulimus.</span> <span class='ocrx_word' id='word_1_423' title='bbox 299 2178 420 2210; x_wconf 72' lang='lat' dir='ltr'>Codicis</span> <span class='ocrx_word' id='word_1_424' title='bbox 450 2179 531 2209; x_wconf 69' lang='lat' dir='ltr'>enim</span> <span class='ocrx_word' id='word_1_425' title='bbox 554 2177 584 2208; x_wconf 89' lang='lat' dir='ltr'><strong>V</strong></span> <span class='ocrx_word' id='word_1_426' title='bbox 608 2178 771 2209; x_wconf 65' lang='lat' dir='ltr'>lectionum</span> <span class='ocrx_word' id='word_1_427' title='bbox 797 2178 832 2208; x_wconf 55' lang='lat' dir='ltr'>*in</span> <span class='ocrx_word' id='word_1_428' title='bbox 863 2177 918 2208; x_wconf 59' lang='lat' dir='ltr'>leoz:</span> <span class='ocrx_word' id='word_1_429' title='bbox 952 2177 1130 2208; x_wconf 70' lang='lat' dir='ltr'>documento</span> <span class='ocrx_word' id='word_1_430' title='bbox 1162 2177 1276 2208; x_wconf 63' lang='lat' dir='ltr'>edendo</span> <span class='ocrx_word' id='word_1_431' title='bbox 1309 2176 1401 2215; x_wconf 67' lang='lat' dir='ltr'>fldem.</span> <span class='ocrx_word' id='word_1_432' title='bbox 1429 2175 1539 2205; x_wconf 70' lang='lat' dir='ltr'>habere</span> <span class='ocrx_word' id='word_1_433' title='bbox 1573 2175 1609 2205; x_wconf 68' lang='lat' dir='ltr'>(Ze</span> <span class='ocrx_word' id='word_1_434' title='bbox 1638 2174 1744 2204; x_wconf 69' lang='lat' dir='ltr'>mmsis</span> 
     </span>
     <span class='ocr_line' id='line_1_46' title="bbox 119 2226 1536 2269; baseline -0.001 -11"><span class='ocrx_word' id='word_1_435' title='bbox 119 2238 212 2267; x_wconf 78' lang='lat' dir='ltr'>supra</span> <span class='ocrx_word' id='word_1_436' title='bbox 228 2239 262 2268; x_wconf 69' lang='lat' dir='ltr'>p.</span> <span class='ocrx_word' id='word_1_437' title='bbox 281 2232 322 2260; x_wconf 81' lang='lat'>17</span> <span class='ocrx_word' id='word_1_438' title='bbox 345 2231 492 2269; x_wconf 55' lang='lat' dir='ltr'>expositis</span> <span class='ocrx_word' id='word_1_439' title='bbox 515 2230 639 2261; x_wconf 71' lang='lat' dir='ltr'>ommino</span> <span class='ocrx_word' id='word_1_440' title='bbox 662 2240 724 2261; x_wconf 74' lang='lat' dir='ltr'>non</span> <span class='ocrx_word' id='word_1_441' title='bbox 741 2240 919 2268; x_wconf 69' lang='lat' dir='ltr'>possamus.</span> <span class='ocrx_word' id='word_1_442' title='bbox 946 2247 983 2251; x_wconf 89' lang='lat'>-</span> <span class='ocrx_word' id='word_1_443' title='bbox 1008 2229 1157 2266; x_wconf 70' lang='lat' dir='ltr'>Bijlcmcr,</span> <span class='ocrx_word' id='word_1_444' title='bbox 1183 2228 1256 2268; x_wconf 67' lang='lat' dir='ltr'>Rey.</span> <span class='ocrx_word' id='word_1_445' title='bbox 1274 2228 1346 2266; x_wconf 65' lang='lat' dir='ltr'>imp.</span> <span class='ocrx_word' id='word_1_446' title='bbox 1371 2226 1424 2264; x_wconf 71' lang='lat' dir='ltr'>VI,</span> <span class='ocrx_word' id='word_1_447' title='bbox 1446 2227 1536 2257; x_wconf 69' lang='lat'><strong>1253.</strong></span> 
     </span>
    </p>

    <p class='ocr_par' dir='ltr' id='par_1_13' title="bbox 1453 2278 1636 2318">
     <span class='ocr_line' id='line_1_47' title="bbox 1453 2278 1636 2318; baseline 0 -10"><span class='ocrx_word' id='word_1_448' title='bbox 1453 2278 1506 2318; x_wconf 82' lang='lat' dir='ltr'>(P.</span> <span class='ocrx_word' id='word_1_449' title='bbox 1531 2278 1636 2316; x_wconf 76' lang='lat' dir='ltr'>deest.)</span> 
     </span>
    </p>

    <p class='ocr_par' dir='ltr' id='par_1_14' title="bbox 121 2328 1741 2427">
     <span class='ocr_line' id='line_1_48' title="bbox 229 2328 1741 2374; baseline -0.004 -10"><span class='ocrx_word' id='word_1_450' title='bbox 229 2332 386 2364; x_wconf 83' lang='lat' dir='ltr'>Rudolfus</span> <span class='ocrx_word' id='word_1_451' title='bbox 404 2336 464 2364; x_wconf 82' lang='lat' dir='ltr'>ete.</span> <span class='ocrx_word' id='word_1_452' title='bbox 481 2333 619 2374; x_wconf 83' lang='lat' dir='ltr'>egregiis</span> <span class='ocrx_word' id='word_1_453' title='bbox 638 2335 669 2364; x_wconf 88' lang='lat' dir='ltr'>et</span> <span class='ocrx_word' id='word_1_454' title='bbox 685 2333 897 2374; x_wconf 88' lang='lat' dir='ltr'>prudentibus</span> <span class='ocrx_word' id='word_1_455' title='bbox 915 2332 990 2363; x_wconf 88' lang='lat' dir='ltr'>viris</span> <span class='ocrx_word' id='word_1_456' title='bbox 1008 2332 1182 2363; x_wconf 80' lang='lat' dir='ltr'>marchioni</span> <span class='ocrx_word' id='word_1_457' title='bbox 1208 2334 1239 2362; x_wconf 90' lang='lat' dir='ltr'>et</span> <span class='ocrx_word' id='word_1_458' title='bbox 1256 2331 1391 2371; x_wconf 87' lang='lat' dir='ltr'>com(iti)</span> <span class='ocrx_word' id='word_1_459' title='bbox 1409 2330 1506 2361; x_wconf 88' lang='lat' dir='ltr'>nobili</span> <span class='ocrx_word' id='word_1_460' title='bbox 1523 2330 1686 2360; x_wconf 83' lang='lat' dir='ltr'>civitatum</span> <span class='ocrx_word' id='word_1_461' title='bbox 1703 2328 1741 2359; x_wconf 90' lang='lat' dir='ltr'>N.</span> 
     </span>
     <span class='ocr_line' id='line_1_49' title="bbox 121 2382 1741 2427; baseline -0.001 -14"><span class='ocrx_word' id='word_1_462' title='bbox 121 2385 152 2413; x_wconf 87' lang='lat' dir='ltr'>et</span> <span class='ocrx_word' id='word_1_463' title='bbox 173 2385 295 2425; x_wconf 88' lang='lat' dir='ltr'>populis</span> <span class='ocrx_word' id='word_1_464' title='bbox 310 2385 490 2416; x_wconf 65' lang='lat' dir='ltr'>universisa</span> <span class='ocrx_word' id='word_1_465' title='bbox 514 2395 572 2426; x_wconf 87' lang='lat' dir='ltr'>per</span> <span class='ocrx_word' id='word_1_466' title='bbox 590 2385 769 2427; x_wconf 86' lang='lat' dir='ltr'>T(usciam)</span> <span class='ocrx_word' id='word_1_467' title='bbox 795 2385 978 2416; x_wconf 88' lang='lat' dir='ltr'>constitutis</span> <span class='ocrx_word' id='word_1_468' title='bbox 996 2384 1136 2425; x_wconf 85' lang='lat' dir='ltr'>graciam</span> <span class='ocrx_word' id='word_1_469' title='bbox 1167 2394 1256 2414; x_wconf 87' lang='lat' dir='ltr'>suam</span> <span class='ocrx_word' id='word_1_470' title='bbox 1282 2386 1313 2413; x_wconf 90' lang='lat' dir='ltr'>et</span> <span class='ocrx_word' id='word_1_471' title='bbox 1329 2382 1510 2414; x_wconf 84' lang='lat' dir='ltr'>benivolam</span> <span class='ocrx_word' id='word_1_472' title='bbox 1536 2382 1741 2411; x_wconf 86' lang='lat' dir='ltr'>voluntatem.</span> 
     </span>
    </p>
   </div>
   <div class='ocr_carea' id='block_1_12' title="bbox 120 2448 1742 2733">
    <p class='ocr_par' dir='ltr' id='par_1_15' title="bbox 120 2448 1742 2733">
     <span class='ocr_line' id='line_1_50' title="bbox 215 2448 1741 2485; baseline -0.004 -8"><span class='ocrx_word' id='word_1_473' title='bbox 215 2450 277 2478; x_wconf 77' lang='grc'><strong>265.</strong></span> <span class='ocrx_word' id='word_1_474' title='bbox 297 2453 321 2484; x_wconf 75' lang='lat'>8)</span> <span class='ocrx_word' id='word_1_475' title='bbox 340 2454 452 2485; x_wconf 81' lang='lat' dir='ltr'>quelibet</span> <span class='ocrx_word' id='word_1_476' title='bbox 471 2452 494 2478; x_wconf 89' lang='lat'>3.</span> <span class='ocrx_word' id='word_1_477' title='bbox 594 2453 617 2485; x_wconf 83' lang='lat' dir='ltr'>h)</span> <span class='ocrx_word' id='word_1_478' title='bbox 636 2459 664 2478; x_wconf 82' lang='lat' dir='ltr'>ut</span> <span class='ocrx_word' id='word_1_479' title='bbox 682 2454 705 2479; x_wconf 80' lang='grc'>2.</span> <span class='ocrx_word' id='word_1_480' title='bbox 725 2454 747 2479; x_wconf 87' lang='lat'><strong>3.</strong></span> <span class='ocrx_word' id='word_1_481' title='bbox 845 2453 862 2485; x_wconf 82' lang='lat' dir='ltr'>i)</span> <span class='ocrx_word' id='word_1_482' title='bbox 881 2457 978 2478; x_wconf 83' lang='lat' dir='ltr'>nostros</span> <span class='ocrx_word' id='word_1_483' title='bbox 998 2455 1099 2478; x_wconf 83' lang='lat' dir='ltr'>nuntius</span> <span class='ocrx_word' id='word_1_484' title='bbox 1117 2453 1140 2478; x_wconf 89' lang='lat'>3.</span> <span class='ocrx_word' id='word_1_485' title='bbox 1237 2451 1260 2484; x_wconf 85' lang='lat' dir='ltr'>k)</span> <span class='ocrx_word' id='word_1_486' title='bbox 1280 2453 1345 2477; x_wconf 73' lang='lat' dir='ltr'>deest</span> <span class='ocrx_word' id='word_1_487' title='bbox 1366 2451 1386 2476; x_wconf 91' lang='lat'><strong>1.</strong></span> <span class='ocrx_word' id='word_1_488' title='bbox 1483 2449 1500 2481; x_wconf 84' lang='lat'>¹)</span> <span class='ocrx_word' id='word_1_489' title='bbox 1520 2451 1699 2474; x_wconf 72' lang='lat' dir='ltr'>iuramenta</span> <span class='ocrx_word' id='word_1_490' title='bbox 1719 2448 1741 2472; x_wconf 86' lang='lat'><strong>1.</strong></span> 
     </span>
     <span class='ocr_line' id='line_1_51' title="bbox 120 2491 1742 2529; baseline -0.003 -10"><span class='ocrx_word' id='word_1_491' title='bbox 120 2493 150 2524; x_wconf 84' lang='lat'>¹¹²)</span> <span class='ocrx_word' id='word_1_492' title='bbox 169 2496 262 2526; x_wconf 83' lang='lat' dir='ltr'>petend.</span> <span class='ocrx_word' id='word_1_493' title='bbox 281 2499 305 2520; x_wconf 86' lang='lat' dir='ltr'>et</span> <span class='ocrx_word' id='word_1_494' title='bbox 322 2498 491 2529; x_wconf 83' lang='lat' dir='ltr'>recipiendum</span> <span class='ocrx_word' id='word_1_495' title='bbox 511 2496 534 2522; x_wconf 88' lang='lat'>3.</span> <span class='ocrx_word' id='word_1_496' title='bbox 623 2498 647 2526; x_wconf 84' lang='lat'>¹¹)</span> <span class='ocrx_word' id='word_1_497' title='bbox 667 2498 733 2522; x_wconf 75' lang='lat' dir='ltr'>deest</span> <span class='ocrx_word' id='word_1_498' title='bbox 750 2496 774 2522; x_wconf 80' lang='lat'><strong>4.</strong></span> <span class='ocrx_word' id='word_1_499' title='bbox 855 2499 878 2528; x_wconf 89' lang='lat'>⁰)</span> <span class='ocrx_word' id='word_1_500' title='bbox 899 2501 923 2521; x_wconf 90' lang='lat' dir='ltr'>et</span> <span class='ocrx_word' id='word_1_501' title='bbox 942 2497 1003 2522; x_wconf 71' lang='lat' dir='ltr'>add.</span> <span class='ocrx_word' id='word_1_502' title='bbox 1022 2496 1046 2521; x_wconf 87' lang='lat'>3.</span> <span class='ocrx_word' id='word_1_503' title='bbox 1121 2497 1145 2526; x_wconf 78' lang='lat' dir='ltr'>D)</span> <span class='ocrx_word' id='word_1_504' title='bbox 1166 2500 1190 2521; x_wconf 86' lang='lat' dir='ltr'>et</span> <span class='ocrx_word' id='word_1_505' title='bbox 1209 2496 1320 2527; x_wconf 79' lang='lat' dir='ltr'>quolibet</span> <span class='ocrx_word' id='word_1_506' title='bbox 1339 2495 1375 2518; x_wconf 74' lang='lat' dir='ltr'>his</span> <span class='ocrx_word' id='word_1_507' title='bbox 1393 2494 1512 2524; x_wconf 60' lang='lat' dir='ltr'>scriplum</span> <span class='ocrx_word' id='word_1_508' title='bbox 1532 2493 1554 2517; x_wconf 76' lang='lat'><strong>3.</strong></span> <span class='ocrx_word' id='word_1_509' title='bbox 1629 2495 1653 2512; x_wconf 69' lang='lat' dir='ltr'>‘U</span> <span class='ocrx_word' id='word_1_510' title='bbox 1673 2491 1742 2522; x_wconf 61' lang='lat' dir='ltr'>quill&lt;</span> 
     </span>
     <span class='ocr_line' id='line_1_52' title="bbox 121 2534 1740 2572; baseline -0.006 -5"><span class='ocrx_word' id='word_1_511' title='bbox 121 2537 178 2568; x_wconf 75' lang='lat' dir='ltr'>‘luid</span> <span class='ocrx_word' id='word_1_512' title='bbox 195 2537 216 2562; x_wconf 91' lang='grc'>1-</span> <span class='ocrx_word' id='word_1_513' title='bbox 304 2538 324 2571; x_wconf 78' lang='lat' dir='ltr'>r)</span> <span class='ocrx_word' id='word_1_514' title='bbox 343 2540 582 2565; x_wconf 80' lang='lat' dir='ltr'>administrationem</span> <span class='ocrx_word' id='word_1_515' title='bbox 602 2542 668 2565; x_wconf 62' lang='lat' dir='ltr'>vitale</span> <span class='ocrx_word' id='word_1_516' title='bbox 687 2540 710 2565; x_wconf 82' lang='lat'><strong>4.</strong></span> <span class='ocrx_word' id='word_1_517' title='bbox 799 2542 818 2569; x_wconf 70' lang='grc' dir='ltr'>ε*)</span> <span class='ocrx_word' id='word_1_518' title='bbox 838 2544 939 2572; x_wconf 79' lang='lat' dir='ltr'>possent</span> <span class='ocrx_word' id='word_1_519' title='bbox 961 2541 981 2564; x_wconf 91' lang='lat' dir='ltr'>l.</span> <span class='ocrx_word' id='word_1_520' title='bbox 1069 2540 1086 2571; x_wconf 79' lang='lat' dir='ltr'>t)</span> <span class='ocrx_word' id='word_1_521' title='bbox 1106 2540 1145 2564; x_wconf 86' lang='lat' dir='ltr'>vel</span> <span class='ocrx_word' id='word_1_522' title='bbox 1164 2538 1187 2563; x_wconf 69' lang='grc' dir='ltr'>ἱ).</span> <span class='ocrx_word' id='word_1_523' title='bbox 1274 2539 1298 2569; x_wconf 80' lang='lat'>¹¹)</span> <span class='ocrx_word' id='word_1_524' title='bbox 1318 2543 1340 2562; x_wconf 66' lang='lat' dir='ltr'>vt</span> <span class='ocrx_word' id='word_1_525' title='bbox 1360 2538 1420 2561; x_wconf 76' lang='lat' dir='ltr'>add.</span> <span class='ocrx_word' id='word_1_526' title='bbox 1442 2536 1462 2560; x_wconf 85' lang='grc'>1.</span> <span class='ocrx_word' id='word_1_527' title='bbox 1546 2536 1568 2565; x_wconf 81' lang='lat' dir='ltr'>V)</span> <span class='ocrx_word' id='word_1_528' title='bbox 1589 2535 1626 2558; x_wconf 68' lang='lat' dir='ltr'>vol</span> <span class='ocrx_word' id='word_1_529' title='bbox 1647 2534 1740 2558; x_wconf 50' lang='lat' dir='ltr'>add-3.</span> 
     </span>
     <span class='ocr_line' id='line_1_53' title="bbox 121 2577 1739 2614; baseline -0.002 -10"><span class='ocrx_word' id='word_1_530' title='bbox 121 2579 149 2608; x_wconf 78' lang='lat' dir='ltr'>W)</span> <span class='ocrx_word' id='word_1_531' title='bbox 166 2581 263 2605; x_wconf 81' lang='lat' dir='ltr'>conced.</span> <span class='ocrx_word' id='word_1_532' title='bbox 281 2582 352 2606; x_wconf 86' lang='lat' dir='ltr'>Dom.</span> <span class='ocrx_word' id='word_1_533' title='bbox 368 2583 389 2607; x_wconf 91' lang='lat'><strong>1.</strong></span> <span class='ocrx_word' id='word_1_534' title='bbox 459 2585 483 2614; x_wconf 83' lang='lat' dir='ltr'>x)</span> <span class='ocrx_word' id='word_1_535' title='bbox 503 2584 879 2608; x_wconf 76' lang='lat' dir='ltr'>Damus—dinoscuntur</span> <span class='ocrx_word' id='word_1_536' title='bbox 896 2584 985 2607; x_wconf 70' lang='lat' dir='ltr'>desunt</span> <span class='ocrx_word' id='word_1_537' title='bbox 1003 2582 1026 2607; x_wconf 73' lang='lat'><strong>2.</strong></span> <span class='ocrx_word' id='word_1_538' title='bbox 1045 2582 1067 2607; x_wconf 88' lang='lat'><strong>3.</strong></span> <span class='ocrx_word' id='word_1_539' title='bbox 1139 2582 1164 2612; x_wconf 63' lang='grc' dir='ltr'>θ’)</span> <span class='ocrx_word' id='word_1_540' title='bbox 1183 2582 1297 2606; x_wconf 64' lang='lat' dir='ltr'>advertat</span> <span class='ocrx_word' id='word_1_541' title='bbox 1318 2581 1343 2607; x_wconf 83' lang='grc'>1,’</span> <span class='ocrx_word' id='word_1_542' title='bbox 1362 2581 1394 2611; x_wconf 78' lang='lat' dir='ltr'>cs.</span> <span class='ocrx_word' id='word_1_543' title='bbox 1408 2588 1447 2603; x_wconf 75' lang='lat' dir='ltr'>ur.</span> <span class='ocrx_word' id='word_1_544' title='bbox 1463 2581 1518 2602; x_wconf 68' lang='lat'><strong>362.</strong></span> <span class='ocrx_word' id='word_1_545' title='bbox 1598 2577 1619 2607; x_wconf 74' lang='lat' dir='ltr'>z)</span> <span class='ocrx_word' id='word_1_546' title='bbox 1639 2582 1662 2600; x_wconf 69' lang='lat' dir='ltr'>ut</span> <span class='ocrx_word' id='word_1_547' title='bbox 1681 2577 1739 2599; x_wconf 67' lang='lat' dir='ltr'>add.</span> 
     </span>
     <span class='ocr_line' id='line_1_54' title="bbox 122 2619 1740 2657; baseline -0.005 -7"><span class='ocrx_word' id='word_1_548' title='bbox 122 2620 192 2647; x_wconf 71' lang='grc'>1-3.</span> <span class='ocrx_word' id='word_1_549' title='bbox 259 2624 281 2654; x_wconf 79' lang='lat' dir='ltr'>a)</span> <span class='ocrx_word' id='word_1_550' title='bbox 294 2625 379 2649; x_wconf 82' lang='lat' dir='ltr'>eodem</span> <span class='ocrx_word' id='word_1_551' title='bbox 393 2625 414 2650; x_wconf 85' lang='lat'><strong>1.</strong></span> <span class='ocrx_word' id='word_1_552' title='bbox 486 2624 510 2656; x_wconf 74' lang='lat'>¹³)</span> <span class='ocrx_word' id='word_1_553' title='bbox 524 2627 560 2650; x_wconf 87' lang='lat' dir='ltr'>eis</span> <span class='ocrx_word' id='word_1_554' title='bbox 573 2626 596 2651; x_wconf 87' lang='lat'><strong>3.</strong></span> <span class='ocrx_word' id='word_1_555' title='bbox 668 2626 690 2657; x_wconf 74' lang='lat' dir='ltr'>c)</span> <span class='ocrx_word' id='word_1_556' title='bbox 704 2630 728 2651; x_wconf 86' lang='lat' dir='ltr'>et</span> <span class='ocrx_word' id='word_1_557' title='bbox 740 2627 801 2651; x_wconf 72' lang='lat' dir='ltr'>add.</span> <span class='ocrx_word' id='word_1_558' title='bbox 815 2626 838 2650; x_wconf 87' lang='lat'><strong>3.</strong></span> <span class='ocrx_word' id='word_1_559' title='bbox 910 2624 934 2657; x_wconf 88' lang='lat' dir='ltr'>d)</span> <span class='ocrx_word' id='word_1_560' title='bbox 948 2626 1043 2657; x_wconf 81' lang='lat' dir='ltr'>aliquid</span> <span class='ocrx_word' id='word_1_561' title='bbox 1057 2625 1085 2655; x_wconf 78' lang='lat'>13</span> <span class='ocrx_word' id='word_1_562' title='bbox 1105 2625 1217 2657; x_wconf 76' lang='lat' dir='ltr'>quolibet</span> <span class='ocrx_word' id='word_1_563' title='bbox 1232 2623 1256 2648; x_wconf 83' lang='lat'><strong>4.</strong></span> <span class='ocrx_word' id='word_1_564' title='bbox 1328 2627 1347 2649; x_wconf 58' lang='lat' dir='ltr'>“l</span> <span class='ocrx_word' id='word_1_565' title='bbox 1361 2623 1484 2655; x_wconf 52' lang='lat' dir='ltr'>§cipimus</span> <span class='ocrx_word' id='word_1_566' title='bbox 1500 2622 1521 2646; x_wconf 86' lang='lat' dir='ltr'>l.</span> <span class='ocrx_word' id='word_1_567' title='bbox 1595 2619 1612 2649; x_wconf 72' lang='lat' dir='ltr'>f)</span> <span class='ocrx_word' id='word_1_568' title='bbox 1633 2622 1696 2643; x_wconf 70' lang='lat' dir='ltr'>Data</span> <span class='ocrx_word' id='word_1_569' title='bbox 1720 2619 1740 2642; x_wconf 90' lang='grc'>1.</span> 
     </span>
     <span class='ocr_line' id='line_1_55' title="bbox 122 2662 1740 2702; baseline -0.004 -11"><span class='ocrx_word' id='word_1_570' title='bbox 122 2663 145 2691; x_wconf 75' lang='grc' dir='ltr'>Β)</span> <span class='ocrx_word' id='word_1_571' title='bbox 164 2665 288 2691; x_wconf 81' lang='lat' dir='ltr'>millesimo</span> <span class='ocrx_word' id='word_1_572' title='bbox 307 2668 475 2693; x_wconf 77' lang='lat' dir='ltr'>ducentesimo</span> <span class='ocrx_word' id='word_1_573' title='bbox 494 2670 663 2701; x_wconf 78' lang='lat' dir='ltr'>octuagesimo</span> <span class='ocrx_word' id='word_1_574' title='bbox 683 2669 866 2702; x_wconf 77' lang='lat' dir='ltr'>(optnagcsiino</span> <span class='ocrx_word' id='word_1_575' title='bbox 884 2668 910 2701; x_wconf 87' lang='lat'>3)</span> <span class='ocrx_word' id='word_1_576' title='bbox 930 2669 1009 2701; x_wconf 76' lang='lat' dir='ltr'>primo</span> <span class='ocrx_word' id='word_1_577' title='bbox 1029 2668 1052 2693; x_wconf 70' lang='lat'>2.</span> <span class='ocrx_word' id='word_1_578' title='bbox 1072 2669 1101 2697; x_wconf 69' lang='lat'>33</span> <span class='ocrx_word' id='word_1_579' title='bbox 1120 2668 1271 2693; x_wconf 61' lang='lat' dir='ltr'>MCCLXXI</span> <span class='ocrx_word' id='word_1_580' title='bbox 1292 2666 1314 2690; x_wconf 75' lang='grc'>4.</span> <span class='ocrx_word' id='word_1_581' title='bbox 1386 2666 1410 2693; x_wconf 75' lang='lat'>¹¹)</span> <span class='ocrx_word' id='word_1_582' title='bbox 1431 2674 1496 2690; x_wconf 65' lang='lat' dir='ltr'>nona</span> <span class='ocrx_word' id='word_1_583' title='bbox 1515 2665 1538 2689; x_wconf 58' lang='grc' dir='ltr'>ἶ),</span> <span class='ocrx_word' id='word_1_584' title='bbox 1558 2664 1581 2688; x_wconf 83' lang='grc'>4.</span> <span class='ocrx_word' id='word_1_585' title='bbox 1652 2662 1668 2689; x_wconf 60' lang='grc' dir='ltr'>ἰ)</span> <span class='ocrx_word' id='word_1_586' title='bbox 1683 2671 1740 2685; x_wconf 67' lang='lat' dir='ltr'>vern</span> 
     </span>
     <span class='ocr_line' id='line_1_56' title="bbox 122 2706 260 2733; baseline 0.029 -4"><span class='ocrx_word' id='word_1_587' title='bbox 122 2706 179 2732; x_wconf 79' lang='lat' dir='ltr'>add.</span> <span class='ocrx_word' id='word_1_588' title='bbox 197 2707 219 2732; x_wconf 84' lang='lat'><strong>3.</strong></span> <span class='ocrx_word' id='word_1_589' title='bbox 237 2708 260 2733; x_wconf 88' lang='grc'>4.</span> 
     </span>
    </p>
   </div>
   <div class='ocr_carea' id='block_1_13' title="bbox 124 2749 1732 2873">
    <p class='ocr_par' dir='ltr' id='par_1_16' title="bbox 124 2749 1732 2873">
     <span class='ocr_line' id='line_1_57' title="bbox 218 2749 1732 2788; baseline -0.004 -12"><span class='ocrx_word' id='word_1_590' title='bbox 218 2749 280 2777; x_wconf 78' lang='grc'><strong>266.</strong></span> <span class='ocrx_word' id='word_1_591' title='bbox 299 2752 321 2784; x_wconf 73' lang='lat'>⁹⁴)</span> <span class='ocrx_word' id='word_1_592' title='bbox 339 2753 467 2785; x_wconf 69' lang='lat' dir='ltr'>inscriptio</span> <span class='ocrx_word' id='word_1_593' title='bbox 486 2755 512 2779; x_wconf 75' lang='lat' dir='ltr'>iu</span> <span class='ocrx_word' id='word_1_594' title='bbox 530 2756 551 2779; x_wconf 92' lang='lat' dir='ltr'><strong>O</strong></span> <span class='ocrx_word' id='word_1_595' title='bbox 570 2760 691 2788; x_wconf 72' lang='lat' dir='ltr'>corrupta</span> <span class='ocrx_word' id='word_1_596' title='bbox 709 2759 758 2785; x_wconf 73' lang='lat' dir='ltr'>ese5</span> <span class='ocrx_word' id='word_1_597' title='bbox 781 2755 913 2787; x_wconf 69' lang='lat' dir='ltr'>leyendnm</span> <span class='ocrx_word' id='word_1_598' title='bbox 930 2754 1013 2786; x_wconf 76' lang='lat' dir='ltr'>polius</span> <span class='ocrx_word' id='word_1_599' title='bbox 1034 2754 1234 2783; x_wconf 70' lang='lat' dir='ltr'>marchionibus,</span> <span class='ocrx_word' id='word_1_600' title='bbox 1260 2753 1404 2777; x_wconf 73' lang='lat' dir='ltr'>comitibus.</span> <span class='ocrx_word' id='word_1_601' title='bbox 1431 2751 1568 2775; x_wconf 65' lang='lat' dir='ltr'>nubilibus.</span> <span class='ocrx_word' id='word_1_602' title='bbox 1588 2749 1732 2773; x_wconf 65' lang='lat' dir='ltr'>civitatibus</span> 
     </span>
     <span class='ocr_line' id='line_1_58' title="bbox 124 2794 408 2826; baseline 0.014 -8"><span class='ocrx_word' id='word_1_603' title='bbox 124 2795 147 2816; x_wconf 74' lang='lat' dir='ltr'>et</span> <span class='ocrx_word' id='word_1_604' title='bbox 164 2794 259 2826; x_wconf 79' lang='lat' dir='ltr'>populis</span> <span class='ocrx_word' id='word_1_605' title='bbox 278 2796 408 2822; x_wconf 83' lang='lat' dir='ltr'>universis.</span> 
     </span>
     <span class='ocr_line' id='line_1_59' title="bbox 220 2836 573 2873; baseline -0.006 -5"><span class='ocrx_word' id='word_1_606' title='bbox 220 2836 244 2868; x_wconf 82' lang='lat'>1)</span> <span class='ocrx_word' id='word_1_607' title='bbox 266 2836 304 2872; x_wconf 75' lang='lat' dir='ltr'><strong><em>Cs&#39;·</em></strong></span> <span class='ocrx_word' id='word_1_608' title='bbox 322 2846 406 2871; x_wconf 77' lang='lat' dir='ltr'>supra</span> <span class='ocrx_word' id='word_1_609' title='bbox 421 2848 450 2873; x_wconf 77' lang='lat'>1).</span> <span class='ocrx_word' id='word_1_610' title='bbox 462 2844 493 2866; x_wconf 73' lang='grc'>64</span> <span class='ocrx_word' id='word_1_611' title='bbox 511 2848 538 2866; x_wconf 75' lang='lat' dir='ltr'>n.</span> <span class='ocrx_word' id='word_1_612' title='bbox 551 2843 573 2866; x_wconf 68' lang='grc' dir='ltr'>ἑ).</span> 
     </span>
    </p>
   </div>
   <div class='ocr_carea' id='block_1_14' title="bbox 1489 2876 1537 2902">
    <p class='ocr_par' dir='ltr' id='par_1_17' title="bbox 1489 2876 1537 2902">
     <span class='ocr_line' id='line_1_60' title="bbox 1489 2876 1537 2902; baseline -0.042 0"><span class='ocrx_word' id='word_1_613' title='bbox 1489 2876 1537 2902; x_wconf 64' lang='lat'>3:3³³</span> 
     </span>
    </p>
   </div>
  </div>
 </body>
</html>
