2259 3116
274 871 291 890 ll
308 876 338 890 nr.
350 873 386 890 <loo

311 902 328 917 c.
341 898 359 916 3.

414 168 474 196 550
807 163 936 189 ADOLFI
959 162 1062 188 REGIS
1082 162 1406 188 CONSTITUTIONES.
1445 161 1518 187 1298.
1556 161 1675 187 N1·.5S9.

412 255 447 281 ut
481 251 647 291 parvun11,
684 250 757 290 quia
791 260 852 279 non
889 254 937 279 est
970 259 1180 289 personarum
1215 249 1364 289 acccpcio
1400 247 1486 288 apud
1514 246 1650 278 Deum2.
1703 247 1894 278 Presidente
1922 259 2065 290 namque,

414 303 545 333 rationis
575 302 709 342 imperio
738 301 829 331 sedet
858 301 888 330 in
918 301 1066 331 examine
1090 301 1233 331 veritatis
1264 311 1320 341 pro
1346 299 1495 330 tribunali
1520 299 1645 329 iusticia
1669 302 1701 329 et
1724 299 1812 339 quasi
1838 309 1896 330 rex
1926 300 1958 330 in
1981 300 2058 331 solio

412 354 541 384 ίιιᾶίαίί3
565 353 738 391 rectitudo,
772 352 811 382 de
836 352 924 383 cuius
948 362 1002 382 ore
1027 351 1172 392 procedit
1196 351 1322 392 gladius
1345 351 1394 381 bis
1414 351 1557 385 acutus&
1583 351 1671 381 cuius
1695 351 1796 381 eciam
1813 354 1944 391 aspectu
1968 352 2058 382 terri—

414 406 468 435 bili
492 406 621 446 proprie
646 404 817 435 voluntatis
842 403 1014 444 dissipatur
1037 403 1203 434 arbitrium
1227 402 1448 443 reproborum,
1473 402 1547 443 quia
1571 402 1685 432 noxius
1709 402 1872 442 appetitus
1896 403 1962 433 sine
1986 413 2058 443 per-

413 468 562 487 sonarum
587 456 735 486 delectub
759 455 816 486 sub
840 456 916 486 iuris
941 455 1054 495 regula
1077 455 1240 485 limitatur.
1286 454 1358 485 Hee
1383 454 1466 484 enim
1497 454 1598 484 eterni
1627 454 1686 484 fuit
1710 453 1914 494 providencia
1938 454 2058 495 iudicis,

414 509 453 539 ‹le
479 509 567 538 cuius
591 507 680 538 vultu
705 512 791 537 recta
815 506 934 537 iudicia
959 506 1117 546 prodeunt
1127 507 1149 540 ⁵,
1173 509 1208 536 ut
1231 506 1309 536 recti
1333 505 1455 536 iudices
1479 505 1675 546 eligerentur
1696 505 1728 535 in
1753 505 1841 545 orbe,
1866 506 1918 546 qui
1943 509 2059 537 terram

415 560 571 593 indicent,
605 559 762 589 iusticiam
796 558 944 598 diligant,
981 558 1155 598 orphanos,
1188 557 1325 598 pupillas
1354 560 1386 587 ct
1415 556 1526 587 viduas
1551 556 1726 587 defendant
1758 559 1790 587 et
1820 567 1954 597 quorum
1978 558 2059 588 oculi

414 612 585 652 respiciant
613 611 798 651 equitatem.
852 609 923 640 Hec
948 609 1100 650 profecto
1118 609 1212 640 velud
1236 608 1298 639 Dei
1329 612 1538 643 testamento,
1574 613 1655 648 quoc
1678 608 1759 638 filios
1786 608 1949 639 hominum
1973 614 2059 639 recte

415 663 577 693 iudicarefi
602 663 704 697 iussit,
737 672 795 702 per
818 661 903 702 quod
927 661 1021 691 fedus
1045 661 1175 691 lmmani
1199 661 1326 701 generis
1350 661 1380 690 in
1404 660 1635 700 tranquillitate
1661 660 1817 699 consistit,
1848 659 2059 691 sollicitudine

415 715 501 756 vigili
525 725 561 744 ac
587 714 731 754 diligenti
755 713 860 743 studio
885 716 956 743 sunt
979 723 997 742 a
1023 713 1142 742 cunctis
1166 712 1257 743 firma
1281 711 1456 742 stabilitate
1481 711 1645 742 servanda.
1686 711 1768 742 Nam
1792 721 1907 752 pacem
1923 712 2059 752 pariunt,

414 766 605 797 modestiam
629 766 780 801 nutriunt,
804 776 861 795 sua
885 765 1054 805 unicuique
1080 774 1162 805 equo
1186 764 1354 794 libramine
1379 764 1534 800 tribuunt,
1558 764 1743 794 iniuriarum
1767 764 1936 794 materiam
1959 765 2059 805 repri-

414 822 511 858 munt,
537 818 760 858 delinquentes
783 817 928 858 puniunt,
954 816 1090 847 alterum
1114 815 1179 846 ledi
1202 816 1243 846 ab
1269 816 1370 846 altero
1394 826 1457 845 non
1480 816 1678 856 permittunt.

523 880 550 909 2.
576 878 660 908 Sane
685 888 756 908 eum
779 888 837 907 nos
861 882 935 916 apud
952 877 1189 907 serenissimum
1214 876 1377 906 dominum
1394 875 1547 905 Adolfum
1566 876 1753 916 precipuum
1777 876 1953 916 principem
1970 886 2060 906 secu-

414 932 513 961 larem
543 944 592 968 pro
623 930 798 960 communis
826 934 911 967 pacis
940 929 1179 967 observatione,
1216 938 1272 968 pro
1303 938 1431 958 suorum
1462 927 1646 958 defectuum
1680 927 1925 967 emendacione,
1962 927 2059 958 delic-

415 988 516 1012 torum
542 982 743 1012 correccione
767 992 890 1012 necnon
914 991 1042 1011 suorum
1068 990 1258 1011 excessuum
1283 979 1440 1020 condigna
1463 979 1699 1014 satisfaccione,
1728 983 1843 1010 monitis
1866 978 2057 1010 salutaribus
2089 991 2098 1008 τ.

414 1042 442 1064 et
466 1047 577 1072 precum
602 1047 785 1064 curaremus
811 1044 881 1063 cum
907 1032 1082 1063 devocione
1113 1031 1223 1062 debita.
1246 1036 1377 1062 insistere
1402 1035 1534 1067 lenitate,
1566 1035 1638 1062 idem
1664 1031 1812 1071 princeps
1836 1041 1855 1061 a
1879 1030 1970 1061 nobis
1997 1041 2059 1061 non

415 1085 513 1116 semel
539 1088 675 1121 tantum,
704 1086 760 1116 sed
784 1086 891 1126 sepius
915 1085 1078 1115 humiliter
1102 1085 1301 1115 conmonitus
1325 1087 1357 1114 et
1381 1083 1512 1121 devote,
1536 1087 1689 1113 Pharaonis
1714 1087 1848 1113 duriciam
1872 1087 2008 1113 imitans
2032 1090 2060 1114 et

415 1142 550 1168 obturans
578 1150 654 1167 more
682 1142 786 1175 aspidis
815 1150 895 1167 aures
925 1150 988 1167 snas
999 1137 1019 1172 7,
1055 1149 1151 1174 preces
1176 1139 1335 1166 huiusmodi
1359 1141 1387 1165 et
1411 1134 1552 1165 salubria
1576 1139 1684 1165 monita
1711 1139 1787 1165 elata
1810 1138 2003 1165 obstinacione
2026 1148 2057 1166 ac

415 1193 559 1219 obstinata
582 1193 706 1219 elacione
730 1193 866 1227 despexit.
916 1193 1034 1226 Propter
1057 1192 1131 1225 quod
1156 1200 1211 1218 non
1236 1191 1362 1218 valentes
1387 1191 1493 1224 absque
1516 1191 1596 1225 gravi
1620 1190 1724 1216 Christi
1748 1190 1853 1216 offensa
1877 1191 1935 1217 eius
1959 1191 2057 1225 iniqui-

416 1246 490 1270 tates
506 1245 625 1278 amplius
647 1245 791 1272 tollerare.
816 1244 941 1278 cogimur
965 1239 1091 1269 stimulo
1114 1239 1266 1279 proprie¹5
1291 1242 1477 1269 consciencie
1501 1251 1551 1268 nos
1575 1244 1692 1276 urgente
1714 1242 1787 1268 iuste
1811 1242 1963 1278 quantum
1985 1238 2059 1269 lieet

417 1296 639 1323 animadvertere
664 1297 692 1322 in
716 1297 846 1322 eundem:

521 1357 540 1382 Ι.
565 1351 639 1392 Ipso
665 1361 803 1392 namque
827 1353 993 1391 regnante,
1065 1353 1100 1380 ut
1123 1349 1162 1380 de
1188 1350 1303 1380 ceteris
1328 1350 1395 1380 eius
1421 1349 1603 1380 criminibus
1628 1353 1801 1385 taceamus,
1826 1350 1905 1381 sicut
1929 1351 1991 1382 heu
2015 1351 2059 1382 rei

482 1403 647 1433 evideneia
672 1406 703 1433 et
727 1403 902 1433 communis
927 1402 1048 1432 clamor
1072 1401 1182 1442 populi
1206 1401 1382 1431 ascendens
1406 1402 1436 1431 in
1462 1401 1565 1431 celum
1590 1412 1660 1432 cum
1678 1401 1851 1442 gemitibus
1876 1406 1908 1433 et
1923 1402 2059 1434 lacrimis

480 1454 520 1485 de
545 1454 596 1485 die
621 1455 651 1485 in
676 1454 759 1485 diem
786 1455 933 1484 continue
959 1453 1174 1492 manifestant,
1242 1454 1289 1483 ius
1314 1453 1476 1493 publicum
1501 1453 1560 1483 sibi
1584 1452 1827 1493 gubernandum
1852 1453 1960 1495 gladio
1978 1457 2058 1485 tem-

481 1506 581 1546 porali
606 1507 809 1536 commissum
833 1507 864 1536 in
888 1506 985 1535 sacris
1009 1505 1230 1536 sacerdotibus
1255 1508 1287 1535 et
1310 1505 1550 1545 magistratibus
1574 1516 1631 1546 per
1654 1505 1757 1545 ipsum
1783 1509 1815 1535 et
1837 1516 1920 1543 suoS,
1945 1506 2058 1537 laxatis

480 1558 575 1587 frenis
603 1557 643 1588 ad
673 1558 796 1596 illicita,
827 1557 1066 1596 miserabiliter,
1098 1557 1183 1597 quod
1217 1556 1362 1587 dolentes
1392 1556 1599 1598 proferimuS,
1631 1557 1745 1587 nostris
1774 1557 1971 1598 temporibus
1997 1557 2058 1589 Dei

482 1610 594 1640 timore
619 1611 795 1650 postposito
821 1609 1004 1640 vulneratur
1020 1609 1112 1643 adeo,
1138 1608 1223 1649 quod
1247 1608 1323 1639 facti
1340 1609 1476 1649 qualitas
1502 1612 1533 1639 et
1550 1609 1737 1650 gentilitatis
1761 1609 1923 1649 pretendit
1938 1609 2058 1640 rabiem

481 1665 513 1692 et
536 1661 630 1691 iidem
657 1661 782 1691 videtur
806 1660 969 1691 offendere
996 1660 1209 1699 christianam,
1278 1661 1426 1701 quoniam
1452 1671 1512 1701 -per
1540 1661 1643 1701 ipsum
1673 1664 1705 1691 et
1733 1671 1806 1691 suos
1830 1661 2004 1692 maximum
2028 1662 2058 1691 in

480 1713 542 1743 Dei
566 1713 702 1744 ecclesia
726 1717 975 1752 sacramentum,
999 1712 1150 1743 videlicet
1174 1723 1289 1753 corpus
1314 1712 1433 1743 domini
1463 1713 1561 1743 nostri
1584 1712 1681 1743 Jhesu
1706 1712 1836 1751 Christi,
1861 1713 1892 1743 in
1916 1712 2057 1753 pluribus

481 1765 624 1795 ecclesiis
648 1766 861 1795 irreverenter
885 1769 917 1795 et
941 1765 1098 1795 violenter
1122 1764 1271 1803 effractis,
1296 1764 1380 1805 quod
1406 1764 1598 1795 horrendum
1624 1768 1671 1795 est
1695 1765 1837 1805 cogitare
1863 1768 1895 1795 et
1917 1768 2055 1795 tremen-

482 1816 554 1846 ‹lum
581 1816 689 1847 videre
714 1817 782 1846 tieri
806 1817 914 1852 tacito,
939 1816 979 1846 de
1003 1819 1076 1846 actu
1100 1816 1359 1856 nephandissimo
1385 1816 1526 1856 acceptis
1550 1815 1697 1856 capsellis
1714 1816 1866 1856 proicitur
1889 1826 1950 1846 non
1967 1816 2059 1846 aliter

482 1878 575 1907 quam
593 1878 643 1897 res
660 1868 826 1908 prophana
843 1867 1103 1908 ‹piandoquidem
1121 1878 1217 1908 super
1233 1871 1361 1898 terram.
1402 1867 1594 1898 Sacerdotes
1611 1868 1707 1898 etiam
1730 1871 1762 1898 et
1778 1868 1834 1898 viri
1853 1868 2058 1898 ecclesiastici

482 1926 513 1948 et
541 1919 695 1959 religiosi,
729 1924 763 1949 ut
790 1919 829 1950 de
859 1919 947 1950 laicis
978 1923 1010 1949 et
1040 1919 1234 1959 pauperibus
1265 1922 1441 1955 taceamus,
1478 1919 1517 1949 ad
1546 1918 1607 1949 Dei
1637 1919 1806 1950 ecclesiam
1841 1919 1999 1960 fugientes
2028 1920 2058 1949 in

481 1981 576 2000 corim
611 1971 719 2001 altaris
754 1971 869 2001 ablatis
905 1971 1056 2001 calicibus
1092 1974 1124 2001 et
1159 1970 1383 2001 ecclesiasticis
1419 1971 1614 2001 ornamentis
1643 1971 1739 2001 etiam
1770 1971 1848 2001 intra
1883 1971 2058 2001 divinorum

482 2022 586 2051 officia
610 2033 710 2062 usque
735 2023 774 2052 ad
800 2023 967 2053 femoralia
991 2023 1177 2063 spoliantur,
1202 2022 1358 2052 ceduntur
1382 2026 1414 2052 et
1438 2022 1696 2062 quandoquidem
1722 2022 1923 2061 occiduntur,
1947 2022 2058 2052 altaria

482 2073 691 2112 denudantur,
716 2074 904 2114 baptisteria
921 2074 1162 2115 confringuntur
1186 2077 1219 2104 et
1236 2074 1371 2104 ecclesie
1388 2073 1609 2111 incenduntur,
1634 2074 1729 2104 rebus
1746 2073 1865 2104 ibidem
1883 2083 2058 2114 pauperum

482 2129 513 2155 et
537 2125 667 2155 divitum
694 2135 789 2155 causa
813 2125 928 2165 refugii
953 2126 1064 2166 positis
1087 2136 1166 2155 ausu
1190 2125 1345 2165 sacrilego
1370 2125 1548 2165 asportatis,
1578 2125 1699 2155 iudices
1724 2126 1825 2156 ceiam
1853 2124 2059 2156 ecelesiastici

483 2180 514 2207 et
548 2178 752 2215 magistratus
789 2188 843 2217 pro
879 2178 1002 2207 iusticia.
1032 2177 1156 2207 reddita
1193 2177 1433 2217 querelantibus
1468 2187 1525 2217 per
1560 2177 1705 2207 iniuriam
1742 2178 1928 2217 puniuntur,
1968 2176 2056 2218 probi

482 2239 608 2268 qnoque
643 2228 827 2258 sacerdotes
862 2229 1012 2258 canonice
1051 2230 1138 2258 iuxta
1174 2239 1296 2258 morem
1331 2228 1582 2258 ecclesiasticum
1619 2239 1675 2269 per
1709 2229 1849 2259 locorum
1885 2228 2056 2259 ordinarios

483 2279 612 2309 instituti
647 2280 840 2312 deiciuntur,
871 2280 940 2309 aliis
965 2280 1155 2315 inhonestis,
1191 2279 1231 2309 de
1257 2290 1389 2320 quorum
1415 2279 1619 2309 ordinacione
1644 2291 1705 2310 non
1731 2283 1867 2315 constat,
1901 2280 1931 2310 in
1955 2279 2056 2310 locum

483 2341 591 2360 eornm
618 2332 728 2370 positis
753 2343 808 2371 per
832 2331 963 2361 abusum
989 2331 1069 2361 laice
1095 2331 1272 2371 potestatis.

524 2396 556 2420 ll.
585 2391 715 2431 insuper
740 2392 858 2421 infinita
880 2391 942 2421 alia
965 2391 1182 2422 lamentabilia
1205 2392 1370 2425 forefacta,
1395 2402 1456 2432 qne
1474 2392 1515 2422 ad
1533 2391 1660 2432 plenum
1678 2393 1795 2432 scripto
1813 2392 1862 2422 vel
1879 2401 2058 2422 sermonum

482 2442 565 2472 foliis
595 2443 746 2482 explicari
779 2453 838 2472 non
868 2446 1032 2482 poterunt,
1067 2444 1302 2473 conmittuntur.
1350 2443 1499 2483 Virgines
1533 2444 1614 2474 enim
1642 2444 1844 2484 impudenter
1874 2444 1903 2473 in
1927 2445 2055 2483 aspectu

482 2500 646 2533 parentum
677 2498 872 2533 stuprantur.
905 2493 998 2523 vidue
1031 2494 1243 2524 continentes.
1279 2495 1448 2535 coniugate
1479 2499 1510 2525 ot
1534 2495 1666 2525 honeste
1696 2495 1845 2525 mulieres
1869 2492 2056 2525 clamoribus

482 2544 593 2574 validis
619 2548 650 2573 et
674 2544 839 2574 conatibus
865 2545 1052 2583 renitentes,
1083 2546 1204 2575 maritis
1229 2549 1260 2575 et
1284 2547 1526 2587 consanguineis
1551 2547 1652 2577 eciam
1678 2546 1934 2587 respicientibus,
1955 2546 2055 2585 impu-

481 2595 612 2625 dens-ius
637 2596 865 2636 olqurimuntur.
905 2595 952 2625 1)‹·
979 2606 1111 2635 quorum
1138 2596 1246 2627 debita
1272 2597 1501 2628 ememlzu‘done
1527 2609 1596 2628 cum
1622 2601 1730 2628 eontra
1754 2608 1827 2627 suos
1844 2596 2002 2638 prefectos
2025 2600 2055 2625 et

520 2681 584 2706 5⁸9.
606 2681 628 2709 ¹³]
648 2683 730 2706 deletu
751 2692 770 2706 ι·.
858 2687 880 2703 ‹⁸›
900 2691 963 2713 quos
982 2692 1001 2705 1⁴.

522 2752 543 2775 l·
567 2750 606 2779 (γ’.
629 2749 704 2774 ΗΜΛ.
729 2755 746 2777 1,
761 2754 791 2775 17.
880 2752 905 2774 ’.Μ
925 2754 946 2775 ·.¹.
962 2750 1024 2775 Pur,
1041 2754 1107 2781 1127,
1201 2752 1227 2781 3)
1248 2752 1288 2782 (γ’.
1312 2751 1385 2777 Ιί-ιιι·,
1405 2756 1446 2783 21),
1457 2758 1479 2777 δ.
1570 2753 1594 2776 4)
1616 2752 1656 2782 (γ’.
1676 2752 1754 2783 Apoc.
1779 2757 1810 2782 lte,
1826 2755 1852 2776 15
1870 2752 1892 2775 ct
1912 2749 1986 2774 Pror.
2000 2750 2054 2778 λεί·

417 2793 429 2813 ἰ
463 2793 501 2821 (Ἰζ
526 2792 564 2817 Ι’.<.
589 2797 654 2818 Ιῐῐ,·.).
743 2794 768 2818 ⁰5)
793 2792 835 2817 loli
854 2796 923 2818 ‚iss-¹.
1015 2793 1038 2817 ἷι
1063 2793 1103 2818 l's.
1125 2797 1164 2824 517,
1178 2798 1197 2818 -“ι.
1287 2797 1312 2819 ³1
1336 2794 1361 2819 V.
1382 2796 1456 2825 infra
1476 2805 1495 2820 ι’.
1512 2798 1534 2820 3.

2079 725 2102 744 10

2076 1250 2101 1268 20

2077 1515 2100 1534 ‘25

2074 1775 2097 1793 ³0

2075 2031 2098 2049 :55

2075 2289 2099 2307 40

2074 2554 2084 2571 ὁ
2087 2553 2097 2571 5
