2259 3164
504 178 658 205 RUDOLFI
677 178 780 204 REGIS
799 178 1117 205 CONSTITUTIONES.
1156 180 1229 206 1283.
1266 181 1312 206 Nr.
1325 182 1381 206 358.
1395 182 1452 208 359.
1730 186 1788 215 343

166 268 275 297 nostra
299 268 332 296 et
355 265 394 295 ad
418 265 557 306 bampna
582 264 774 306 imponenda
805 268 836 295 ct
860 266 1020 306 exigenda
1048 269 1079 297 et
1106 266 1145 296 ad
1175 268 1351 298 sententias
1377 269 1524 300 ferendas
1552 273 1583 300 et
1611 270 1649 300 ad
1679 272 1788 312 appel-

165 318 300 348 lationes
325 317 524 358 recipiendas
557 320 589 348 et
621 317 877 357 cognoscendum
909 316 948 347 de
978 318 1250 359 appellationibus
1280 323 1312 350 et
1341 320 1380 350 ad
1409 322 1514 351 omniu.
1542 322 1735 362 generaliter
1759 326 1791 353 et

164 369 358 411 specialiter,
383 379 444 410 que
469 369 498 399 in
523 368 678 410 predictis
703 372 734 399 et
758 369 842 399 circa
866 369 1011 410 predicta
1035 369 1152 400 fuerint
1176 371 1373 408 necessaria,
1403 373 1494 403 utilia
1519 384 1575 403 seu
1600 376 1790 414 opportuna,

164 425 195 453 et
218 421 257 452 ad
280 420 387 451 omnia
411 421 506 452 etiam
531 424 563 451 et
588 420 728 461 singula,
758 421 789 450 in
818 421 932 461 quibus
968 421 1153 452 mandatum
1185 423 1355 462 requiritur
1379 423 1536 464 speciale,
1566 428 1598 454 et
1621 425 1661 455 ad
1685 426 1791 456 onmia

126 485 136 502 n
165 473 360 515 generaliter
387 476 420 503 et
450 473 647 514 specialiter,
681 472 721 503 ad
746 483 806 513 que
838 483 895 503 nos
926 484 944 503 a
978 473 1119 513 predicto
1151 473 1275 504 domino
1310 485 1387 514 rege
1420 475 1537 505 fuimus
1566 477 1730 507 constituti
1760 480 1791 507 et

115 743 138 761 10

115 1003 136 1021 15

117 1921 141 1940 ³0

119 2178 141 2197 35

122 2787 147 2806 40

165 525 311 563 ordinati,
336 527 371 555 ut
394 525 461 565 ipse
479 524 626 555 dominus
643 523 849 555 Diethalmus
874 525 980 555 onmia
1005 528 1035 554 ct
1059 524 1188 565 singula
1211 525 1313 566 possit
1330 526 1446 560 facere.
1471 537 1567 567 agere
1592 531 1624 558 ct
1641 529 1790 569 experiri,

164 587 224 618 que
247 587 303 607 nos
327 576 434 607 facere
459 586 645 618 possemus,
669 576 695 606 si
719 586 861 606 essemus
887 575 917 606 in
942 576 1108 617 provincia
1132 575 1247 607 Tuscie
1273 577 1448 607 constituti.
1496 578 1617 609 Damus
1641 580 1669 610 ci
1694 581 1790 610 etiam

162 630 355 669 potestatem
379 628 594 659 constituendi
619 630 857 669 procuratorem
889 631 921 658 et
944 631 1166 669 procuratores
1196 628 1235 659 ad
1264 628 1551 660 administrandum
1576 634 1608 660 ct
1632 631 1791 671 agendum

165 682 197 710 et
219 679 455 711 defendendum
480 680 576 710 etiam
600 683 674 711 ante
699 680 786 711 litem
812 682 1035 711 contestatam.
1082 680 1124 710 Et
1154 680 1303 721 quicquid
1332 680 1435 711 dietus
1460 682 1610 719 vicarius,
1640 682 1791 721 sindicus,

164 734 359 773 procurator,
384 734 482 769 actor,
506 731 636 762 nuntius
661 735 693 762 et
716 731 956 763 administrator
980 735 1012 762 ct
1036 732 1227 762 constitutus
1253 743 1310 763 seu
1334 733 1497 763 constituti
1522 734 1561 764 ab
1586 745 1623 764 co
1647 735 1792 773 fecerint,

166 794 223 814 nos
248 783 306 813 tibi
330 783 426 814 Petro
451 783 652 824 infrascripto
677 784 815 821 notario,
847 784 1014 825 stipulanti
1038 784 1107 815 vice
1132 787 1164 815 et
1194 784 1320 814 nomine
1352 784 1427 815 dicti
1456 785 1563 815 vicarii
1594 789 1625 816 ct
1654 788 1792 817 onmium

165 845 296 876 quorum
320 835 462 873 interest,
488 845 543 865 nos
568 838 600 865 et
623 835 727 876 ipsum
744 835 905 866 dominum
931 847 1040 877 regem
1064 836 1187 866 firmum
1214 839 1246 866 et
1268 839 1371 866 ratuni
1397 836 1561 867 habituros
1579 839 1793 878 promittimus

164 885 221 917 sub
239 886 436 927 obligatione
454 887 594 917 omnium
614 887 767 917 bonorum
793 888 917 928 imperii
942 891 973 918 et
997 887 1133 929 predicti
1157 887 1274 918 domini
1299 888 1384 928 regis
1408 891 1439 918 et
1464 892 1653 920 nostrorum.
1689 890 1730 920 Et
1754 890 1793 920 ad

164 937 315 968 maiorem
346 938 528 969 firmitatem
560 941 591 968 et
619 938 750 979 plenum
782 938 878 969 robur
907 950 1041 980 presens
1076 939 1320 969 instrumentum
1351 939 1447 980 sigilli
1478 941 1575 971 nostri
1604 941 1793 982 pendentis³¹

163 989 334 1020 munimine
357 990 492 1020 fecimus
517 990 669 1021 roborari.

268 1041 384 1072 Actum
409 1041 440 1071 in
463 1052 537 1072 aree
563 1041 674 1072 Sancti
697 1041 848 1080 Miniatis,
873 1042 1078 1084 presentibus
1104 1043 1164 1073 hiis
1190 1042 1308 1084 rogatis
1334 1042 1487 1082 testibus,
1512 1044 1635 1074 scilicet
1658 1043 1790 1075 honora-

164 1092 282 1124 bilibus
306 1093 382 1123 viris
406 1092 533 1123 domino
549 1093 694 1124 Iohanne
719 1094 884 1135 preposito
902 1094 1080 1131 'suriceusi,
1106 1094 1232 1125 domino
1251 1094 1400 1126 Guidone
1424 1095 1463 1125 de
1482 1095 1640 1133 Suczaria,
1665 1095 1791 1126 domino

164 1144 304 1186 Rugerio
332 1144 446 1175 Rubeo
486 1144 524 1175 dc
556 1144 730 1175 Adimariis
761 1145 800 1176 de
836 1146 1000 1177 Florentia
1033 1146 1152 1176 vicario
1186 1145 1360 1185 Ficecchii,
1402 1146 1544 1177 Iohanne
1578 1146 1720 1178 Iacobini
1754 1147 1792 1177 de

163 1195 288 1226 Alfanis
311 1195 350 1226 de
374 1195 548 1234 Florentia,
574 1196 701 1228 domino
726 1197 879 1228 Tolomeo
905 1197 944 1228 de
969 1198 1056 1228 Silva
1080 1197 1183 1228 iudice
1208 1197 1247 1228 de
1272 1197 1390 1228 Sancto
1414 1199 1546 1229 Miniate
1570 1202 1602 1229 et
1618 1198 1791 1229 Alchcrolo

164 1247 309 1278 Palastra
326 1247 365 1279 de
383 1247 501 1279 Sancto
514 1248 647 1280 Miniate
666 1252 697 1280 et
715 1249 821 1280 multis
839 1249 916 1281 aliis.
948 1249 984 1280 In
1001 1260 1084 1280 anno
1102 1249 1230 1280 Domini
1248 1249 1529 1290 MCCLXXXHI,
1546 1250 1720 1281 indictione
1734 1250 1792 1289 XI,

163 1310 271 1331 mense
295 1299 380 1339 Maii,
405 1299 455 1331 die
479 1300 639 1331 XXVIII.

638 1444 713 1477 359.
741 1446 979 1477 LITTERAE
1001 1447 1150 1478 REGIs.
1196 1447 1273 1478 Nov.
1292 1450 1319 1478 5.

268 1506 321 1537 Ex
347 1506 447 1537 codem
477 1509 667 1537 mmssmuto
699 1507 759 1537 iam
787 1506 859 1537 olim
887 1507 1049 1545 descripsit
1078 1507 1202 1538 Fici-er.
1250 1507 1361 1538 Denuo
1385 1507 1514 1538 conlnlii
1538 1507 1791 1547 Ihjlder-Eygymz

167 1558 421 1598 Ot‘t7109›·ccplzitmz
441 1558 474 1589 ln
489 1559 634 1589 mimeliis
655 1559 853 1589 incitavimus.
880 1577 917 1581 —
944 1558 1088 1596 Rolnam
1113 1559 1186 1598 lay.
1204 1559 1276 1597 inm.
1295 1559 1348 1597 VI,
1365 1560 1456 1590 1802.
1502 1560 1554 1599 (P.
1580 1559 1686 1594 dccsl.)

269 1653 426 1683 Rudolfus
450 1652 512 1684 Dei
536 1653 640 1694 gratia
663 1653 882 1684 Romanorum
906 1663 963 1683 rex
989 1663 1115 1694 semper
1138 1656 1293 1694 augustus
1318 1653 1475 1684 universis
1508 1653 1685 1693 nobilibus,
1716 1654 1791 1684 civi-

166 1704 294 1741 tatibus,
318 1704 455 1746 oppidis,
481 1705 576 1744 villis,
601 1705 712 1735 castris
737 1707 768 1735 et
794 1715 903 1735 corum
930 1704 1109 1735 rectoribus
1140 1704 1317 1745 ceterisque
1342 1704 1487 1735 omnibus
1519 1705 1583 1736 suis
1613 1709 1645 1736 et
1668 1706 1792 1746 imperii

166 1755 300 1786 Romani
330 1756 478 1787 fidelibus
508 1767 566 1798 per
595 1756 745 1787 Tusciam
775 1760 942 1798 presentes
976 1757 1098 1787 litteras
1131 1757 1322 1798 inspecturis
1355 1757 1491 1797 gratiam
1522 1767 1610 1787 suam
1639 1760 1671 1788 et
1700 1768 1792 1788 omne

165 1806 289 1839 bonum.

270 1859 385 1890 Vestre
402 1859 561 1891 laudande
581 1859 759 1891 devotionis
776 1860 987 1901 prestantiam
1012 1863 1043 1890 et
1067 1860 1141 1891 fidei
1157 1860 1339 1902 puritatem,
1364 1860 1479 1901 quibus
1496 1860 1587 1891 nobis
1612 1863 1645 1891 et
1661 1860 1792 1901 imperio

167 1920 291 1952 semper
313 1914 402 1952 grate
424 1912 517 1952 signa
540 1912 718 1942 constantie
742 1911 1004 1951 demonstrastis,
1034 1912 1097 1942 alto
1128 1912 1258 1942 laudum
1288 1912 1439 1953 preconio
1470 1912 1670 1949 attollentes,
1703 1912 1792 1942 vobis

167 1962 312 1993 omnibus
337 1966 368 1993 et
392 1963 527 2004 singulis
551 1963 756 2004 presentibus
782 1964 926 2005 cupimus
951 1974 1022 1994 esse
1046 1966 1172 2001 notum,
1201 1963 1285 2005 quod
1313 1974 1370 1994 nos
1395 1964 1651 1994 commissionem
1676 1964 1792 1994 factam

166 2013 261 2044 nobili
277 2014 343 2045 viro
360 2014 523 2045 Dithelmo
549 2015 587 2046 de
606 2015 795 2056 Guttingen,
820 2015 935 2046 dilecto
960 2014 1046 2045 fideli
1072 2019 1192 2052 nostro,
1216 2026 1273 2056 per
1296 2015 1513 2046 honorabilem
1538 2016 1640 2046 virum
1656 2015 1792 2055 lt(udol-

166 2064 244 2105 fum)
269 2065 355 2096 curie
379 2069 489 2097 nostre
521 2067 749 2098 cancellarium
774 2066 986 2108 predilectum
1011 2069 1111 2097 ratam
1136 2066 1290 2097 habemus
1320 2070 1352 2098 ct
1375 2071 1499 2108 gratam
1528 2070 1560 2098 ct
1584 2078 1653 2098 eam
1678 2077 1792 2108 appro-

167 2115 278 2147 bamus
302 2128 338 2147 ac
362 2118 521 2158 presentis
549 2119 658 2160 scripti
683 2119 859 2160 patrocinio
884 2118 1118 2149 confirmamus.
1156 2118 1248 2149 Unde
1272 2118 1457 2149 fidelitatem
1480 2122 1618 2149 vestram
1643 2129 1792 2159 rogamus

168 2168 353 2208 plenissimo
379 2180 449 2199 eum
474 2170 610 2209 affectu,
634 2171 723 2211 regia
746 2171 971 2201 nichilominus
995 2170 1087 2201 vobis
1112 2170 1303 2201 auctoritate
1328 2170 1532 2207 mandantes,
1558 2171 1706 2211 quatinus
1732 2170 1791 2200 sibi

168 2229 276 2260 parere
300 2220 436 2252 fideliter
464 2225 495 2252 et
519 2222 636 2253 devote
661 2222 827 2253 intendere
852 2233 907 2264 pro
932 2225 1042 2252 nostra
1067 2221 1247 2252 reverentia
1271 2221 1426 2253 studeatis
1450 2222 1540 2252 iuxta
1565 2221 1791 2252 continentiam

167 2270 351 2310 litterarum,
375 2283 453 2314 quas
477 2273 579 2305 dictus
608 2274 817 2305 cancellarius
842 2277 953 2305 noster
977 2274 1036 2304 sibi
1061 2273 1203 2303 noscitur
1220 2273 1398 2304 tradidisse.
1437 2273 1486 2304 Ob
1503 2274 1561 2304 hoo
1579 2274 1661 2304 enim
1680 2272 1791 2304 vestris

168 2322 351 2353 utilitatibus
375 2326 438 2354 tam
462 2325 680 2356 favorabiliter
706 2326 921 2363 intendemus,
946 2325 1029 2367 quod
1055 2327 1163 2355 nostre
1188 2325 1290 2365 gratie
1314 2325 1546 2367 plenitudinem
1570 2325 1727 2355 sentietis.

270 2373 343 2406 Dat.
368 2375 398 2406 in
422 2376 533 2407 castris
556 2380 629 2408 ante
653 2377 890 2416 Paterniacum,
915 2378 998 2408 Non.
1023 2376 1196 2415 Novenbr.,
1221 2377 1311 2418 regni
1336 2377 1436 2408 nostri
1460 2386 1542 2407 anno
1567 2376 1624 2407 XI.

271 2785 333 2812 358.
352 2787 375 2819 ⁸⁴)
394 2789 438 2814 sub
456 2793 522 2814 lectio
539 2790 627 2814 eadem
645 2799 723 2815 manu
741 2790 882 2821 schplclum
901 2794 931 2815 tr.
